2421 3005
92 119 166 155 401
565 110 786 147 LXXXVIII.

840 107 1128 146 ENARRATIO
1164 105 1450 142 GEORGICON
1486 104 1696 139 vntGlLll.

196 201 258 236 Vs.
279 201 339 237 84.
368 204 473 238 Stare
491 202 558 236 loco
574 202 696 246 nescit]
725 199 879 244 Egregia
905 196 1099 241 descriptio
1126 218 1129 222 ·

89 254 279 290 bellatoris
297 255 393 301 equi.

196 306 258 341 Vs.
275 307 336 341 87.
364 310 412 342 At
430 306 558 349 duplex
575 305 709 349 agitur]
738 304 816 337 Hoc
842 309 893 338 est
918 301 1100 347 peculiare

91 359 265 406 quiddam
283 358 320 392 in
340 358 453 405 equis.
506 356 547 390 In
564 357 649 391 solis
668 357 770 403 equis
798 363 850 390 est
872 354 1101 388 animadver-

90 424 169 446 sum
189 411 371 456 duplicem
397 421 471 444 esse
495 409 637 454 spinam
652 436 662 449 ,
697 409 788 443 sicut
813 408 865 441 illi
888 404 979 440 mihi
1004 405 1102 439 dixe-

89 470 197 505 runt,
227 463 291 509 qui
311 464 609 497 observaverunt.
666 461 836 494 Meminit
861 460 969 493 etiam
994 455 1102 491 huius

89 516 144 550 rei
156 513 410 561 Oppianuss),
440 526 519 547 cum
541 514 677 560 iuquit:
712 511 775 548 καὶ
801 509 906 558 ῥάχις
931 507 1103 556 ἀλιιφίὸυ-

88 575 160 608 μος
175 565 293 608 μέσον
309 564 434 606 ἰσχίον
450 564 752 610 πιαίνουσοιιδᾶ),
781 565 818 597 id
835 571 899 603 est,
927 569 979 597 est
998 561 1103 606 spina

90 614 224 659 duplex
252 613 291 646 in
325 613 446 646 medio
482 625 590 646 coxas
615 619 828 657 grandiores
852 615 1000 648 faciens.

90 663 241 700 homine
258 677 389 709 corpus
414 671 466 699 est
492 665 604 699 veluti
631 673 780 699 truncus
807 663 1009 698 adhaerens
1033 664 1103 708 spi-

89 730 158 752 nae
182 718 301 758 dorsi,
330 723 365 750 et
388 717 426 750 in
450 717 553 762 spina
582 718 680 751 dorsi
708 724 760 752 est
788 718 945 751 medulla
975 716 1103 750 similis

89 777 243 804 naturae
261 769 412 810 cerebri,
430 782 447 802 a
468 782 538 815 qua
555 770 712 803 medulla
731 776 983 815 propagantur
1000 768 1104 802 nervi

89 829 271 856 motuum.
326 821 419 855 Huic
443 821 568 866 spinae
592 833 772 855 annexum
805 829 857 856 est
883 835 922 856 os
947 833 1104 860 sacrum,

91 875 193 909 cuius
211 873 400 908 iuncturae
418 880 548 918 sponte
573 875 810 919 aperiuntur,
848 874 995 920 quando
1025 885 1105 906 mu-

90 927 197 961 lieres
216 927 445 971 parturiunt,
475 932 509 959 et
528 932 613 961 sunt
630 927 781 960 maximi
799 927 945 959 dolores
963 924 1103 970 apertio

90 985 126 1013 et
140 977 297 1013 reclusio
316 977 418 1012 istius
437 978 526 1012 ossis
545 979 649 1014 sacri.

89 1031 174 1065 ferit
191 1028 442 1064 vehementius
462 1037 613 1066 terram.

1062 611 1131 647 In}

767 976 952 1027 Carasque]
984 978 1021 1011 id
1040 983 1105 1017 est,
1131 999 1132 1002 =

195 1082 257 1117 Vs.
284 1082 345 1117 89.
391 1083 556 1129 Pollucis]
590 1083 690 1118 Sicut
712 1083 829 1117 nostri
851 1081 1018 1116 homines
1047 1094 1105 1115 co·
1132 1128 1133 1131 Ἰ

90 1135 239 1169 luerunt
262 1141 427 1169 sanetum
453 1135 651 1180 Georgium
677 1136 833 1181 equitem
849 1162 857 1175 ,
895 1135 944 1169 sic
971 1132 1104 1168 ethnici

92 1187 283 1221 coluerunt
309 1187 497 1221 Castorem
531 1194 565 1220 et
585 1188 793 1223 Pollucem;
835 1200 920 1220 nam
951 1187 1008 1221 isti
1032 1187 1104 1220 duo

90 1240 239 1274 fuerunt
258 1239 346 1272 boni
372 1239 523 1285 equites.
630 1241 824 1286 Amyclaei]
859 1239 895 1273 id
919 1246 990 1280 est,
1026 1239 1106 1273 talis

93 1304 202 1338 eques
216 1291 286 1325 fuit
303 1291 480 1325 Saturnus
493 1319 501 1330 ‚
531 1305 611 1323 cum
630 1293 807 1325 induisset
825 1292 981 1324 formam
1010 1291 1106 1336 equi,

92 1339 339 1388 deprehensus
366 1354 384 1375 a
412 1344 563 1386 coniuge
588 1342 626 1375 in
653 1343 854 1383 adulterio,
897 1344 994 1376 unde
1027 1343 1106 1376 nati

93 1401 177 1429 sunt
193 1393 372 1428 Centauri
396 1407 459 1428 seu
477 1392 696 1440 Philyrides'.
762 1395 903 1428 Fabula
929 1394 1029 1428 varie
1055 1402 1107 1429 θεῖ

93 1453 255 1481 consuta.
317 1444 467 1493 Philyra
497 1447 593 1480 idem
617 1454 688 1489 est,
715 1449 814 1494 quod
839 1447 937 1488 tilia,
974 1454 1008 1482 et
1032 1448 1106 1481 for-

92 1499 194 1534 tassis
218 1498 277 1532 isti
299 1498 472 1533 Centauri
506 1507 589 1534 suut
622 1500 709 1534 dicti
734 1499 963 1546 Philyrides,
1007 1501 1105 1546 quod

92 1551 192 1585 iuxta
218 1549 401 1597 philyras,
437 1552 472 1585 id
498 1559 570 1592 est,
609 1553 645 1586 in
667 1553 777 1599 sylvis
797 1559 1037 1587 exercuerunt
1055 1553 1106 1586 la-

93 1603 260 1638 trocinia.
328 1603 504 1638 Centauri
529 1605 700 1639 dicuntur
730 1618 748 1639 a
785 1607 952 1649 κεντεῒν,
981 1605 1017 1638 id
1043 1612 1106 1646 est,

91 1668 274 1701 pungere,
304 1662 339 1689 et
352 1659 512 1704 ταῦρος,
548 1657 585 1690 id
613 1664 682 1699 est,
718 1665 864 1699 taurus,
903 1658 961 1692 Sie
987 1655 1106 1692 haben

94 1706 171 1742 sich
192 1721 257 1742 aus
275 1708 356 1741 dem
376 1710 572 1755 stegereyff
586 1717 722 1754 genert.

219 1759 258 1794 '⁷s.
282 1759 344 1794 94.
386 1759 526 1809 Pelion]
563 1762 727 1796 Mentem
753 1760 976 1796 Thessaliae.
1037 1762 1107 1796 De-

93 1812 237 1857 scripsit
255 1825 388 1859 equum
410 1813 698 1848 laudatissimum
713 1842 722 1856 ,
750 1822 783 1848 et
800 1827 842 1848 ex
863 1814 924 1848 illo
939 1842 947 1853 ,
976 1815 1108 1861 inquit,

93 1865 201 1898 aliam
221 1865 383 1899 sobolem
405 1878 479 1900 esse
499 1870 779 1910 procreandam.

197 1917 258 1951 Vs.
277 1917 338 1952 96.
367 1916 524 1966 lynosce]
555 1919 591 1952 id
608 1926 679 1959 est,
709 1932 783 1952 non
803 1919 884 1952 ideo
911 1931 1038 1964 parcas
1064 1919 1107 1954 ei.

94 1969 179 2010 quia
199 1971 339 1996 estias-1
360 1981 480 1997 sunca-

199 2014 261 2048 Vs.
282 2015 367 2049 100.
394 2018 573 2050 Incassum
594 2015 700 2061 furii]
730 2016 885 2060 Elegans
911 2017 1107 2061 descriptio
1134 2039 1137 2069 L
1164 2038 1256 2068 quae
1286 2030 1336 2057 est
1362 2021 1626 2068 phlegmatica,
1656 2023 1903 2057 exuberantia.

1134 2106 1135 2121 3
1164 2075 1250 2108 teles
1287 2076 1422 2120 inquit:

94 2066 216 2102 senilis
232 2067 388 2107 suroris,
415 2069 478 2114 qui
496 2074 618 2101 tamen
637 2075 689 2102 est
711 2068 835 2102 irritus
848 2096 856 2109 ,
885 2069 975 2102 sicut
995 2070 1109 2103 Grae-

94 2131 156 2154 cus
171 2120 371 2153 versiculus
389 2127 513 2154 sonat:
544 2120 660 2154 Senex
687 2133 814 2155 amaus
839 2128 998 2155 extrema
1022 2122 1109 2156 stul-

95 2171 174 2205 titia
198 2178 271 2212 est,
301 2178 367 2205 etc.

200 2223 262 2258 Vs.
283 2224 368 2258 101.
411 2226 506 2258 Hinc
528 2222 633 2272 alias]
671 2225 801 2259 Postea
827 2224 865 2257 in
894 2226 1107 2260 educatione

96 2275 294 2309 videndum
323 2282 394 2316 est,
431 2276 493 2321 qui
513 2277 585 2309 sint
612 2276 872 2321 generosiores.
925 2277 973 2312 Es
1002 2276 1108 2322 gehet

95 2326 190 2362 auch
209 2328 267 2361 ein
285 2328 381 2372 pfert
395 2328 511 2362 under
529 2328 645 2362 einem
663 2330 804 2370 besser,
839 2330 891 2363 als
914 2331 1032 2364 under
1060 2331 1108 2365 ei-

95 2391 179 2413 nem
205 2381 378 2414 anderen.
447 2380 547 2414 Sicut
568 2393 680 2426 equus
698 2382 895 2415 Alexandri
921 2383 1105 2417 neminem

97 2438 150 2466 est
182 2445 308 2477 passus
344 2445 541 2473 sessorem,
584 2433 655 2467 nisi
690 2433 808 2478 ipsum
845 2435 1108 2475 Alexandrum,

96 2483 184 2517 item
212 2497 326 2531 equus
346 2484 385 2520 C.
405 2484 588 2525 Caesaris,
625 2492 690 2519 etc.
745 2485 791 2519 Et
815 2494 943 2520 narrat
965 2487 1107 2522 Plinius

99 2537 303 2580 exemplum
331 2538 375 2571 de
400 2539 559 2584 quodam
585 2537 804 2571 Germanico
829 2538 1014 2583 principe,
1045 2540 1107 2586 qui

97 2584 228 2621 habuit
241 2601 396 2634 equum,
425 2596 555 2624 etcum
575 2590 634 2624 ille
661 2590 828 2635 princeps
856 2591 993 2626 occisus
1019 2600 1109 2626 esset

134 2682 166 2715 S)
190 2684 307 2714 Oppian.
325 2685 358 2709 de
377 2687 528 2711 venatione
548 2688 569 2716 1.
592 2688 649 2711 186.
670 2687 721 2711 Ed.
739 2688 899 2711 Schneider.

135 2727 186 2759 8³)
207 2727 301 2759 ἰσχίον
319 2730 502 2760 πιαίιόυσον]
523 2731 564 2755 sic
583 2731 737 2760 Ed.1544.;
772 2731 904 2762 olquam:
931 2731 1009 2764 ἰσχία
1030 2733 1109 2756 rrius-

170 2770 269 2787 νουσα.

138 2803 324 2836 Menum.
344 2805 451 2838 Ormi.
483 2807 569 2839 VoL.
587 2808 677 2839 xlX.

1133 2600 1137 2665 l

2093 102 2169 138 402

1158 197 1193 228 in
1213 194 1375 240 proelio,
1402 196 1518 228 victor
1535 193 1651 227 voluit
1672 192 1911 225 conscendere
1933 201 2087 235 equum,
2117 188 2164 221 ibi

1157 260 1270 294 equus
1290 259 1370 279 eum
1394 247 1549 290 arripuit
1567 252 1601 279 et
1620 243 1841 278 dilaceravit.
1943 241 2050 286 Hinc]
2076 240 2169 274 scili-

1158 307 1211 333 cet
1233 298 1389 335 notabis.

1262 350 1322 384 Vs.
1342 349 1427 384 103.
1462 350 1586 382 [Vonne
1611 351 1716 390 rides]
1749 348 1781 381 id
1809 353 1880 387 cst,
1920 358 2040 379 nonne
2071 345 2169 378 vides

1159 403 1248 436 alios
1267 414 1379 448 equos
1396 401 1475 434 aliis
1495 411 1568 433 esse
1586 401 1847 443 generosiores.

1263 454 1324 488 Υε.
1349 453 1434 488 104.
1465 453 1625 496 carcere]
1656 451 1692 484 id
1710 457 1780 491 est,
1810 457 1918 482 meta.

1264 506 1325 540 Υε.
1348 505 1433 540 106.
1461 505 1615 548 Instant]
1644 504 1678 536 id
1701 509 1770 543 est,
1800 502 1937 545 agitant
1954 512 2077 546 equos.

1263 558 1324 592 ἵε.
1346 558 1429 591 111.
1465 553 1623 603 spumis]
1654 557 1687 589 id
1716 561 1786 595 est,
1824 554 1882 587 ille
1912 565 2036 587 cursus
2064 553 2171 586 sudo-

1159 624 1235 644 rem
1259 611 1339 645 ciet.

1264 663 1324 697 Vs.
1352 662 1437 696 113.
1484 662 1625 694 Primus
1651 659 1909 704 Erichthonius]
1946 658 1999 692 De
2032 658 2170 704 equita-

1159 715 1259 749 tione
1287 722 1321 749 et
1339 713 1582 757 aurigatione.
1641 712 1749 756 Quod
1771 713 1857 745 dicit
1874 709 2170 750 Erichthonium,

1159 768 1287 801 ducem
1311 765 1593 802 Atheniensem,
1632 771 1795 797 autorem
1822 777 1895 798 esse
1923 763 2172 808 aurigationis,

1159 819 1363 853 fabulosum
1384 829 1458 852 esse
1476 816 1611 855 iudico,
1641 815 1724 861 quia
1742 829 1826 849 usus
1844 828 2020 861 equorum
2039 822 2073 849 et
2093 828 2173 849 cur-

1159 884 1268 905 ruum
1300 871 1369 905 fuit
1403 869 1602 915 antiquior.
1673 867 1842 901 Fortasse
1875 868 1955 900 ideo
1991 869 2174 901 finxerunt

1161 936 1242 957 cum
1272 936 1346 958 esse
1372 929 1560 961 autorem,
1603 920 1687 966 quia
1723 921 1878 953 multum
1903 920 2100 953 delectatus
2128 920 2173 954 sit

1161 976 1419 1010 certaminibus
1447 973 1663 1008 currulibus.

1265 1027 1325 1062 Vs.
1354 1026 1437 1062 115.
1488 1026 1714 1070 Pelethronii]
1760 1025 1795 1058 id
1834 1032 1904 1065 est,
1959 1023 2171 1060 Thessalici.

1161 1081 1348 1124 Lapithae]
1378 1079 1628 1125 Equitatiouis
1647 1086 1804 1112 autores.
1848 1077 2013 1111 Fuerunt
2030 1079 2172 1112 vicinae

1161 1140 1282 1175 gentes
1306 1130 1487 1177 Lapithae
1517 1138 1550 1164 et
1577 1130 1772 1170 Centauri,
1811 1136 1846 1163 et
1870 1137 1997 1164 mutuo
2023 1144 2059 1165 se
2087 1144 2173 1164 con-

1161 1192 1395 1230 sumpserunt
1413 1184 1565 1218 assiduis
1582 1183 1694 1217 bellis.
1750 1182 1913 1216 Fuerunt
1933 1190 2053 1217 autem
2082 1184 2174 1217 circa

1161 1244 1326 1282 tempora
1353 1237 1539 1275 Herculis,
1583 1235 1647 1281 qui
1678 1235 1766 1268 vixit
1798 1241 1963 1280 tempore
1986 1236 2175 1276 Samuelis,

1161 1298 1285 1335 postea
1313 1290 1446 1324 bellum
1473 1288 1677 1322 Troianum
1704 1288 1771 1321 suit
1799 1287 1891 1321 circa
1918 1295 2083 1334 tempora
2103 1288 2176 1322 Da-

1162 1343 1266 1376 vidis.
1321 1341 1374 1375 Ex
1392 1340 1447 1376 his
1466 1347 1619 1386 apparet
1636 1353 1739 1374 usum
1761 1353 1938 1386 equorum
1960 1353 2034 1376 esse
2060 1342 2174 1376 multo

1161 1394 1397 1429 vetustiorem
1411 1422 1420 1435 ,
1447 1407 1555 1440 quam
1575 1399 1680 1438 poeta
1700 1394 1813 1438 fingit.

1266 1447 1326 1481 γε.
1347 1448 1433 1482 118.
1475 1450 1620 1492 sterque
1644 1447 1757 1489 labor]
1794 1445 1946 1487 scilicet,
1982 1447 2177 1493 aurigandi

1162 1507 1195 1534 et
1215 1500 1414 1546 equitandi.
1522 1501 1697 1541 Iuveuem]
1726 1499 1861 1532 scilicet
1883 1511 2030 1544 equum.

1267 1552 1326 1586 Vs.
1351 1552 1434 1586 119.
1479 1551 1617 1596 Acrem]
1653 1551 1689 1583 id
1718 1557 1788 1591 est,
1831 1551 2004 1593 celerem,
2049 1551 2177 1586 sinon

1162 1611 1213 1638 est
1231 1605 1391 1642 iuvenis.
1430 1604 1571 1637 etiamsi
1599 1610 1650 1637 est
1673 1603 1776 1637 valde
1803 1616 2018 1648 generosus,
2054 1611 2177 1638 tamen

1161 1655 1253 1691 nihil
1271 1658 1430 1702 prodest.
1529 1658 1750 1703 Eoeqnirunt]
1780 1656 1814 1689 id
1834 1663 1905 1697 θεῖ,
1932 1657 2097 1701 magistri
2115 1670 2177 1690 an-

1162 1710 1320 1743 teferunt
1352 1715 1506 1743 aetatem
1542 1709 1638 1742 iuxta
1673 1709 1929 1752 proverbium:
1982 1709 2053 1743 Ein
2087 1710 2178 1743 alter

1162 1760 1331 1801 reuther,
1362 1762 1420 1795 ein
1439 1762 1527 1795 altes
1546 1763 1640 1806 psert
1658 1768 1762 1805 seynt
1776 1759 1894 1795 nichts
1915 1769 2019 1797 wert.

1268 1814 1328 1848 Vs.
1354 1814 1437 1850 123.
1467 1815 1534 1847 His
1551 1815 1819 1858 animadversis]
1849 1814 1921 1847 Ubi
1942 1815 2090 1860 elegeris
2112 1816 2176 1849 bo-

1162 1881 1249 1901 num
1269 1879 1401 1913 equum
1416 1895 1424 1906 ,
1453 1865 1594 1909 sagines
1614 1878 1708 1898 eum.

1268 1920 1329 1953 Vs.
1351 1918 1435 1955 124.
1464 1920 1581 1952 Denso
1605 1914 1744 1964 pinqui]
1774 1917 1811 1950 id
1836 1925 1905 1959 est,
1943 1919 2176 1964 pinguedine,

1164 1973 1200 2005 in
1227 1984 1297 2018 qua
1323 1972 1368 2005 sit
1395 1973 1504 2005 densa
1531 1983 1638 2011 caro,
1682 1971 1766 2016 quia
1801 1970 1869 2004 alia
1901 1978 1953 2005 est
1980 1973 2176 2017 pinguedo,

1960 2024 2017 2058 Sic
2036 2025 2176 2059 Aristo-

1467 2075 1613 2109 Raritas
1645 2082 1697 2109 θεῖ
1729 2075 1872 2119 signum
1908 2076 2176 2117 imbecillitatis,

1164 2127 1321 2161 densitas
1342 2128 1497 2161 roboris.

1267 2178 1327 2212 Vs.
1347 2180 1432 2213 128.
1474 2181 1688 2223 Inrulide'que
1712 2179 1868 2224 patrum]
1895 2180 2023 2216 Fortes
2052 2195 2176 2217 crean—

1163 2236 1221 2263 tur
1239 2230 1405 2264 sortibus.
1463 2230 1622 2263 Galenus
1642 2229 1728 2262 dicit
1743 2231 1850 2264 etiam
1870 2234 2018 2268 morbos
2043 2247 2176 2280 propa-

1162 2282 1239 2326 gari
1257 2294 1275 2314 a
1296 2283 1509 2327 parentibus
1529 2282 1566 2315 in
1587 2283 1734 2322 liberos,
1763 2283 1853 2317 sicut
1873 2297 1913 2317 ex
1933 2287 2175 2321 comitialibus

1162 2335 1327 2379 patribus
1344 2341 1545 2369 nascuntur
1574 2335 1773 2369 comitiales
1797 2336 1861 2369 filii
1887 2344 2037 2382 propter
2063 2339 2176 2372 imbe-

1163 2387 1346 2420 cillitatem
1371 2387 1520 2420 cerebri.

1267 2438 1327 2472 Vs.
1351 2439 1434 2474 129.
1462 2442 1542 2482 Ipsa
1569 2441 1697 2484 autem]
1723 2439 1849 2486 Equae
1871 2453 1946 2473 non
1974 2448 2057 2474 sunt
2083 2442 2175 2485 sagi-

1162 2492 1327 2529 nandae,
1357 2492 1440 2536 quia
1461 2491 1641 2525 difficilius
1659 2492 1880 2536 concipiunt.
1986 2491 2172 2541 Armenta]

1164 2543 1296 2589 liquas.

1266 2595 1328 2629 Ys.
1350 2595 1434 2629 133.
1463 2597 1546 2631 Cum
1560 2597 1717 2639 yravifer
1738 2592 1867 2642 tunsis]
1896 2595 1970 2628 Alii
1993 2597 2173 2637 dubitant,

1163 2654 1286 2681 utrum
1311 2648 1487 2692 intelligat
1514 2654 1655 2691 tempus
1683 2654 1763 2690 post
1788 2647 1946 2680 medium
1976 2649 2092 2690 diem,
2128 2661 2175 2682 an

1164 2712 1251 2733 vero
1287 2707 1428 2745 tempus
1459 2700 1634 2734 aestivum
1667 2710 1729 2730 seu
1761 2710 1926 2733 vernum.
2002 2700 2086 2735 Non
2123 2707 2175 2734 est

1166 2765 1255 2797 opus
1273 2753 1332 2785 illa
1351 2750 1617 2795 disputatione,
1648 2750 1732 2795 quia
1759 2751 1862 2796 equi,
1901 2751 1965 2784 etsi
1989 2753 2060 2784 sint
2083 2752 2174 2785 sala-

1584 2800 1634 2835 26
