2341 2973
157 101 232 140 235

156 190 249 235 (Str.
265 189 318 236 3.)
346 188 420 223 Nec
444 186 581 221 Musica
607 188 653 234 ²⁰)
683 189 783 224 abest
815 203 834 223 a
866 190 1029 223 moribus
1061 189 1154 234 ipso·
1180 190 1182 205 ³

319 240 490 285 Undique
520 246 603 273 sunt
632 238 733 274 chori
767 241 969 286 virginum,
1009 247 1043 274 et
1075 241 1155 275 soni
1180 265 1182 270 2

155 254 249 274 rum.

154 293 253 337 lyrae
279 297 313 324 et
336 289 577 332 cithararum,
617 298 651 325 et
676 292 804 332 tibiae;
849 299 883 326 et
917 304 1025 327 aurea
1052 293 1154 326 lauro

153 355 272 377 comas
287 342 450 387 ligantes,
475 340 639 376 hilariter
654 344 910 384 convivantur3
943 356 1007 378 nec
1024 344 1155 383 morbi,

153 407 217 427 nec
237 401 399 429 senectus
426 401 509 429 sunt
533 395 571 428 in
596 407 636 428 ea
662 402 788 440 gente,
817 402 851 429 et
876 397 953 431 sine
970 396 1154 429 laboribus

153 453 187 479 et
209 446 285 480 sine
318 447 447 491 pugnis
492 444 593 491 (Ant.
612 446 664 494 3.)
689 445 874 489 habitant,
918 454 952 481 et
978 448 1154 492 effugiunt
1180 469 1181 486 1

151 498 315 531 ultricem
324 498 519 532 ⁴Nemesin.

253 550 310 583 Ad
326 547 423 583 hunc
442 550 630 582 beatorum
654 556 794 584 coetum
817 550 915 584 venit
934 551 1051 585 audax
1068 551 1153 584 Per-

150 613 250 641 seus,
292 602 529 645 praecedente
563 613 649 634 vero
683 601 831 636 Pallade
849 616 857 641 ;
907 609 941 636 et
976 602 1154 636 interfecit

150 653 379 697 Gorgonem,
407 659 441 685 et
464 652 572 685 rediit
596 653 750 688 afferens
776 660 883 699 caput
899 655 1077 688 variatum
1096 666 1152 687 co-

150 705 217 737 mis
235 706 454 743 draconum,
489 703 587 749 quod
602 704 781 748 lapideam
805 712 961 739 mortem
987 706 1151 739 insulari-

148 757 215 789 bus
245 755 384 795 attulit,
427 752 590 800 mihique
627 757 919 792 admirationem.
995 758 1075 803 (Ep.
1094 757 1151 803 3.)

148 806 226 840 Deo
244 813 363 840 autem
383 806 608 851 perficiente,
631 805 722 841 nihil
742 809 949 843 incredibile
967 815 1030 843 est.

250 858 407 892 Remum
438 855 619 899 inhibeto,
649 866 683 892 et
709 859 779 894 cito
805 872 976 894 ancoram
996 860 1094 904 figito
1115 860 1151 892 in

148 917 243 943 terra
261 911 304 943 de
321 922 444 954 prora,
472 922 564 955 quae
583 917 635 944 est
652 912 915 946 munimentum
933 919 1056 945 contra
1076 924 1151 945 sco-

149 962 253 1006 pulos
271 962 422 995 latentes
440 961 477 993 in
495 962 598 996 mari.
625 962 719 996 Nam
736 964 801 998 flos
821 962 1041 1010 hymnorum
1064 963 1151 996 alias

149 1015 195 1046 ad
212 1013 321 1046 alium
340 1025 543 1047 sermonem
562 1021 747 1058 properat,
769 1018 861 1049 sicut
877 1016 964 1060 apis.
994 1015 1085 1060 (Str.
1097 1014 1150 1060 4.)

146 1064 325 1110 Equidem
350 1077 453 1109 spero
480 1062 661 1098 Thessalis
695 1067 787 1100 circa
812 1067 972 1100 Peneum
997 1067 1150 1099 funden—

148 1117 242 1150 tibus
268 1129 386 1149 meam
411 1116 550 1149 dulcem
578 1128 722 1157 vocem,
768 1119 882 1163 magis
908 1118 1150 1151 celebraturos
1176 1114 1177 1117 ¹

148 1181 221 1202 esse
240 1168 459 1202 carminibus
475 1167 689 1213 Hippoclem
710 1168 777 1215 ²¹),
805 1177 845 1204 ut
862 1182 967 1204 curae
985 1170 1029 1203 sit
1048 1181 1150 1202 coae—

148 1220 262 1254 taneis
274 1246 283 1260 ,
305 1226 339 1253 et
354 1220 556 1254 senioribus
572 1226 606 1252 et
622 1220 834 1265 virginibus.
868 1222 1034 1256 Aliorum
1053 1221 1148 1254 enim

149 1272 289 1305 animos
307 1272 369 1304 alii
387 1284 527 1305 amores
545 1272 716 1306 cruciant.

252 1322 353 1368 (Ant.
375 1322 429 1369 4.)
456 1323 547 1356 Cum
572 1330 712 1364 autem,
757 1336 848 1370 quae
884 1330 986 1357 curat
1009 1323 1150 1368 aliquis,

150 1375 191 1408 iis
208 1376 364 1419 potitur,
392 1373 501 1408 habet
520 1375 678 1408 velocem
698 1376 973 1409 delectationem
993 1375 1029 1407 in
1048 1386 1150 1419 prae-

149 1427 274 1460 sentia.
329 1427 431 1472 Quae
457 1433 576 1460 autem
602 1426 639 1459 in
664 1439 761 1461 anno
786 1428 906 1461 futura
932 1433 1033 1466 sunt,
1068 1438 1150 1470 pro-

150 1479 238 1523 spici
259 1491 333 1511 11011
353 1484 514 1522 possunt.

254 1529 404 1563 Confido
432 1530 527 1563 dulci
550 1530 728 1564 amicitiae
746 1528 940 1570 Thoracis,
969 1529 1030 1575 qui
1048 1541 1151 1573 expe-

150 1589 228 1615 tens
250 1594 368 1614 meam
394 1582 704 1623 benevolentiam,
740 1582 856 1615 iunxit
878 1579 975 1615 hunc
1006 1593 1150 1614 currum
1177 1590 1179 1624 j

794 1635 926 1667 ducens
963 1634 1151 1666 ducentem
1177 1627 1179 1645 ¹

149 1632 335 1667 Pieridum
347 1660 355 1674 ,
399 1646 524 1668 amans
549 1640 731 1667 amantem
743 1661 752 1674 ,

151 1685 334 1719 benevole.
397 1684 476 1729 (Ep.
497 1685 549 1731 4.)
578 1686 629 1719 Ut
650 1698 778 1719 aurum
805 1685 924 1729 lapide
948 1683 1064 1729 Lydio
1096 1696 1152 1716 ex-

152 1737 336 1780 ploratur,
366 1736 412 1769 ita
435 1744 468 1770 et
486 1751 586 1771 mens
603 1735 711 1771 habet
734 1749 835 1771 suam
855 1736 1152 1781 explorationem.

152 1788 295 1822 Fratres
313 1788 386 1821 cius
404 1788 510 1821 etiam
528 1790 717 1823 laudamus
729 1816 738 1830 ,
765 1789 825 1834 qui
852 1794 984 1832 augent
1002 1785 1153 1821 Thessa—

153 1841 270 1873 lorum
296 1846 440 1874 statum.
492 1840 586 1875 Nam
610 1841 823 1886 gubernatio
849 1841 886 1873 in
907 1840 1022 1884 patria
1049 1839 1153 1872 1101115

154 1893 404 1924 conuucndata
422 1898 484 1925 est.

556 2011 647 2051 Ode
680 2012 756 2053 XI.

199 2096 254 2127 Th
268 2096 398 2136 rasya'
408 2106 480 2126 ιιιό
500 2095 655 2127 Thebano
670 2107 773 2138 puero
793 2096 911 2128 ric-{ori
933 2095 966 2126 e'n
987 2095 1108 2126 stadio.

264 2179 354 2222 (Str.
376 2177 425 2221 1,)
458 2176 581 2209 Cadmi
611 2178 723 2217 1111110,
758 2178 894 2211 Semele
919 2176 1015 2210 socia
1042 2176 1154 2208 coele-

157 2230 286 2269 stium,
315 2235 344 2261 et
366 2227 428 2260 lno
445 2228 668 2262 marinarum
689 2229 884 2264 Nereidum
902 2228 1010 2268 socia,
1036 2228 1155 2261 adeste

159 2294 237 2315 cum
259 2292 430 2324 generosa
450 2279 610 2313 Herculis
629 2287 763 2322 matre,
801 2282 845 2313 ad
873 2292 1067 2313 aureorum
1094 2280 1156 2312 tri-

160 2334 293 2377 podum
313 2331 514 2376 penetrale,
543 2332 634 2375 apud
652 2332 799 2366 fluvium
818 2331 1031 2372 15111011111111,
1060 2332 1155 2377 quod

159 2385 290 2429 Apollo
321 2383 533 2415 excellenter
562 2380 754 2417 honoravit
774 2411 783 2424 ,
833 2384 932 2429 (Ant.
952 2384 1003 2429 1.)
1033 2389 1067 2416 et
1092 2395 1157 2416 110-

161 2435 312 2468 minavit
339 2434 552 2475 lsmenium,
590 2447 710 2467 veram
740 2437 858 2469 sedem
890 2435 1156 2469 vaticiniorum.

164 2531 222 2538 p..-

197 2595 244 2625 20)
270 2594 386 2626 Musica]
420 2595 459 2617 510
480 2594 563 2619 Editt.
593 2595 686 2620 1558..
719 2595 808 2624 1563.;
844 2596 876 2621 ll.
903 2596 1014 2627 steph„

234 2630 368 2653 noct-ka:
390 2631 467 2652 Musa
489 2630 533 2659 (Σ
556 2629 633 2654 Piud.
654 2629 777 2659 Μοῖσα).

196 2687 245 2719 21)
266 2687 438 2719 Hippoclem]
467 2688 505 2711 siv
526 2688 719 2718 E‹1itt.155a.,
747 2688 838 2717 1553.;
866 2689 967 2720 neynii
987 2691 1013 2714 ct
1033 2688 1161 2714 noct-Muti

233 2723 366 2752 interlin:
388 2723 583 2752 Hippot-team:
604 2723 682 2748 Pina.
699 2721 856 2748 Ἱπποκλία.

1050 2596 1157 2626 nepte,

749 102 874 139 PHIL.
910 103 1023 138 MEL.
1059 101 1260 137 SCRIPTA
1298 102 1636 139 PHILOLOGICA.

1182 2649 1185 2663 1

2138 108 2213 143 236

1314 189 1347 223 O
1372 190 1465 223 filiae
1484 190 1728 231 Harmoniae,
1757 189 1826 223 11110
1852 196 1887 223 et
1908 190 1980 224 iam
2012 192 2212 235 legitimum

1210 242 1408 276 Heroidum
1445 248 1587 276 coetum
1617 243 1810 275 convenire
1844 242 1943 275 iubet
1971 242 2126 287 Apollo,
2167 251 2209 278 ut

1209 292 1365 327 Themin
1385 300 1417 326 et
1436 291 1638 338 Pythonem
1657 301 1690 327 et
1706 293 1916 328 umbilicum
1936 301 2050 328 terrae
2075 295 2207 330 sonetis

1210 346 1312 379 initio
1332 357 1517 389 vesperae:
1561 345 1642 391 (Ep.
1663 346 1712 392 1.)
1739 352 1772 379 et
1793 344 1860 379 hoc
1878 346 2033 380 officium
2050 353 2208 392 praeste-

1208 398 1252 431 tis
1275 395 1429 436 Thebis,
1471 402 1504 429 et
1532 397 1639 440 agoni
1665 395 1844 442 Cyrrhae,
1888 397 1924 430 in
1950 410 2022 444 quo
2050 396 2208 444 Thrasy-

1208 450 1316 483 daeus
1334 455 1504 493 paternos
1522 448 1613 482 lares
1639 449 1793 484 celebres
1816 449 1989 490 reddidit,
2018 450 2209 494 imponens

1208 501 1256 534 eis
1284 500 1409 534 tertius
1443 512 1614 532 coronam
1644 501 1681 533 in
1715 501 1824 534 divite
1857 507 1952 534 terra
1978 501 2138 547 Pyladae
2159 500 2208 548 22)

1208 552 1365 592 vincens,
1384 551 1445 597 qui
1462 551 1529 584 fuit
1544 549 1673 596 hospes
1687 551 2023 593 LaconicIOrestis,
2052 551 2144 600 (Str.
2153 552 2208 599 2)

1178 620 1180 644 3
1207 616 1313 649 quem
1338 604 1527 636 interfecto
1553 609 1673 647 patre,
1700 604 1852 640 Arsinoe
1878 605 1999 638 nutrix
2023 616 2065 638 ex
2090 604 2207 650 Clyte-

1207 662 1385 689 mnestrae
1399 655 1566 689 manibus
1585 667 1625 688 ex
1643 655 1805 689 luctuoso
1817 656 1900 689 dolo
1921 656 2074 696 sustulit,
2093 667 2207 702 quan-

1207 708 1254 741 do
1266 707 1504 741 Cassandram
1524 719 1602 740 cum
1616 708 1888 751 Agamemnone
1909 707 2086 741 interfecit
2101 718 2208 742 saeva

1207 760 1348 793 mulier.

1308 810 1472 855 (Ant.2.)
1501 809 1557 842 An
1574 808 1758 854 Iphigenia
1779 812 1822 843 ad
1840 809 2018 855 Euripum
2037 815 2206 850 mactata,

1205 863 1331 906 procul
1348 873 1366 894 a
1386 861 1523 906 patria,
1553 862 1666 894 movit
1684 869 1849 901 matrem,
1878 869 1917 896 ut
1938 862 2107 895 excitaret
2125 872 2205 905 gra-

1205 926 1284 946 vem
1310 913 1430 946 iram?
1480 912 1537 945 An
1569 925 1654 945 vero
1688 914 1806 947 alieno
1834 912 1993 947 thalamo
2022 912 2208 946 lascivien-

1204 971 1275 997 tem
1313 964 1484 998 nocturni
1519 965 1728 998 concubitus
1772 965 1993 1009 adegerunt?
2043 965 2139 1010 quod
2170 964 2208 997 in

1205 1016 1402 1050 iuvenculis
1428 1015 1563 1059 nuptiis
1589 1017 1753 1050 odiosum
1788 1017 1958 1050 delictum
1986 1023 2058 1056 est,
2094 1021 2129 1048 et
2150 1027 2208 1049 oc-

1205 1067 1334 1100 cultari
1372 1068 1451 1113 (Ep.
1471 1067 1523 1114 2.)
1550 1067 1675 1101 alienis
1692 1068 1823 1113 linguis
1841 1081 1916 1102 non
1934 1074 2063 1112 potest.
2104 1066 2208 1101 Cives

1206 1125 1324 1152 autem
1352 1126 1435 1153 sunt
1464 1118 1651 1159 maledici,
1688 1126 1722 1152 et
1745 1120 1906 1164 potentia
1934 1118 2042 1153 habet
2074 1119 2207 1152 multos

1205 1170 1360 1205 invidos.
1421 1171 1605 1213 Pauperes
1631 1177 1779 1204 manent
1804 1172 1930 1215 ignoti.
1997 1170 2208 1204 Interfectus

1206 1228 1258 1256 est
1286 1229 1406 1255 autem
1430 1223 1705 1266 Agamemnon,
1748 1235 1911 1257 reversus
1946 1229 2028 1266 post
2058 1222 2207 1265 longum

1204 1280 1346 1318 tempus
1367 1274 1411 1306 ad
1428 1273 1615 1317 Amyclas,
1650 1273 1743 1319 (Sir.
1761 1275 1814 1321 3.)
1835 1281 1869 1308 et
1885 1273 2043 1319 perdidit
2060 1272 2210 1307 Cassan-

1204 1326 1326 1365 dram,
1354 1332 1546 1370 postquam
1574 1331 1724 1369 propter
1740 1325 1915 1359 Helenam
1938 1325 2062 1359 deletis
2079 1324 2208 1357 Troia-

1204 1376 1258 1410 nis
1275 1376 1449 1410 destruxit
1465 1375 1652 1420 opnlentas
1671 1377 1809 1410 domos.
1845 1376 1990 1410 Orestes
2007 1388 2092 1409 vero
2110 1375 2209 1409 iuve-

1204 1427 1260 1461 nis
1283 1428 1383 1461 venit
1411 1429 1454 1460 ad
1481 1426 1713 1471 Strophium,
1756 1428 1817 1474 qui
1841 1426 2019 1461 habitavit
2051 1428 2097 1460 ad
2120 1427 2208 1460 Par-

1205 1479 1301 1513 nassi
1333 1480 1474 1524 pedem.
1548 1478 1617 1513 Hic
1642 1486 1765 1524 postea
1796 1486 1830 1513 et
1859 1486 2013 1513 matrem
2045 1485 2079 1512 et
2102 1477 2208 1523 Aegi-

1205 1529 1323 1565 sthun}
1344 1531 1532 1566 interfecit.

1310 1590 1410 1636 (Ant.
1435 1592 1488 1637 3.)
1527 1592 1653 1631 Certe,
1697 1604 1717 1624 o
1742 1591 1867 1631 amici,
1908 1603 1973 1635 per
1987 1590 2034 1637 23)
2066 1589 2209 1624 deviam

1206 1642 1369 1676 semitam
1394 1644 1575 1678 volutatus
1604 1656 1702 1683 sum,
1736 1655 1815 1675 cum
1842 1649 1947 1676 antea
1976 1648 2113 1676 rectum
2141 1641 2210 1675 iter

1207 1694 1387 1738 ingressus
1416 1695 1495 1728 sim.
1549 1696 1607 1729 An
1636 1707 1693 1727 me
1719 1700 1846 1728 ventus
1871 1700 1970 1727 extra
1993 1694 2110 1735 viam,
2145 1705 2210 1727 ceu

1207 1746 1387 1779 marinam
1409 1747 1532 1779 navim
1559 1745 1730 1791 proiecit,
1760 1758 1780 1778 o
1799 1745 1931 1780 Musa?
1971 1745 2041 1779 Sed
2064 1745 2094 1779 si
2117 1757 2210 1778 mer-

1207 1798 1291 1830 cede
1316 1810 1441 1831 vocem
1467 1805 1566 1831 tuam
1593 1804 1800 1842 argenteam
1824 1804 1929 1842 pacta
1949 1810 2004 1838 es,
2032 1796 2118 1831 alias
2138 1796 2208 1830 alia

1208 1849 1369 1882 carmina
1394 1851 1573 1883 movenda
1606 1856 1730 1890 erunt,
1781 1851 1858 1893 (Ep.
1877 1849 1930 1895 3.)
1954 1849 2049 1893 patri
2080 1848 2209 1881 victori

1208 1907 1270 1935 aut
1286 1899 1542 1946 Thrasydan,
1570 1913 1724 1948 quorum
1742 1900 1877 1934 laetitia
1897 1907 1931 1933 et
1956 1900 2070 1944 gloria
2091 1900 2208 1944 splen-

1208 1954 1278 1986 det.
1314 1953 1478 1986 Victores
1496 1954 1659 1986 curribus
1677 1952 1714 1984 in
1731 1951 1911 1996 Olympiis
1930 1952 2128 1985 claritatem
2145 1949 2208 1985 ha-

1207 2005 1384 2043 bucrunt3
1419 2003 1510 2048 (Str.
1529 2004 1581 2050 4.)
1600 2010 1634 2037 et
1651 2003 1688 2035 in
1703 2001 1868 2048 Pythone
1886 2004 1975 2037 nudi
1995 2004 2209 2038 descenden-

1210 2062 1259 2088 tes
1285 2056 1322 2087 in
1349 2056 1505 2089 stadium
1533 2055 1696 2088 vicerunt
1724 2060 1881 2088 caeteros
1904 2055 2061 2090 Graecos
2092 2067 2208 2089 cursu.

1208 2106 1391 2141 Divinitus
1410 2107 1565 2151 optarim
1585 2119 1626 2139 ex
1647 2106 1751 2141 bonis
1766 2106 1949 2151 possibilia
1969 2107 2006 2140 in
2024 2107 2095 2140 vita
2115 2117 2208 2140 mea.

1208 2157 1398 2192 inveniens
1423 2158 1518 2191 enim
1542 2159 1579 2190 in
1606 2158 1754 2192 urbibus
1777 2158 1973 2192 mediocria
1997 2157 2209 2193 (111111115Ηο-

1210 2222 1307 2250 rere,
1349 2222 1474 2243 accuso
1502 2210 1685 2242 fortunam
1716 2216 1967 2255 tyrannorum.
2030 2209 2131 2256 (Ans.
2155 2207 2208 2256 4.)

1211 2261 1405 2295 Communi
1421 2261 1552 2294 virtute
1569 2268 1757 2296 contentus
1773 2274 1864 2296 sum.

1314 2319 1429 2353 Invidi
1447 2334 1508 2355 sua
1528 2321 1688 2365 ipsorum
1708 2328 1807 2366 peste
1825 2321 2037 2366 puniuntur.
2075 2321 2111 2354 Si
2129 2320 2208 2366 quis

1211 2373 1415 2418 pervenerit
1439 2374 1481 2406 ad
1510 2379 1707 2407 extremum
1735 2374 1779 2406 ad
1806 2379 1958 2413 metam,
1987 2379 2021 2406 et
2044 2372 2208 2416 effugerit

1211 2424 1402 2465 iniuriam,
1443 2431 1476 2457 et
1499 2426 1640 2458 tandem
1666 2425 1804 2470 placide
1832 2424 2006 2465 moritur,
2047 2424 2075 2458 is
2101 2424 2208 2457 relin-

1182 2484 1184 2488 ’
1211 2476 1289 2522 quit
1307 2476 1386 2510 filiis
1403 2476 1473 2510 suis
1488 2476 1620 2510 bonam
1638 2478 1769 2510 samam
1782 2503 1790 2517 ‚
1815 2488 1905 2522 quae
1922 2481 2065 2521 superat
2084 2487 2207 2509 omnes

1211 2528 1373 2568 divitias,
1410 2527 1490 2573 (Ep.
1508 2527 1560 2576 4.)
1583 2541 1673 2575 quae
1696 2526 1820 2573 Iphicli
1848 2527 1959 2561 filium
1986 2526 2123 2561 lolaum
2149 2539 2206 2561 ex-

1245 2673 1292 2704 22)
1314 2672 1454 2703 l’yladae]
1479 2672 1519 2695 sic
1540 2672 1588 2695 Ed.
1608 2672 1700 2697 ¹558.:
1722 2671 1769 2695 Ed.
1787 2671 1861 2694 1563.
1890 2671 2004 2701 Pylade.

1246 2724 1292 2755 2¹3)
1312 2725 1374 2755 pet]
1396 2725 1435 2748 sic
1456 2726 1504 2749 Ed.
1525 2725 1616 2754 1563.;
1642 2724 1688 2747 led.
1706 2724 1779 2749 1555.
1800 2723 1843 2753 qui
1865 2730 1920 2753 per.
