2341 2973
205 83 278 116 647

267 167 568 212 ⁴Genealogia
599 171 804 215 regum⁵²)
833 172 1129 205 Albanorum.

259 235 317 269 Vs.
348 235 433 269 609.
477 238 559 269 Inde
587 238 645 270 sub
680 240 823 272 Ascanii
857 240 982 272 ditione
1014 239 1197 271 binominis

618 288 716 321 Alba.

313 343 351 378 In
374 343 439 378 hac
464 346 670 390 genealogia
696 347 912 380 observanda
938 353 988 381 est
1012 347 1197 382 diversitas

211 397 411 430 nominum.
465 397 639 431 Nonnulli
657 397 749 430 eniin
769 410 886 441 reges,
915 411 1068 443 quorum
1088 397 1144 431 hic
1161 399 1197 431 fit

212 447 364 487 mentio,
391 448 540 482 diversis
562 448 767 482 nominibus
784 449 1021 493 appellantur.
1072 448 1198 494 Epitus
1223 445 1227 500 i

213 510 230 529 a
257 497 361 531 Livio
387 499 493 544 Atys,
536 505 569 531 et
594 499 746 543 Capetus
779 500 822 531 al»
853 500 928 544 ipso
953 499 1084 534 Ovidio
1113 501 1198 534 alibi
1223 501 1227 552 ¹3

214 549 378 592 Calpetus
396 557 560 589 vocatur,
589 557 627 583 ut
646 551 682 582 in
701 549 735 583 4.
754 549 860 584 Fasto
877 551 940 597 53)·
1225 555 1227 596 l

268 610 309 642 Et
326 615 401 642 tuus
418 615 467 642 est
483 611 568 641 idem
576 634 588 649 ‚
617 610 762 652 Calpete,
786 610 900 653 fac-tus
917 624 1008 645 acus.
1225 597 1227 651 l

215 668 304 702 Nam
331 667 378 699 ibi
407 668 565 713 loquitur
587 668 630 700 de
654 667 780 712 Epito,
823 669 920 703 cuius
950 677 1116 714 nepotem
1151 671 1199 702 ait
1225 664 1227 701 l

215 731 285 752 esse
296 718 494 762 Calpetum.
533 719 584 751 Ac
603 720 773 764 quoniam
784 719 910 765 Epitus
923 721 1123 765 fuitCapeti
1139 734 1198 755 seu
1225 717 1227 757 l

214 769 350 812 Calpeti
369 782 473 809 avus,
500 770 581 802 ideo
601 768 764 804 hocloco
783 772 829 804 ita
848 772 930 804 dicit
955 772 1030 816 (Vs.
1050 771 1173 818 614.);

264 830 332 863 Sed
348 830 455 872 Capys
476 835 554 863 ante
565 830 647 873 fuit.

211 885 278 920 hoc
295 893 357 927 est,
375 887 509 932 Capeto
526 887 644 932 prior:
673 894 796 933 utpote
813 889 922 934 ipsius
939 902 1086 934 parens;
1115 890 1198 923 item

213 938 401 979 Remulus,
429 951 535 985 quem
552 938 745 985 Dionysius
760 939 938 974 Alladium
952 968 961 981 ,
988 941 1112 975 Livius
1127 941 1200 974 Ro·
1225 927 1228 971 l

212 990 348 1022 mulum
367 997 480 1024 vocat.
520 990 582 1024 Est
600 998 717 1024 autem
739 991 773 1023 in
794 992 945 1025 numero
962 1005 1196 1037 personarum
1224 993 1228 1057 Ι

213 1053 354 1086 quoque
379 1041 582 1079 diversitas3
618 1054 700 1074 nam
725 1041 848 1076 Livius
873 1043 1057 1089 aliquanto
1082 1044 1199 1088 plures
1223 1061 1227 1084 ς

211 1098 377 1125 numerat
398 1104 496 1136 reges
523 1104 628 1137 quam
646 1092 814 1131 Ovidius;
851 1101 972 1140 estque
1001 1108 1122 1139 regum
1139 1096 1198 1130 Al-
1224 1089 1227 1108 ¹

210 1145 385 1176 banorum
412 1150 446 1176 et
471 1143 617 1177 Romuli
646 1145 851 1189 genealogia
886 1143 973 1179 haec
1002 1148 1195 1181 secundum

210 1194 371 1227 Livium:
422 1195 580 1235 Aeneas,
623 1195 816 1236 Ascanius,
860 1197 1018 1241 Sylvius,
1060 1200 1197 1233 Aeneas

209 1245 367 1290 Sylvius,
396 1244 544 1279 Latinus
558 1245 719 1291 Sylvius,
747 1248 855 1287 Alba,
889 1248 994 1293 Atys,
1031 1249 1196 1294 Capetus,

210 1297 430 1341 Tyberinus,
455 1298 634 1342 Agrippa,
663 1298 857 1338 Romulus,
891 1299 1051 1344 Sylvius,
1078 1302 1195 1335 Aven-

211 1348 316 1388 tinus,
343 1348 469 1387 Proca,
493 1349 661 1382 Numitor
680 1357 711 1383 et
729 1350 892 1384 Amulius
908 1352 1055 1393 fratres,
1082 1351 1196 1394 Rhea,

210 1398 408 1434 Numitoris
425 1400 493 1433 filia
506 1427 514 1440 ,
542 1400 688 1434 Romuli
708 1408 740 1435 et
758 1402 862 1436 Remi
879 1410 1004 1439 mater.

305 1483 577 1522 Vertumnus
603 1486 648 1521 in
677 1487 831 1523 varias
857 1489 1102 1537 formasfl).

309 1555 499 1589 Vertumni
515 1554 822 1601 metamorphoses
838 1556 876 1590 in
893 1564 1088 1599 aratorem,
1106 1572 1196 1594 mes-

208 1618 345 1647 sorem,
373 1614 408 1640 et
431 1607 517 1641 alias
541 1606 729 1641 hominum
755 1609 908 1648 formas,
943 1609 1195 1656 significant⁵⁵)

209 1657 458 1692 conversiones
476 1659 580 1698 anni,
616 1659 743 1704 quibus
769 1671 863 1692 nunc
888 1666 1064 1701 aratores,
1101 1674 1195 1696 nunc

212 1721 402 1750 messores,
443 1722 538 1743 nunc
562 1710 858 1751 vindemiatores,
892 1723 987 1745 nunc
1010 1712 1195 1747 frondato-

209 1773 282 1800 res,
308 1768 532 1806 exequuntur
550 1774 652 1795 suum
670 1773 810 1795 munus.
871 1761 963 1796 Nam
993 1774 1120 1804 annus,
1157 1772 1193 1798 ut

207 1813 299 1856 apud
325 1812 481 1845 Graecos
507 1810 691 1853 ἐνιαυτὸς,
734 1812 780 1845 ita
813 1814 907 1857 apud
934 1813 1082 1848 Latinos
1108 1815 1193 1849 Ver-

207 1870 349 1897 tumnus
374 1863 522 1903 dicitur,
556 1875 573 1895 a
603 1864 794 1904 vertendo,
830 1865 926 1909 quod
948 1878 1087 1910 semper
1111 1879 1193 1901 con-

207 1921 364 1947 vertatur
382 1921 523 1958 peracto
543 1927 664 1948 cursu:
698 1917 790 1948 unde
810 1914 1047 1961 Horatius-‘’G):
1219 1930 1222 1953 l

273 1972 395 1997 Vivere:
423 1973 601 2004 Vertumnis,
628 1976 759 2005 quotquot
778 1976 859 2004 sunt,
887 1976 969 1999 natus
987 1975 1095 2006 iniquis.
1218 1959 1222 2024 l

204 2016 421 2050 Vertumnus
437 2024 550 2051 autem
573 2024 652 2061 post
670 2019 787 2053 varias
809 2019 942 2053 formas
958 2020 995 2052 in
1013 2020 1188 2054 aniculam
1217 2029 1221 2091 i

206 2080 413 2107 conversus,
455 2069 629 2112 significat
660 2082 792 2102 annum
829 2070 897 2102 iam
932 2078 1189 2108 senescentem;

204 2120 267 2152 sub
301 2119 332 2150 id
362 2119 454 2151 enim
489 2126 626 2164 tempus
654 2120 816 2153 Pomona
841 2120 1042 2155 Vertumno
1076 2123 1188 2160 nubit,

204 2169 269 2203 hoc
296 2177 364 2209 cst,
409 2171 575 2203 arborum
603 2172 735 2206 fructus
767 2172 965 2207 mitescunt.
1032 2172 1185 2207 Eaedem

204 2219 506 2265 invtamorplioses
538 2223 720 2255 transferri
754 2223 859 2256 etiam
889 2230 1035 2268 possunt
1063 2225 1107 2257 ad
1136 2225 1186 2258 in-

202 2273 435 2306 constantiam
462 2273 609 2309 amoris;
653 2286 734 2307 nain
759 2275 955 2308 amantium
982 2276 1094 2308 animi
1120 2277 1185 2310 sibi

203 2337 270 2356 nun
291 2330 473 2364 constant,
501 2325 560 2359 sed
578 2324 756 2367 agitantur
775 2325 880 2359 variis
903 2339 941 2359 ac
966 2326 1114 2361 diversis
1137 2329 1185 2361 af-

202 2375 420 2408 lvi-tionibus.

233 2483 279 2509 52)
302 2490 405 2513 reg-vnn
430 2483 474 2505 lul,
501 2483 570 2505 1359.
592 2484 685 2505 int-ndu
708 2487 833 2513 typogn:
862 2489 958 2505 rerum.

232 2527 277 2551 3111
301 2527 376 2548 (mut.
401 2528 472 2549 vast,
495 2527 540 2548 tv.
568 2527 602 2549 m,

231 2568 277 2591 5⁸1
299 2569 365 2589 Uvrvl
397 2570 459 2593 Met,
482 2569 561 2590 XlV.
582 2569 631 2590 (ir-3
653 2575 710 2598 ΜΗ.

229 2611 276 2635 57»
296 2611 465 2636 ‹mnil‘nuvtl
498 2611 518 2631 si
562 2611 660 2638 sript
687 2612 797 2639 proptor
825 2610 888 2632 l‘lur
934 2610 1179 2638 tialudiurlrlmses:

267 2645 346 2667 neten.
371 2645 433 2667 1555»
453 2661 458 2666 .
484 2645 554 2667 1559.
576 2645 719 2670 «iaiiinivat.

232 2689 275 2709 *Gi
297 2688 379 2709 norat
412 2692 486 2708 *arm
520 2688 551 2709 Η.
571 2687 596 2709 7.
622 2690 657 2710 Η.

783 85 904 121 PHlL.
938 85 1051 120 MEL.
1084 84 1283 121 SCRIPTA
1316 84 1648 122 PHILOLOGlffl.

2165 92 2238 128 648

1390 174 1649 208 Anaxarete
1678 173 1836 218 puella
1865 175 1909 207 in
1937 187 2103 210 saxum.

1351 250 1551 283 Anaxarete
1571 251 1606 282 in
1622 262 1746 283 saxum
1767 261 1937 283 conversa
1964 251 2128 295 fingitur,
2157 265 2239 297 pro-

1250 308 1329 346 pter
1344 300 1510 335 duritiem
1529 301 1659 333 animi:
1688 302 1723 333 id
1742 301 1839 345 quod
1864 308 1969 345 poeta
1994 314 2068 336 non
2092 304 2240 338 obscure

1251 353 1403 392 indicat,
1432 364 1510 385 cum
1532 352 1581 384 ait
1599 351 1692 396 (Vss.
1713 350 1787 385 757
1802 352 1892 397 sq.):

1556 413 1786 457 paulatimque
1805 417 1941 455 occupat
1956 418 2053 446 arms
2061 439 2072 454 ,

1306 467 1398 506 Quod
1410 464 1481 508 fuit
1501 464 1536 496 in
1550 464 1634 496 duro
1653 465 1722 496 ium
1735 465 1866 506 pridem
1878 469 2025 506 pectore,
2051 477 2186 499 saxum.

1254 566 1431 606 Sabini,
1459 565 1763 598 Romanorum
1792 563 1962 606 hostes,
1989 564 2238 612 sulphurea

1444 627 1560 662 aqua
1588 616 1631 648 in
1660 617 1807 659 sugam
1836 618 2048 652 coniecti.

1305 693 1363 727 Vs.
1383 693 1467 726 791.
1498 695 1625 726 Lucida
1634 693 1679 736 ⁷¹⁷)
1696 698 1883 735 supponunt
1900 693 2061 736 foecundo
2078 695 2239 738 sulphura

1662 743 1756 787 ficmo
1765 743 1822 788 ⁰⁷).

1356 801 1575 848 Sulphureae
1599 810 1631 836 et
1656 804 1831 837 ferventes
1857 814 1992 848 aquae,
2027 803 2155 849 quibus
2178 803 2240 838 Sa-

1254 854 1342 894 bini,
1369 854 1616 889 Romanorum
1636 853 1764 895 hostes,
1793 854 1905 888 exusti
1920 861 1954 887 et
1970 854 2007 887 in
2022 855 2140 899 fugam
2157 867 2241 889 con-

1254 905 1334 938 iecti
1356 906 1559 949 finguntur,
1594 906 1791 950 significant
1813 906 1941 940 milites
1961 912 2138 947 sacratos,
2176 907 2242 953 qui

1224 974 1228 992 l
1254 957 1500 1001 superstitioso
1526 957 1597 990 ritu
1623 957 1858 990 initiabantur
1883 958 1926 990 ad
1952 956 2164 992 Vadimonis
2191 958 2241 990 la-

1255 1020 1332 1041 cum
1345 1034 1353 1048 ,
1381 1008 1515 1041 fervida
1535 1015 1568 1041 et
1585 1006 1774 1053 sulphurea
1793 1020 1884 1054 aqua
1900 1015 2104 1043 scatentem.
2147 1009 2241 1044 Nam

1254 1071 1332 1093 cum
1358 1057 1475 1093 hostes
1500 1065 1607 1093 noctu
1634 1072 1698 1104 per
1726 1059 1903 1093 ianualem
1926 1058 2072 1105 portam'
2093 1059 2242 1105 irrupis-

1253 1111 1382 1144 sentin
1400 1112 1523 1144 urbem
1538 1138 1546 1149 ‚
1583 1111 1627 1144 ab
1651 1109 1704 1145 his
1728 1110 1899 1144 militibus
1923 1111 2075 1155 repressi
2103 1118 2137 1145 et
2158 1123 2242 1156 pro-

1252 1162 1361 1206 fligati
1387 1168 1479 1196 sunt.
1534 1161 1691 1195 Militum
1717 1174 1803 1196 vero
1832 1168 2053 1196 sacratorum
2077 1162 2243 1196 meminit

1251 1212 1374 1247 Livius
1392 1214 1483 1247 libro
1499 1213 1533 1247 9.
1562 1213 1698 1258 primae
1716 1213 1868 1248 decadis.

1491 1314 1552 1349 De
1580 1315 1775 1350 interitu
1798 1316 1995 1353 Romuli.

1301 1390 1377 1426 Vss.
1396 1392 1469 1426 816
1485 1405 1538 1438 sq.
1565 1395 1698 1426 Annuit
1717 1394 1932 1436 Omnipotens
1947 1398 1979 1426 et
1995 1394 2137 1427 nubibus
2151 1398 2238 1428 αένα

1659 1457 1767 1478 caeeis

1304 1496 1464 1528 Occnluit.

1351 1552 1525 1587 Romulus
1543 1553 1622 1587 ideo
1644 1553 1789 1597 fingitur
1805 1565 1823 1586 a
1843 1553 1960 1587 Marte
1977 1554 2115 1588 ablatus
2134 1567 2236 1600 prae-

1251 1604 1394 1637 cedente
1427 1605 1563 1638 tonitru
1597 1612 1631 1638 et
1665 1605 1821 1649 fulgure,
1864 1605 1947 1651 quia
1971 1605 2089 1639 subito
2113 1613 2236 1640 coorta

1251 1661 1458 1700 tempestate
1482 1657 1569 1690 ictus
1592 1663 1643 1690 est
1665 1656 1835 1696 fulmine,
1870 1668 1949 1690 cum
1974 1658 2019 1690 ad
2043 1657 2236 1691 exercitum

1250 1709 1505 1741 recensendum
1527 1708 1735 1741 concionem
1752 1708 1789 1741 in
1806 1719 1932 1752 campo
1951 1708 1996 1741 ad
2013 1707 2150 1753 Caprae
2173 1720 2236 1753 pa-

1249 1758 1367 1791 ludem
1385 1756 1543 1792 haberet.

1249 1861 1470 1902 Hersilia,
1495 1861 1673 1896 Romuli
1701 1874 1829 1901 uxor,
1854 1862 1896 1895 in
1925 1861 2056 1895 Oram
2084 1860 2235 1896 Deam.

1299 1938 1358 1971 Vs.
1377 1937 1461 1971 851.
1506 1940 1640 1976 ΠΙιιΙαί,
1685 1940 1851 1982 θναηιψιυ
1884 1943 1992 1976 υοειιί,
2035 1950 2118 1982 «pace
2147 1951 2235 1972 tinne

1657 1991 1729 2021 Dea
1748 1991 1858 2021 iuncw
1879 1990 2022 2028 Quirino
2038 1993 2098 2022 est.

1349 2047 1502 2081 Mortuis
1520 2045 1656 2080 honore
1673 2047 1831 2079 Deorum
1852 2047 2066 2081 consecratis
2082 2048 2231 2081 nomina

1245 2097 1548 2139 immutabantur,
1590 2110 1634 2131 ne
1663 2099 1892 2132 crederentur
1916 2098 2087 2133 mortales
2113 2098 2232 2133 fuisse.

1244 2149 1299 2182 Sic
1316 2149 1491 2184 Romulus
1509 2156 1645 2183 mutato
1671 2150 1816 2182 nomine
1841 2150 1955 2185 dictus
1978 2155 2029 2184 est
2046 2149 2232 2196 Quirinus,

1244 2207 1278 2233 et
1295 2200 1466 2241 Hersilia,
1494 2200 1568 2234 eius
1592 2213 1699 2241 uxor,
1735 2201 1826 2234 dicta
1853 2208 1904 2235 est
1931 2200 2021 2235 Ora:
2051 2201 2147 2236 unde
2175 2201 2231 2234 in-

1243 2253 1442 2285 troductam
1474 2252 1629 2285 arbitror
1661 2253 1974 2293 consuetudinem,
2017 2264 2087 2299 qua
2111 2254 2230 2299 ponti-

1242 2304 1319 2336 fices
1340 2303 1493 2336 Romani
1519 2310 1687 2349 tanquam
1715 2305 1929 2343 consecrati,
1964 2315 2097 2337 nomen
2124 2316 2228 2338 suum

1240 2354 1443 2387 immutant.
1485 2354 1571 2387 Erat
1591 2362 1706 2388 autem
1719 2356 1791 2389 Ora
1811 2357 1904 2401 apud
1915 2355 2113 2395 Romanos,
2141 2367 2227 2400 qua-

1239 2405 1280 2439 lis
1304 2405 1401 2438 Hebe
1428 2408 1520 2449 apud
1547 2407 1721 2448 Graecos,
1753 2406 1827 2441 Dea
1852 2408 2037 2446 iuventae,
2073 2417 2164 2451 quae
2193 2410 2227 2438 et

1239 2457 1350 2490 Horta
1369 2457 1569 2497 dicebatur,
1597 2465 1634 2491 ut
1651 2457 1917 2503 Plutarchus-5⁸)
1944 2459 2049 2491 refert
2073 2457 2110 2490 in
2132 2457 2225 2490 libro

1269 2599 1316 2625 57)
1339 2599 1449 2623 laniat«
1464 2613 1495 2616 —
1509 2602 1604 2631 suntal
1619 2602 1658 2625 sic
1671 2601 1751 2625 Editt.
1765 2601 1850 2627 1555..
1867 2602 1955 2627 1559.:
1975 2600 2223 2627 ovid.Ed.Mitsct=.

1308 2633 1417 2657 Larium
1436 2647 1468 2651 —
1487 2636 1571 2666 sonti.

1269 2684 1302 2707 :18
1337 2684 1474 2708 Plutarchi
1496 2687 1607 2714 Quaest.
1629 2687 1739 2710 Roman.
1762 2687 1857 2710 xm't.
