2341 2973
218 125 292 159 325
792 125 914 161 PHIL.
947 125 1061 162 MEL.
1095 126 1297 161 SCRIPTA
1331 127 1668 163 PHILOLOGICA.
2188 130 2263 166 324

218 210 350 243 librum
381 211 423 242 de
449 210 640 244 collatione
663 210 847 245 Ciceronis
882 218 916 245 et
943 212 1055 256 patris
1084 211 1211 247 Asinii.
1267 214 1355 247 ordo
1376 214 1403 247 is
1421 220 1483 248 est.
1518 215 1642 248 Primo
1661 216 1741 248 loco
1760 215 1938 250 excusatio
1956 215 2105 260 ponitur
2120 229 2260 250 summa

217 260 308 295 Cum
341 260 449 303 igitur
473 261 645 305 Virgilius
678 269 767 296 esset
793 262 927 296 amicus
952 263 1047 307 patri
1073 263 1213 305 Asinio,
1235 241 1241 334 Ι
1265 277 1344 298 cum
1359 265 1536 299 modestia
1563 266 1750 311 gravitatis
1778 267 2000 311 argumenti,
2029 268 2126 313 quod
2153 267 2261 301 subli-

215 312 416 356 gratulatur
439 312 470 345 ei
496 319 619 346 natum
651 314 764 347 filium
793 314 1009 349 Pollionem.
1077 314 1211 361 Estque
1264 317 1356 350 mius
1374 312 1580 363 estsquam
1600 318 1785 362 permittat
1802 318 2036 363 pastoralium
2053 322 2260 352 sermonum

213 361 302 396 haec
331 362 463 408 Ecloga
500 365 640 408 generis
669 365 956 399 demonstrativi.
1022 365 1212 399 Praedicat
1264 368 1485 411 simplicitas.
1525 369 1696 414 Sequitur
1714 370 1933 414 propositio:
1963 369 2041 415 (Vs.
2057 368 2108 412 4.)
2135 371 2260 404 Ultima

213 414 310 447 enim
334 414 540 448 felicitatem
559 422 777 460 temporum,
806 422 840 448 et
859 423 985 449 narrat
1002 416 1114 450 filium
1132 418 1211 451 Asi·
1266 421 1402 454 Cumaei
1421 426 1486 454 etc.
1538 420 1672 465 Estque
1688 418 1777 454 haec
1796 420 1993 461 sententia,
2021 421 2119 466 quod
2133 421 2259 455 felicis-

213 465 276 498 nio
294 472 419 500 natum
440 478 512 500 esse
527 467 737 500 felicissimis
754 468 992 510 temporibus,
1022 468 1077 502 cui
1098 469 1210 502 multa
1264 470 1354 504 sima
1377 472 1442 505 sub
1466 469 1534 504 hoc
1552 483 1665 516 puero
1684 471 1754 506 sint
1773 479 1924 506 ventura
1943 478 2119 517 tempora.
2172 472 2262 505 Pro-

213 528 389 561 prospera
415 518 641 561 contingent,
679 524 713 550 et
737 518 913 561 significat
934 519 1033 560 fore,
1060 526 1099 552 ut
1122 526 1211 553 tem-
1264 521 1395 566 positio
1422 529 1474 556 est
1487 523 1639 567 figurata
1664 523 1823 568 poetico,
1850 524 1912 558 sed
1936 523 2131 556 admodum
2158 529 2259 567 grato

212 579 343 612 porum
368 569 515 602 felicitas
538 569 641 603 novis
664 568 769 602 honis
805 570 1007 603 cumuletur
1036 577 1122 604 nato
1148 571 1212 604 tali
1265 579 1480 607 ornamento
1506 575 1549 608 de
1566 574 1722 619 Sibyllae
1747 575 1912 609 oraculis.
1965 574 2096 609 Addita
2125 581 2177 608 est
2202 586 2258 607 ex-

212 619 387 663 principe.
446 619 491 652 Et
512 625 551 653 ut
576 620 690 653 oratio
712 628 902 661 cresceret,
936 619 1117 655 rhetorica
1135 634 1211 655 am·
1264 624 1395 669 positio
1428 625 1591 670 specialis
1618 637 1763 666 eorum,
1799 637 1891 672 quae
1916 625 2050 671 Sibylla
2072 624 2259 670 praedixe—

211 670 430 715 plificatione
448 670 630 704 distribuit
645 671 703 704 illa
722 683 894 716 prospera
914 672 951 705 in
969 674 1099 717 gradus
1116 680 1210 707 aeta-
1266 681 1331 709 rat.
1386 676 1541 710 Ponitur
1563 684 1598 710 et
1620 677 1780 721 precatio
1803 689 1884 711 cum
1906 677 2146 722 descriptione
2173 675 2259 710 certi

212 721 269 755 tis.
330 719 370 753 In
396 721 465 754 fine
495 722 595 755 addit
625 721 870 767 apostrophen
895 724 952 757 vel
975 726 1020 757 ad
1044 737 1210 769 puerum,
1263 727 1436 773 temporis
1451 726 1518 775 ⁴²⁴),
1559 740 1631 774 quo
1666 729 1787 762 futura
1814 735 1898 762 sunt
1926 735 2031 762 antea
2065 728 2261 772 praedicta.

211 772 267 805 vel
283 772 432 815 figurate
455 774 500 806 ad
517 773 730 817 Augustum.
783 774 1008 819 Principium
1031 776 1210 808 narratio·
1263 777 1402 812 Deinde
1429 780 1579 823 ponitur
1609 780 1748 824 integra
1779 779 1971 824 descriptio
2004 779 2173 812 carminis
2203 790 2259 822 ge-

210 823 267 857 nis
283 823 326 856 de
342 823 512 857 felicitate
530 831 736 869 temporum
757 826 913 869 pertinet
934 827 978 859 ad
995 827 1209 871 Augustum.
1262 827 1429 863 nethliaci
1441 857 1451 870 ,
1478 843 1569 876 quae
1588 831 1813 865 consumitur
1828 831 1866 864 in
1884 830 2157 865 enumeratione
2179 841 2260 874 gra—

211 874 357 918 Repetit
383 875 478 907 enim
505 878 684 921 quaedam
707 877 877 910 vaticinia
904 877 1080 922 Sibyllae,
1117 890 1209 924 quae
1262 881 1372 914 duum
1400 882 1544 923 aetatis,
1571 889 1610 916 ut
1637 883 1829 926 significet,
1864 894 2044 928 quaenam
2068 881 2258 915 commoda

212 926 256 959 de
273 923 518 970 pulcherrimo
538 933 633 961 statu
649 927 838 961 Romanae
863 927 1096 962 monarchiae
1124 942 1208 974 pro·
1262 944 1504 978 unaquaeque
1522 940 1618 967 aetas
1643 934 1688 968 sit
1711 934 1875 968 allatura.
1939 933 2103 967 Primum
2129 931 2259 966 descri-

211 976 285 1010 dita
304 984 427 1019 erant,
454 978 537 1023 quia
554 979 676 1011 onmia
695 978 846 1023 imperia
867 978 1072 1014 habuerunt
1088 981 1209 1026 aliqua
1261 983 1359 1016 bitur
1375 984 1550 1028 pueritia,
1579 997 1670 1031 quae
1687 991 1738 1019 est
1755 985 1981 1018 abundatura
2008 984 2108 1017 omni
2132 995 2259 1028 genere

212 1027 394 1062 vaticinia.
446 1028 581 1075 Estque
598 1031 861 1074 propemodum
884 1037 959 1064 tota
978 1031 1110 1076 Ecloga
1129 1044 1209 1076 per·
1234 1061 1237 1088 ι
1262 1035 1502 1078 voluptatum.
1554 1035 1730 1081 Reliquae
1759 1037 1850 1070 duae
1879 1042 2030 1075 aetates,
2057 1036 2259 1069 adolescen-

212 1084 319 1123 petua
341 1080 516 1114 narratio.
1263 1085 1312 1118 tia
1338 1092 1372 1118 et
1392 1086 1578 1127 iuventus,
1606 1085 1740 1120 habent
1761 1087 2038 1132 descriptionem
2061 1087 2259 1120 multorum

484 1164 553 1197 Al.
595 1165 617 1197 d
685 1164 693 1171 .
762 1166 784 1198 d
877 1165 907 1184 43
1234 1095 1238 1171 l
1263 1138 1560 1178 commodorum,
1591 1144 1625 1171 et
1645 1150 1796 1183 magnae
1812 1137 2095 1184 tranquillitatis.
2148 1137 2259 1171 Addi-

542 1176 586 1199 ιη
655 1176 751 1199 mus
793 1177 810 1198 e
823 1178 858 1198 m
907 1168 934 1207 >⁸
1233 1175 1238 1238 Ι
1262 1194 1321 1220 tur
1338 1189 1568 1232 amplificatio
1588 1201 1606 1222 a
1627 1196 1723 1223 voto.
1777 1188 1817 1222 In
1836 1190 1904 1222 fine
1921 1189 2017 1237 ((Vs.
2035 1189 2112 1232 62.)
2129 1190 2255 1232 Incipe,

315 1233 411 1267 Miro
442 1232 593 1266 artificio
620 1233 801 1267 transtulit
825 1239 931 1278 poeta
955 1239 1207 1278 argumentum
1234 1239 1363 1282 &pan-e
1387 1243 1492 1283 puer)
1524 1246 1575 1274 est
1603 1240 1762 1285 precatio
1796 1240 1971 1285 longioris
1996 1240 2098 1273 vitae
2125 1246 2159 1273 et
2184 1251 2257 1272 ma-

210 1297 231 1319 a
247 1284 422 1319 Pollionis
439 1285 512 1318 filio
530 1285 575 1317 ad
590 1285 733 1318 laudem
757 1291 982 1330 temporum,
1009 1297 1072 1319 seu
1095 1285 1208 1330 impe·
1234 1271 1237 1308 l
1262 1303 1352 1335 gnae
1375 1291 1564 1326 felicitatis,

209 1336 256 1370 rii
274 1335 438 1381 Augusti.
490 1336 583 1370 Nam
603 1348 683 1369 cum
700 1337 791 1369 bene
819 1343 986 1381 precatur
1007 1348 1120 1381 puero
1143 1348 1207 1369 na-

209 1388 340 1428 scenti,
368 1399 473 1420 omen
490 1387 659 1421 felicioris
676 1394 800 1432 partus
818 1388 947 1433 accipit
963 1389 1008 1421 ab
1027 1400 1082 1428 eo,
1109 1388 1206 1433 quod

208 1438 362 1483 Augusti
387 1439 611 1483 temporibus
645 1446 869 1480 nasceretur,
910 1451 982 1485 quo
1004 1440 1205 1484 imperante
1362 1441 1474 1475 Valde
1498 1443 1742 1476 memorabilis
1770 1443 1868 1476 locus
1892 1447 1944 1475 est
1967 1441 2005 1474 in
2028 1438 2095 1474 hac
2119 1439 2253 1485 Ecloga

206 1490 314 1535 plane
346 1489 481 1523 rediret
514 1502 662 1524 aureum
697 1492 880 1536 quoddam
906 1491 1087 1531 seculum,
1123 1503 1204 1524 cum
1258 1493 1301 1526 de
1327 1499 1483 1538 quatuor
1507 1494 1702 1534 aetatibus,
1736 1506 1828 1539 quae
1852 1499 1985 1526 aetates
2010 1491 2102 1526 sicut
2124 1491 2162 1524 in
2184 1492 2255 1525 sin-

207 1541 284 1575 eius
315 1541 506 1575 autoritate
536 1542 858 1587 moderationeque
887 1548 991 1586 parta
1023 1541 1103 1575 orbi
1134 1554 1204 1586 pax
1257 1544 1348 1588 gulis
1364 1542 1592 1585 hominibus,
1620 1545 1667 1578 ita
1688 1545 1795 1578 etiam
1813 1556 1935 1577 rerum
1952 1556 2037 1578 usus
2055 1544 2159 1576 docet
2181 1555 2254 1577 esse

207 1598 318 1633 esset,
354 1605 434 1626 cum
466 1593 688 1638 quiescerent
713 1607 731 1626 a
754 1593 854 1627 bellis
880 1593 1040 1638 undique
1068 1593 1203 1633 omnia,
1257 1607 1315 1629 eas
1350 1595 1388 1628 in
1422 1596 1685 1630 mutationibus
1727 1596 1929 1630 seculorum
1968 1601 2002 1628 et
2036 1601 2254 1638 temporum.

205 1643 378 1677 florerent
413 1645 570 1688 optimae
606 1650 718 1684 artes,
761 1650 851 1678 esset
884 1641 1002 1678 honos
1038 1644 1202 1688 ingeniis,
1255 1646 1348 1680 Nam
1365 1647 1504 1681 nullum
1522 1648 1589 1681 fuit
1605 1647 1797 1691 imperium
1813 1653 1955 1680 tantum
1971 1646 2037 1680 sub
2053 1646 2140 1686 sole,
2157 1647 2254 1691 quod

204 1695 402 1739 plurimum
423 1702 567 1739 possent
586 1701 619 1728 et
636 1696 731 1740 apud
751 1695 951 1740 principem
979 1701 1012 1727 et
1034 1694 1071 1727 in
1096 1707 1202 1739 repu-
1256 1710 1330 1731 non
1353 1698 1532 1731 invenerit
1556 1696 1644 1732 haec
1669 1704 1826 1732 aetatum
1855 1698 1963 1732 mala.
2015 1697 2109 1732 Nam
2131 1697 2253 1730 omnia

204 1746 297 1779 blica
313 1747 374 1791 qui
391 1747 519 1790 optimi
536 1753 648 1780 erant.
702 1747 819 1780 Porro
838 1744 930 1779 hanc
951 1746 1061 1780 seculi
1079 1747 1202 1779 condi·
1255 1749 1426 1793 imperia,
1455 1749 1610 1783 maxime
1635 1750 1908 1790 Romanorum,
1944 1761 1963 1782 a
1988 1748 2111 1794 parvis
2135 1760 2253 1781 creve-

204 1797 340 1830 tionem
356 1798 468 1841 figura
486 1798 571 1831 texit
588 1804 716 1842 poeta,
743 1804 783 1831 ut
800 1799 931 1830 decoro
948 1798 1116 1838 serviret,
1142 1810 1201 1830 ru·
1254 1807 1339 1834 runt
1364 1800 1497 1842 initiis,
1532 1802 1647 1834 donec
1672 1801 1721 1835 sic
1736 1801 1782 1844 l¹⁵)
1813 1801 1966 1835 exaltata
1991 1807 2026 1834 et
2051 1800 2144 1833 elata
2177 1800 2251 1833 fue-

204 1848 349 1883 sticanis
373 1861 457 1882 usus
482 1849 673 1893 exemplis,
705 1849 891 1889 laudibus,
928 1849 1108 1882 oratione:
1146 1849 1200 1881 in·
1254 1852 1347 1892 rint,
1374 1853 1470 1885 mole
1490 1859 1530 1886 ut
1555 1853 1722 1886 laborent
1744 1865 1820 1888 sua.
1874 1852 1991 1886 Porro
2013 1857 2120 1896 poeta
2136 1857 2252 1884 trans-

204 1906 384 1933 crementa
406 1901 515 1935 seculi
538 1900 637 1934 aurei
654 1901 778 1934 retulit
794 1902 839 1934 ad
858 1901 1078 1934 incrementa
1104 1907 1199 1933 aeta·
1254 1903 1336 1937 tulit
1352 1910 1509 1937 aetatum
1527 1904 1670 1937 illarum
1686 1904 1865 1937 rationem
1883 1910 1918 1936 et
1936 1904 1981 1936 ad
2000 1909 2163 1946 tempora
2179 1903 2252 1935 Au-

203 1950 248 1984 lis
266 1952 381 1995 pueri·
1255 1954 1346 1999 gusti
1363 1954 1526 1990 Caesaris
1544 1962 1576 1989 et
1597 1957 1643 1989 ad
1666 1962 1817 1989 aetatem
1837 1953 2020 1995 Salonini,
2054 1953 2119 1987 filii
2135 1952 2251 1988 Asinii

1255 2006 1440 2041 Pollionis.

1568 1374 1704 1408 Aliud
1741 1375 1952 1409 eiusdem.

501 2039 643 2074 Aliud
677 2038 893 2073 eiusdem.

307 2110 568 2152 Argumentum
583 2109 736 2154 Eclogae
754 2114 904 2154 quartae
922 2105 990 2140 hoc
1009 2113 1071 2140 est.
1125 2106 1198 2139 Sub
1554 2092 1693 2125 Ahu‘l
1730 2092 1946 2126 eumdem·

203 2164 367 2204 Augusto
385 2160 534 2194 Caesare
550 2161 698 2205 insignis
717 2161 784 2193 suit
810 2166 932 2192 orator
948 2158 1093 2192 Asinius
1113 2157 1197 2190 Pol-
1356 2161 1501 2195 Asinius
1526 2159 1644 2193 Pollio
1671 2159 1738 2192 suit
1766 2159 1960 2204 proconsul
1985 2164 2147 2203 tempore
2168 2158 2249 2192 Vir—

204 2213 254 2246 lio
273 2212 309 2245 in
330 2212 455 2244 ducem
475 2212 679 2245 Germanici
707 2212 880 2245 exercitus
907 2216 1053 2255 propter
1078 2209 1197 2252 singu-
1223 2221 1227 2240 ε
1253 2211 1327 2256 gilii
1350 2212 1387 2244 in
1411 2211 1614 2256 Hispaniis,
1642 2218 1769 2255 potens
1797 2211 1835 2244 in
1860 2210 2027 2244 Romana
2052 2210 2248 2255 republica,

203 2265 297 2297 lares
318 2264 417 2295 dotes
441 2262 579 2297 clectus.
634 2263 665 2297 ls
690 2270 769 2307 post
795 2260 1019 2306 triumphum
1045 2262 1089 2293 ad
1114 2272 1198 2293 con-
1222 2241 1227 2308 Ι
1253 2263 1429 2307 gratiosus
1460 2264 1555 2307 apud
1587 2262 1808 2307 Augustum,
1843 2269 1877 2296 et
1906 2263 2026 2296 fautor
2057 2259 2246 2295 hominum

204 2315 358 2349 sulatum
385 2320 435 2347 est
460 2320 618 2353 evectus,
654 2328 724 2359 quo
749 2321 910 2358 tempore
929 2314 1040 2345 filium
1064 2312 1198 2356 genuit,
1222 2309 1227 2338 ἷ
1253 2317 1451 2348 doctorum.
1504 2314 1594 2346 Huic
1611 2322 1715 2349 natus
1735 2321 1786 2348 est
1802 2314 1894 2347 filius
1912 2313 2124 2352 Saloninus,
2148 2313 2246 2346 cuius

206 2379 311 2411 quem
351 2377 370 2397 a
408 2365 517 2409 captis
558 2365 697 2398 Salonis
733 2365 945 2399 Saloninum
983 2364 1196 2397 nominavit.
1221 2379 1227 2401 t
1253 2364 1491 2399 nativitashic
1509 2366 1718 2401 celebratur.
1771 2365 1914 2399 Laudat
1934 2371 2053 2398 autem
2074 2362 2246 2408 Virgilius

205 2417 320 2450 Huius
344 2416 433 2449 tanti
460 2416 527 2448 viri
549 2416 662 2460 gratia
688 2422 721 2448 et
738 2417 930 2449 autoritate
946 2422 1064 2449 motus
1080 2415 1197 2458 Virgi-
1221 2404 1227 2449 l
1252 2429 1324 2449 non
1344 2423 1415 2449 tam
1434 2418 1548 2461 ipsam
1566 2418 1789 2451 nativitatem
1807 2416 1928 2461 pueri,
1963 2416 2024 2450 sed
2049 2415 2162 2458 magis
2186 2415 2244 2448 illa

204 2468 273 2501 lius
297 2465 579 2509 genethliacum,
620 2465 687 2500 hoc
717 2474 787 2507 cst,
821 2480 965 2500 carmen
991 2466 1195 2499 natalitium
1253 2475 1413 2512 tempora
1442 2476 1472 2502 ct
1500 2469 1584 2502 illud
1611 2469 1822 2513 imperium,
1850 2480 1922 2513 quo
1939 2467 2013 2511 ipse
2030 2472 2136 2500 natus
2156 2472 2245 2505 erat,

206 2518 273 2551 hac
298 2519 429 2561 Ecloga
458 2520 641 2558 decantat,
681 2518 787 2552 simul
815 2520 1017 2563 complexus
1032 2518 1195 2562 Augusti,
1220 2486 1227 2562 Ι
1252 2526 1285 2552 et
1304 2533 1367 2564 per
1392 2533 1612 2566 consequeus
1640 2521 1746 2554 ctiam
1772 2520 1894 2553 laudat
1917 2518 2106 2552 Caesarem
2122 2518 2243 2561 Augu—

204 2569 379 2602 Pollioni>
399 2577 431 2603 vt
448 2572 547 2614 pueri
560 2570 720 2603 Salonini
738 2570 970 2604 laudationes.
1008 2570 1193 2602 Caeterum

1222 2026 1229 2220 ...m—.-.me
1223 1991 1229 2017 ...-

209 2655 414 2664 ’”““·”“-“““
1219 2628 1225 2691 Ξ
1285 2650 1330 2681 41)
1351 2651 1417 2688 certi
1438 2650 1584 2683 temporis]
1609 2650 1646 2674 sic
1666 2650 1712 2673 Ed.
1732 2648 1823 2675 1565.;
1848 2647 1931 2671 leuitt.
1950 2647 2044 2678 1568,
2069 2645 2145 2672 15⁹³.
2171 2647 2243 2671 tem-—

1319 2692 1394 2714 posin
1413 2686 1491 2709 certi*

241 2702 289 2732 43)
310 2702 389 2725 Aliud
405 2702 549 2731 eiusdem]
570 2703 658 2735 ιἰι,1-“.ι1.
678 2702 864 2734 1565ζᾶὼ1ἰιιι
883 2705 946 2725 sunt
967 2704 1064 2727 verba:
1083 2703 1110 2727 in
1129 2708 1194 2726 can-
1815 2733 1821 2736 ᾖ
1987 2732 1992 2736 .

1284 2735 1330 2764 45)
1352 2735 1403 2763 εἰς]
1424 2736 1461 2760 sic
1480 2735 1530 2761 Ed.
1548 2735 1637 2766 1565.;
1657 2733 1741 2759 Editt.
1759 2733 1849 2764 156³,
1876 2732 1948 2757 159³.
1969 2739 2001 2756 sn.

276 2739 333 2759 dcxi:
353 2738 492 2767 icc-lugam.
