2421 3005
107 85 179 122 117
485 80 674 116 LXXVIII.

727 81 1019 117 EXPLICATIO
1054 82 1439 120 SENTENTIARUM
1474 83 1783 121 THEOGMDIS.

103 169 391 205 hensmanibus
426 166 572 218 lyram]
636 170 749 215 Quasi
782 170 894 204 dicat:
929 183 1004 204 non
1028 184 1105 205 sum
1133 169 1135 210 Ϊ

101 229 252 257 naturae
279 222 429 256 servilis.

101 333 195 367 stor,
223 327 286 360 ubi
311 332 364 360 est
385 339 490 360 causa
517 333 582 360 etc.

54 416 57 419 ,
203 378 281 413 Vss.
293 376 369 412 535
385 391 437 424 sq.
479 378 674 424 Nunquam
695 378 823 412 servile
842 383 950 422 caput
967 385 1104 412 rectum

100 437 168 472 est,
203 432 265 465 sed
296 443 438 475 semper
472 437 568 464 tenet
600 430 787 476 obliquum
821 427 983 478 collum.]
1038 430 1105 464 Hic

99 482 323 517 considerate
359 483 574 526 elegantiam
614 482 846 516 bellissimam
881 480 1042 515 Italicam
1071 489 1105 516 et

97 535 343 579 Hispanicam.
397 533 443 568 Et
470 547 535 568 nos
562 534 738 568 Germani
770 533 977 568 stultissime
1004 535 1104 568 volu-

97 599 176 620 mus
194 586 331 620 imitari
350 587 421 620 illa.
458 587 536 623 ”Qu
554 586 658 631 §torsi
673 587 798 632 beugen
817 585 889 630 suff
903 587 971 621 eine
991 587 1103 628 &cites

95 639 157 674 mie
186 639 235 675 bie
259 638 427 685 &cbelcfe'
455 646 489 672 et
516 639 711 683 geniculari
738 641 782 671 ad
813 639 953 679 singula
980 640 1102 679 verba,

95 697 179 725 sunt
213 703 332 724 mores
361 691 505 724 illarum
535 691 708 735 gentium.
765 690 831 726 δίη
854 689 1033 734 Ξωΐΐώεῖ·
1055 690 1101 733 fol

93 746 154 778 ben
171 742 274 788 Ropff
291 745 389 788 gemb
407 744 538 787 butten.
567 754 600 778 et
627 743 673 785 sol
703 753 766 777 nur
793 743 843 777 ein
863 743 931 777 mal
952 741 1008 785 sid>
1028 742 1102 777 beu:
1127 769 1129 782 ,

94 794 243 841 geum),
262 804 360 831 menn
377 806 409 830 et·
428 796 539 839 bineiu
559 799 664 840 geber,
681 796 745 830 unb
764 803 859 829 menn
873 805 905 829 cr
922 799 1100 840 meggclpet„

92 848 184 881 sicut
210 847 318 880 etiam
338 859 459 880 coram
484 848 705 891 imperatore
731 853 783 880 est
804 847 989 880 usitatum.
1044 845 1100 879 [n-

86 905 191 932 -terea
217 899 324 932 debet
347 905 442 932 stare
469 905 606 932 erectus
632 898 748 943 capite
776 904 809 931 et
842 904 919 931 toto
947 910 1099 942 corpore

91 957 170 991 etc„
197 962 274 984 non
293 950 402 984 etlam
430 951 611 985 inflectere
630 949 803 985 humeros
819 956 882 984 aut
907 949 1099 984 contrahe-

89 1015 153 1042 re,
183 1008 224 1036 ut
249 1002 362 1049 aliqui
386 1003 525 1037 faciunt
553 1010 618 1037 etc.
678 1001 869 1036 linitamur
891 1009 926 1035 et
949 1002 1099 1036 accersi-

87 1067 178 1101 mus¹
193 1054 299 1089 nobis
324 1055 533 1100 peregrinas
550 1062 583 1088 et
607 1054 865 1099 nugacissimas
891 1054 1045 1098 ineptias
1064 1060 1099 1088 et
1123 1066 1125 1101 ᾗ

354 1107 515 1142 Virtutes
540 1114 661 1141 autem
681 1119 756 1140 non
777 1106 965 1140 imitamur
992 1113 1026 1139 et
1044 1106 1098 1139 in-
1122 1134 1124 1150 Ι,

89 1111 207 1151 gestus
235 1113 301 1141 etc.

87 1159 291 1192 tentionem
319 1159 445 1194 animi.

193 1217 254 1252 Vs.
272 1216 360 1253 537.
414 1219 499 1253 Non
517 1231 558 1252 ex
586 1216 714 1266 scilla.]
759 1219 922 1259 Smiebdl
952 1217 1007 1250 vel
1033 1216 1097 1251 ali-

90 1269 177 1316 quid
205 1269 333 1303 simile.

190 1320 269 1355 Vss.
289 1320 366 1355 537
381 1334 433 1367 sq.
486 1321 604 1355 Rosae
621 1327 836 1362 nascuntur,
865 1333 982 1367 neque
1008 1319 1097 1366 hya-

88 1369 250 1413 cinthus,
278 1385 396 1418 neque
415 1385 456 1405 ex
478 1385 578 1407 serva
594 1373 736 1407 soboles
749 1401 756 1412 ‚
785 1379 915 1406 natura
935 1373 1095 1407 liberaliS

84 1418 275 1469 nascitur]
343 1424 460 1458 Nemo
488 1425 642 1458 fabricat
678 1426 746 1459 sibi
778 1426 988 1469 compedes,
1022 1426 1095 1461 Qec

86 1477 162 1523 {lug
189 1475 246 1519 ists
273 1478 328 1511 bet
356 1477 451 1521 tbntss
481 1477 576 1523 nicht,
604 1478 750 1511 fortuna
779 1489 898 1511 mores
917 1478 1093 1512 imitatur.

86 1527 127 1561 ln
148 1528 223 1562 vita
244 1527 446 1573 Pomponii
471 1530 580 1564 Attici
593 1529 638 1577 ⁷¹)
666 1537 717 1564 est
741 1529 895 1563 dictum:
931 1529 995 1564 Sui
1021 1529 1094 1563 cui-

86 1593 156 1627 que
175 1592 294 1614 mores
317 1581 502 1615 fortunam
526 1582 674 1616 faciunt.
727 1581 791 1616 Est
814 1594 938 1615 verum
966 1583 1009 1615 de
1032 1582 1092 1615 illa

84 1632 233 1677 politica
267 1634 548 1674 consuetudine,
583 1635 796 1679 perfidiosus
835 1641 886 1668 est
927 1634 965 1667 in
995 1634 1092 1668 odio.
1119 1673 1120 1677 Ἰ

84 1683 277 1717 Homicida
302 1682 428 1718 haeret
453 1686 489 1718 in
507 1687 632 1730 poenis
657 1687 842 1720 divinitus.
894 1684 982 1719 Item
1012 1698 1093 1730 per-

86 1736 203 1772 iurus:
230 1735 376 1769 Atrocia
396 1737 522 1770 delicta
539 1739 741 1782 puniuntur
756 1738 937 1772 atrocibus
953 1738 1092 1783 poenis.

85 1790 177 1824 Sunt
194 1801 279 1822 vera
296 1789 340 1822 de
357 1789 503 1834 politica
523 1790 671 1834 iustitia,
699 1791 741 1823 de
758 1790 960 1834 disciplina.
988 1790 1091 1823 Aliae

86 1848 170 1877 sunt
190 1853 339 1881 causae,
366 1853 479 1887 quare
503 1842 615 1888 aliqui
634 1843 672 1874 in
689 1841 847 1876 Ecclesia
873 1841 1091 1885 affligantur.

188 1893 267 1928 Vss.
286 1891 358 1928 541
379 1906 431 1940 sq.
487 1894 611 1927 Metuo
626 1921 634 1935 ,
663 1906 707 1927 ue
727 1892 820 1927 hanc
837 1893 1020 1926 civitatem
1038 1894 1092 1926 in-

84 1945 244 1986 iustitia,
271 1945 482 1984 insolentia,
512 1947 628 1992 Ξϊιιὶῥ,
657 1947 797 1990 perdat,
826 1958 918 1991 quae
937 1944 1093 1979 Centau-

84 2010 145 2032 ros
167 1991 381 2031 crudivoros
404 1998 590 2044 perdidit]
632 1999 743 2043 &totis
772 2002 840 2034 unt>
871 1998 966 2042 ἔταξ’.
992 2011 1091 2031 ever-

85 2043 137 2084 tit'
151 2055 284 2097 gentes.
327 2048 438 2096 ὕβρις
467 2051 573 2083 etiam
606 2063 672 2085 nos
697 2051 875 2096 perdidit,
910 2057 944 2083 et
974 2051 1090 2095 perdit

85 2102 268 2148 quotidie,
293 2110 389 2137 menn
419 2103 506 2138 einer
533 2102 697 2149 febriam.
726 2103 839 2149 pucht.
875 2115 949 2136 non
975 2104 1090 2137 consi-

85 2155 206 2194 derat,
235 2166 390 2199 quarum
419 2167 542 2188 rerum
573 2158 701 2191 modus
729 2169 803 2191 esse
821 2156 961 2189 debeat.

188 2205 266 2239 Vss.
283 2204 516 2241 543—545.
571 2208 726 2253 Oportet
752 2221 808 2242 me
827 2208 871 2241 ad
894 2207 1025 2240 libram
1055 2214 1089 2241 et

82 2257 130 2291 ad
151 2257 332 2291 rationem
361 2258 520 2293 iudicare
547 2272 710 2301 causam,
740 2261 898 2295 tribuere
922 2260 1086 2306 aequalia

82 2309 227 2356 utrique
256 2310 351 2355 parti
376 2308 546 2346 adhibitis
571 2312 711 2346 vatibus
737 2320 772 2347 et
795 2312 955 2357 auguriis
981 2318 1014 2345 et
1032 2324 1086 2345 ar-

83 2362 250 2396 dentibus
268 2362 426 2407 osculis]
468 2361 505 2396 Id
525 2370 587 2404 est,
616 2363 775 2399 adhibita
796 2364 984 2409 religione,
1012 2377 1086 2398 non

83 2414 197 2449 debeo
227 2421 458 2448 contemnere
483 2416 709 2459 religionem.

185 2472 244 2507 Vs.
263 2472 352 2508 546.
406 2474 459 2509 Ne
483 2472 636 2509 habeam
663 2483 768 2521 turpe
793 2476 969 2522 probrum
987 2489 1085 2510 erro-

85 2523 156 2565 ris,
185 2525 376 2566 stultitiae,
407 2527 538 2562 delicti.

117 2669 192 2698 70³)
213 2668 253 2700 fid)
274 2670 386 2702 heugen]
408 2671 448 2695 sic
468 2671 584 2702 scripsi;
606 2673 653 2696 Ed.
674 2673 748 2698 1560.
771 2679 892 2704 regn-ten.

116 2719 165 2748 71)
186 2720 298 2746 eoi-nel.
319 2721 430 2751 Nepotis
444 2723 552 2746 Atticus
577 2724 623 2747 11.
643 2724 667 2747 6.

484 222 645 257 Naturae
677 223 824 257 serviles
848 229 931 257 sunt
958 224 1106 257 fucatae.

101 273 179 319 Ego
201 275 317 308 laetor
339 274 464 315 rebus,
501 274 630 320 quibus
665 275 778 308 debeo
808 275 956 316 laetari,
986 282 1020 309 et
1046 275 1107 308 tri·
1132 293 1134 311 J

1131 383 1133 422 l

2101 90 2173 123 118

1276 172 1337 207 VS.
1367 171 1455 207 547.
1509 173 1655 207 'Nemini
1686 173 1759 206 vim
1797 172 1935 219 facias]
1988 174 2097 210 Redit
2127 178 2170 210 ad

1161 231 1356 270 praecepta
1385 225 1564 266 iustitiae,
1601 226 1662 259 illa
1691 232 1773 260 sunt
1798 225 2014 271 principalia
2042 227 2080 261 in
2104 226 2171 262 hoc

1160 276 1295 310 libello.

1253 328 1330 364 'Vs
1354 327 1442 364 548.
1497 325 1767 376 Beneficentia.]

1159 380 1252 414 bene
1283 381 1400 415 facere
1434 388 1485 416 est
1517 382 1744 427 praeclarum
1782 380 1821 414 in
1852 382 1932 416 viro
1967 383 2074 419 iusto.

1158 432 1254 466 bello
1273 433 1321 467 sis
1345 446 1438 468 acer.

1260 484 1321 519 Ts-
1341 484 1427 520 549.
1483 485 1640 520 Nuntius
1658 485 1808 530 mutus]
1863 484 1902 518 Id
1923 491 1993 526 est,
2022 486 2162 531 signum

1159 535 1195 568 in
1222 537 1363 581 specula
1386 538 1515 571 excitat
1540 536 1807 583 lachrymosum
1838 538 1992 577 bellum,
2017 551 2163 584 conspe-

1158 594 1253 621 ctum
1279 589 1420 633 signum
1446 602 1463 622 a
1491 590 1634 634 specula
1662 589 1789 634 procul
1806 591 1999 635 conspicua
2020 591 2164 628 visibili.

1156 640 1217 673 sed
1252 640 1391 674 iniicito
1429 642 1549 675 frenos
1584 642 1684 688 equis
1716 642 1943 683 volucribus,
1978 643 2162 681 celeribus,

1157 692 1321 726 existimo
1345 706 1405 727 eos
1432 706 1542 739 equos
1564 706 1775 728 occursuros
1792 706 1866 728 esse
1883 692 2057 729 hostibus.

1258 744 1319 780 Vs.
1344 743 1432 779 553.
1497 746 1580 780 Non
1612 746 1766 779 multum
1792 746 1871 780 viae
1899 747 2082 791 perficient
2108 748 2161 780 iu-

1155 797 1283 840 terea.]
1338 796 1375 830 Id
1400 803 1471 837 est,
1499 810 1574 831 non
1598 798 1725 842 procul
1749 798 1878 832 absunt
1896 797 2027 834 hostes.

1258 848 1336 883 Vss.
1355 847 1431 883 555
1455 862 1507 895 sq.
1562 849 1718 894 Oportet
1742 851 1942 894 praesenti,
1969 851 2054 885 forti
2083 850 2159 884 ani-

1155 912 1213 933 mo
1241 913 1314 935 esse
1336 903 1491 946 positum
1518 902 1554 934 in
1582 901 1768 936 doloribus
1794 902 1932 943 virum,
1960 910 1993 937 et
2015 910 2158 947 oportet

1154 964 1171 984 a
1193 951 1270 986 Diis
1287 960 1408 997 petere
1425 954 1662 995 solutionem,
1690 953 1956 996 liberationem,
1985 954 2131 989 exitum.

1257 1005 1317 1040 Υε.
1331 1004 1418 1040 557.
1474 1006 1678 1040 Periculum
1699 1013 1769 1040 stat
1785 1006 1821 1039 in
1839 1007 1913 1041 acie
1932 1007 2156 1052 novaculae]

1152 1054 1191 1089 Id
1214 1063 1284 1097 est,
1320 1058 1393 1091 iarn
1426 1059 1631 1102 proximum
1665 1064 1717 1092 est
1740 1059 1953 1103 periculum.
2014 1058 2154 1092 Mutavi

1152 1108 1310 1153 primum
1336 1123 1480 1143 versum
1509 1123 1551 1143 ex
1567 1108 1764 1143 Theocrito
1792 1111 1862 1144 sic:

1196 1167 1338 1205 ’Δίδιον
1365 1169 1484 1206 καλέω
1504 1171 1600 1206 θεοῦ
1617 1169 1701 1206 υἱον
1719 1167 1844 1206 πάντα
1861 1173 2103 1216 κρατοῦντος,

1196 1219 1438 1269 Ἀνθρώπου]
1462 1225 1612 1269 σωτῆρα
1632 1221 1689 1257 ἐπὶ
1713 1224 1827 1268 ξυροῦ
1844 1221 1914 1269 ἤδη
1932 1221 2105 1262 ἐόντωιν.’ί

1150 1269 1334 1308 Secundus
1359 1287 1482 1309 versus
1502 1281 1554 1309 est
1568 1273 1833 1319 Theocritiw),
1862 1275 1899 1307 id
1926 1281 1995 1314 est,
2025 1275 2153 1308 invoco

1150 1323 1262 1359 filium
1282 1325 1349 1360 Dei
1380 1327 1688 1372 omnipotentem,
1722 1325 1912 1360 hominum
1932 1333 2154 1360 servatorem

1150 1377 1378 1412 existentium
1398 1379 1435 1412 in
1453 1380 1531 1424 ipsa
1550 1379 1727 1413 novacula
1742 1406 1751 1419 ,
1780 1379 1815 1412 id
1834 1385 1904 1419 est,
1932 1378 1970 1412 in
1987 1391 2155 1423 praesen-

1149 1430 1287 1464 tissimo
1319 1431 1494 1476 periculO.
1550 1431 1636 1469 (530st
1672 1430 1780 1476 bilfft,
1822 1440 1917 1467 menn
1954 1431 2024 1467 {ein
2054 1431 2154 1475 biilffc

1148 1482 1240 1527 mebt
1268 1494 1306 1529 32¹
1333 1490 1495 1520 ermarten
1530 1484 1580 1528 ist.

1250 1536 1311 1570 Vs.
1337 1535 1424 1571 561.
1479 1537 1533 1570 Sit
1555 1535 1645 1570 mihi
1669 1543 1833 1578 tantum,
1862 1544 2038 1584 quantum
2065 1552 2154 1585 opus

1148 1587 1225 1632 est.]
1280 1587 1379 1634 Opto
1406 1589 1530 1623 amicis
1556 1590 1690 1630 multa,
1717 1596 1757 1623 ut
1793 1590 1934 1635 possint
1960 1592 2046 1625 dare
2075 1592 2153 1626 aliis

1146 1639 1318 1683 pecunias
1349 1641 1603 1683 inimicorum,
1638 1642 1674 1675 id
1706 1648 1777 1683 est,
1813 1648 1852 1676 ut
1889 1643 1961 1677 sint
2000 1643 2152 1678 victores

1147 1703 1393 1728 mimicorum.

1250 1743 1328 1778 Vss.
1347 1744 1422 1779 563
1442 1758 1520 1792 sqq.
1575 1745 1732 1780 XXXIV.
1759 1745 1813 1779 De
1844 1747 2025 1782 convivio·

1250 1796 1327 1830 Vss.
1348 1797 1422 1831 563
1444 1815 1488 1820 —
1508 1796 1595 1832 568.
1649 1799 1685 1832 Si
1711 1799 1851 1833 voceris
1875 1799 1912 1831 in
1931 1799 2151 1842 convivium,

1146 1848 1232 1881 utile
1266 1856 1318 1882 est
1351 1851 1474 1883 sedere
1509 1852 1604 1895 apud
1637 1851 1774 1884 bonum
1805 1851 1944 1891 virum,
1979 1851 2150 1886 scientem

1147 1912 1292 1933 omnem
1330 1902 1566 1946 sapientiam,
1610 1909 1650 1936 ut
1690 1902 1889 1947 intelligas,
1932 1904 2149 1944 consideres,

1146 1954 1293 1997 quando
1316 1954 1411 1987 dicat
1445 1955 1583 2000 aliquid
1609 1955 1811 1999 sapienter,
1846 1961 1887 1988 ut
1912 1955 2045 1997 discas,
2081 1954 2150 1990 hoc

1145 2001 1282 2039 habens
1306 2005 1445 2039 lucrum
1473 2007 1596 2041 abiens
1629 2007 1667 2039 in
1691 2008 1852 2041 domum.
1915 2006 2020 2041 Ludo
2053 2009 2149 2042 dele-

1146 2062 1245 2090 ctans
1271 2070 1328 2090 me
1346 2058 1510 2096 iuventa3
1540 2059 1601 2092 diu
1620 2058 1716 2092 enim
1734 2059 1799 2093 sub
1825 2065 1921 2092 terra
1940 2059 2065 2094 iacebo
2084 2061 2149 2095 sic-

1144 2114 1183 2142 ut
1218 2109 1338 2154 lapis]
1417 2109 1453 2143 ld
1485 2117 1556 2151 est,
1595 2112 1704 2151 vade,
1738 2111 1874 2144 laetare
1904 2111 1950 2157 in]
1973 2113 2047 2146 vita
2073 2119 2147 2148 tua.

1143 2160 1372 2196 Ecclesiastes
1386 2162 1450 2208 73);
1475 2162 1638 2196 Tristitia
1655 2162 1786 2196 occidit
1803 2161 2004 2205 hominem,
2023 2171 2057 2199 et
2070 2178 2144 2198 non

1144 2220 1195 2247 est
1218 2214 1353 2248 utilitas
1373 2214 1458 2249 eius.
1514 2214 1651 2249 Sufficit
1675 2215 1746 2248 diei
1774 2215 1919 2250 afflictio
1937 2229 2014 2251 sua.

1247 2266 1325 2300 Vss.
1353 2265 1427 2300 569
1453 2280 1505 2312 sq.
1559 2267 1605 2300 Et
1628 2267 1831 2313 relinquam
1855 2274 1998 2312 gratum
2021 2269 2143 2302 lumen

1142 2318 1246 2358 solis,
1283 2331 1505 2365 quamquam
1541 2320 1657 2354 bonus
1690 2320 1862 2361 existens,
1897 2326 2018 2354 tamen
2052 2319 2141 2353 nihil

1142 2371 1296 2415 ainplins
1318 2369 1480 2419 videbo]
1536 2372 1632 2405 Utile
1657 2379 1709 2405 est
1723 2373 1854 2419 [sedere
1871 2374 1967 2417 apud
1986 2373 2140 2417 pruden-

1141 2429 1224 2456 tem.
1279 2421 1379 2457 Nihil
1404 2430 1455 2457 est
1481 2424 1638 2464 dulcius,
1675 2436 1783 2470 quam
1812 2436 1885 2458 esse
1910 2424 1946 2456 in
1973 2424 2139 2457 convivio

1141 2472 1329 2507 bominum
1350 2475 1551 2519 sapientum
1565 2503 1574 2517 ‚
1603 2475 1664 2522 qui
1680 2478 1723 2509 de
1742 2476 1847 2510 relius
1865 2476 1969 2509 bonis
1986 2476 2140 2522 loquun-

1140 2533 1216 2566 tur,
1245 2528 1340 2571 apud
1361 2527 1538 2569 sinceros,
1567 2535 1601 2562 et
1625 2528 1836 2573 praesertim
1862 2529 1958 2572 apud
1982 2541 2072 2574 quos
2088 2536 2138 2562 est

1828 328 1867 363 Id
1895 336 1967 371 est,
2007 338 2100 365 recte
2137 340 2169 366 et

2128 383 2168 419 In

1173 2647 1220 2674 72)
1242 2647 1378 2671 Theocriti
1404 2648 1484 2678 ΜΣΝ.
1512 2649 1607 2673 ΧΧΠ,
1634 2649 1678 2674 6,.
1704 2649 1747 2672 ulii
1771 2647 1844 2677 ivero
1870 2646 1896 2671 in
1921 2648 1967 2671 Ed.
1988 2648 2137 2676 Kiesslinz.

1209 2683 1269 2706 loco
1290 2682 1399 2714 σωτῆρα
1419 2684 1535 2713 legitur:
1556 2683 1688 2714 σωτῆρας.

1171 2725 1215 2756 73ζ
1239 2725 1457 2750 Ecclesiasticus
1477 2726 1526 2752 30.
1545 2727 1587 2750 25.

1504 2759 1562 2794 3..
