2341 2973
216 92 258 128 15

318 180 439 224 Neque
459 181 667 220 egestatem,
695 172 811 217 Cyrne
824 199 832 212 ,
861 173 990 205 malam
1010 173 1135 207 obiice.

267 231 424 276 luppiter
441 228 533 262 enim
550 237 633 259 sane
650 224 777 256 libram
797 223 943 256 inclinat
960 224 1046 258 alias
1064 224 1144 265 alii,

316 281 497 315 Interdum
521 277 664 323 quidem
688 274 876 315 ditescere,
916 275 1095 309 interdurn
1121 287 1205 309 vero

627 324 717 360 nihil
735 324 877 359 habere.

267 385 480 427 Nunquam,
510 380 646 424 Cyrne,
674 377 817 410 vendita
842 377 989 409 verbum
1018 389 1206 422 magnum;

625 435 726 461 novit
746 440 839 460 enim
860 440 964 460 nemo

217 497 287 531 160
315 493 511 527 Hominum
523 516 531 529 ,
559 488 645 533 quid
661 500 732 520 nox
748 494 781 520 et
799 487 872 520 dies
890 487 966 519 viro
985 489 1154 532 perficiat.

267 545 371 580 Multi
395 543 538 589 quidem
561 546 711 573 utuntur
734 538 838 571 malis
858 539 1031 579 consiliis,
1059 539 1206 572 numine

623 596 741 623 autem
760 590 896 628 dextro,

323 646 478 692 Quibus,
515 643 609 687 quod
635 641 767 673 malum
793 640 1001 681 videbatur,
1045 641 1136 674 cedit
1171 640 1208 673 in

635 693 783 731 bonum,

269 753 356 785 Sunt
384 759 465 780 vero
490 746 571 784 ιιῖἱὶ,
611 742 671 788 qui
698 749 731 775 et
755 742 902 775 consilio
928 744 1043 782 bono,
1087 749 1119 775 et
1144 755 1207 775 nu—

625 806 721 826 mine
741 800 884 827 sinistro

331 852 386 883 les
404 852 548 892 gerunt,
576 845 655 878 finis
672 851 787 878 autem
806 845 910 877 rebus
930 856 1001 876 non
1017 844 1181 877 succedit.

219 914 287 950 165
317 912 431 947 Nemo
447 905 648 944 homiuum,
665 916 780 949 neque
798 904 907 944 dives,
928 916 1043 949 neque
1061 916 1208 948 pauper,

315 963 438 1006 Neque
457 957 569 991 malus
586 956 660 989 sine
679 955 845 994 numine,
873 967 987 1000 neque
1007 956 1120 988 bonus
1142 961 1208 991 esst

268 1014 372 1050 Aliud
399 1010 457 1042 .-.lii
486 1008 619 1041 malum
646 1013 715 1044 est,
759 1018 796 1039 re
822 1019 902 1039 vera
935 1012 1052 1039 autem
1086 1007 1208 1039 beatus

628 1069 734 1089 nemo
753 1062 801 1090 est

317 1113 512 1148 Hominum
525 1136 534 1149 ,
564 1113 740 1154 quotquot
758 1107 809 1141 sol
828 1106 997 1140 intuetur.

268 1169 383 1213 Quem
401 1169 518 1196 autem
539 1159 600 1192 Dii
615 1164 756 1198 amant,
786 1165 819 1191 et
836 1158 975 1191 invidus
995 1158 1134 1197 laudat,

220 1229 292 1264 170
319 1224 397 1258 Viri
414 1234 497 1255 vero
512 1219 669 1255 studium
687 1224 736 1251 est
752 1217 901 1251 nullum.

269 1279 363 1312 Deos
391 1286 470 1313 ora,
515 1271 642 1317 quibus
668 1275 718 1302 est
744 1280 871 1312 magna
904 1273 1076 1312 potestas;
1120 1266 1208 1300 nihil

634 1320 707 1354 sine
724 1318 801 1352 Diis

320 1379 381 1412 Est
397 1373 603 1409 hominibus
615 1398 623 1410 ,
651 1383 765 1416 neque
784 1371 875 1403 bona
889 1396 897 1408 ,
926 1381 1040 1414 neque
1058 1368 1162 1401 mala.

269 1432 394 1464 Virum
407 1428 544 1459 bonum
559 1428 759 1468 paupertas,
779 1434 885 1466 quani
901 1421 988 1453 aliae
1004 1432 1058 1453 res
1076 1431 1210 1458 omnes,
1236 1438 1239 1450 1

632 1474 754 1506 domat
774 1472 885 1516 magis
897 1498 905 1511 ‚

322 1531 365 1565 Et
400 1539 497 1575 qtcccm
530 1531 689 1559 senectus
723 1535 809 1556 cana
824 1550 832 1563 ,
877 1521 1012 1567 Cyrne,
1058 1528 1089 1554 et
1114 1533 1212 1566 qnam

629 1574 753 1609 febris:

226 1642 294 1679 175
324 1642 439 1687 Quam
459 1637 599 1683 quidem
614 1640 843 1678 paupertatem
863 1638 1003 1676 oportet
1022 1632 1151 1674 fugere,
1180 1636 1213 1662 et

634 1698 670 1718 ln
690 1696 901 1717 lHHlleIlSUlss
925 1694 1021 1715 lllae'll'st

328 1741 526 1777 Proiicere,
555 1744 589 1770 et
604 1743 742 1781 petras,
772 1735 907 1780 Cyrne,
936 1740 1058 1766 contra
1077 1731 1175 1763 altas.

275 1793 400 1829 Omnis
428 1790 521 1823 enim
552 1788 605 1820 vir
637 1792 846 1832 paupertate
881 1785 1055 1823 domitus,
1098 1792 1213 1825 neque

636 1839 826 1883 quicquam
850 1836 986 1875 dicere,

328 1896 449 1939 Neque
482 1892 596 1924 facere
626 1895 758 1933 potest3
802 1888 922 1931 lingua
949 1898 1031 1919 vero
1056 1884 1105 1916 illi
1130 1883 1214 1926 liga-

638 1947 671 1972 ta
695 1946 756 1973 est.
1122 1964 1124 1966 ,

280 2000 430 2042 Oportet
453 1993 558 2037 igitur
577 1991 680 2026 simul
698 2002 803 2034 super
822 1996 952 2022 terram
973 1994 1004 2020 et
1024 1988 1092 2019 lata
1111 1986 1215 2018 dorsa

640 2054 748 2075 maris

234 2111 304 2144 180
334 2108 511 2151 Quaerere
536 2102 671 2145 gravis,
699 2101 836 2145 Cyrne,
864 2098 1110 2131 liberationem
1132 2107 1216 2140 pau-

642 2158 799 2195 pertatls.

285 2208 377 2242 Mori
390 2233 398 2245 ,
426 2218 442 2238 ο
459 2204 569 2237 amice
586 2202 700 2246 Cyrne
712 2228 721 2240 ,
750 2199 897 2245 pauperi
921 2197 1045 2231 melius
1064 2202 1113 2229 est
1129 2196 1219 2234 viro,

335 2259 451 2302 Quam
472 2255 588 2287 vivere
605 2255 692 2286 dura
713 2252 880 2284 asssicturn
899 2254 1118 2293 paupertate.

284 2310 420 2343 Arietes
450 2306 592 2351 quidem
622 2310 655 2336 et
691 2303 808 2336 asinos
837 2300 1059 2346 quaerimus,
1092 2297 1221 2342 Cyme,

646 2360 678 2386 et
696 2365 804 2398 equos

339 2411 558 2445 Generosos,
587 2412 620 2438 et
638 2405 786 2449 quisque
806 2402 879 2435 vult
896 2414 936 2434 ex
950 2399 1052 2433 bonis

240 2470 309 2507 185
337 2468 550 2503 A‹1min‹›r0;
587 2466 714 2497 (lucere
752 2468 867 2495 autern
907 2461 1037 2492 malam
1072 2468 1224 2495 uxorem,

651 2514 733 2547 inali
752 2513 814 2545 viri
834 2512 953 2549 filiam,
970 2523 1041 2542 non
1060 2508 1175 2541 renuit

345 2572 544 2603 Generosns
563 2567 628 2605 vir,
652 2565 677 2599 si
698 2565 727 2597 ei
743 2563 910 2607 pecunias
931 2562 1057 2593 multas
1072 2558 1224 2592 dederit:

295 2621 396 2657 Nulla
414 2619 542 2662 semina
560 2617 640 2649 mali
661 2615 727 2648 viri
744 2619 882 2647 recusat
898 2624 969 2645 esse
984 2624 1073 2644 uxor

346 2670 485 2708 Divitis,
506 2668 591 2713 quin
609 2667 754 2700 divitem
772 2665 846 2698 vult
863 2665 1021 2697 maritum
1037 2662 1113 2695 loco
1131 2659 1227 2693 boni.
1254 2686 1257 2699 ,

797 85 917 120 PHlL.
952 86 1062 122 MEL.
1097 87 1298 122 SCfflPTA
1332 89 1666 125 PHILOLOGICA.

2208 96 2254 130 16

1311 175 1407 220 Opes
1426 177 1569 221 quidem
1591 175 1799 215 aesti11=ant;
1828 184 1861 210 et
1881 190 1921 210 ex
1939 178 2034 211 malo
2050 181 2122 213 viro
2146 186 2255 215 ortam

1669 227 1784 261 bonus
1803 229 1903 262 duxit
1919 241 2066 262 uxorem
2078 257 2086 270 ‚

1263 277 1334 312 190
1362 278 1407 311 Et
1425 279 1536 311 malus
1554 290 1594 310 ex
1610 278 1705 311 bono
1729 285 1837 313 ortam
1862 293 1935 314 cum
1959 280 2091 314 divitiis
2114 282 2255 315 miscuit

1671 342 1791 372 genus.

1311 379 1432 426 ltaque
1450 392 1493 412 ne
1514 379 1644 412 mirare
1662 393 1790 423 genus,
1815 393 1832 413 ο
1848 381 2053 426 Polypaeda
2067 409 2076 422 ,
2105 383 2235 417 civium

1362 431 1601 468 Lal›esactari;
1621 443 1700 463 cum
1714 432 1808 464 enim
1824 432 2017 467 miscentur
2031 434 2124 467 bona
2142 435 2255 468 malis.

1312 481 1389 527 lpse
1409 482 1551 527 quidem
1578 479 1686 521 bane,
1715 494 1929 526 cognoscens
1954 485 2048 518 malo
2074 492 2174 529 patre
2201 498 2256 518 or-

1676 539 1747 566 tam
1771 546 1862 573 esse,

1367 583 1405 616 ln
1425 586 1526 617 aedes
1544 597 1624 618 suas
1643 584 1759 623 ducit,
1790 585 1915 628 opibus
1935 587 2027 620 illius
2046 586 2230 625 inductus,

1264 633 1336 669 195
1362 635 1499 669 Nobilis
1819 637 2108 682 qnandoquidem

1671 698 1785 729 lpsum
1814 687 2001 721 necessitas

1367 737 1488 778 Cogit,
1515 749 1604 782 qnae
1624 737 1691 768 xiri
1708 738 1788 770 feeit
1805 738 1970 771 miseran}
1988 745 2157 772 mentem.

1314 790 1408 832 Opes
1429 801 1512 821 vero
1530 789 1582 821 cui
1602 801 1619 821 a
1639 787 1740 828 Iove,
1768 795 1800 820 et
1818 801 1896 822 cuni
1924 789 2057 823 iustitia
2079 790 2155 821 viro
2184 790 2256 822 sue-

1677 839 1766 877 rint,

1363 890 1408 922 Et
1427 890 1572 933 integre,
1599 902 1739 933 semper
1757 889 1899 934 quidem
1919 890 2044 924 stabile
2062 897 2132 927 est;

1315 940 1348 973 Si
1369 953 1450 973 vero
1469 941 1595 974 iniuste
1614 947 1752 984 praeter
1771 948 1908 984 teinpus
1935 942 1988 973 x'ir
2014 941 2099 974 lucri
2127 940 2256 984 cupido

1675 1004 1795 1024 annno

1263 1043 1337 1077 200
1363 1042 1552 1087 Aequiret,
1595 1042 1666 1075 sive
1696 1043 1928 1076 iureiurando
1957 1049 2097 1087 praeter
2126 1042 2254 1075 iustum

1674 1106 1833 1137 capiens,

1314 1143 1439 1175 Statim
1460 1143 1601 1188 quidem
1621 1144 1711 1175 serre
1733 1144 1868 1177 lucrum
1897 1144 2056 1184 videtur,
2093 1146 2126 1178 in
2151 1145 2255 1177 sulen}

1679 1206 1761 1226 vero

1366 1245 1519 1278 Rursum
1546 1251 1595 1278 est
1622 1246 1811 1282 damnum3
1849 1244 2007 1279 Deorum
2036 1246 2130 1279 enim
2157 1258 2257 1288 supe-

1548 635 1739 678 ignobilem
1756 661 1764 674 ,
2156 638 2256 669 [015ss

1676 1297 1750 1327 rior
1772 1302 1821 1327 est
1842 1309 1950 1328 1111·115.

1315 1346 1381 1379 Sed
1401 1344 1487 1379 baec
1507 1343 1691 1379 bominum
1710 1346 1836 1378 fallunt
1854 1352 2028 1382 mentemst
2063 1358 2135 1379 non
2163 1345 2257 1378 enini

1671 1409 1777 1440 super
1796 1396 1889 1440 ipsos

1365 1447 1475 1480 Fiunt
1491 1446 1585 1479 beati
1604 1447 1655 1480 rei
1677 1448 1819 1480 erroris.

1266 1498 1340 1534 205
1368 1500 1435 1532 Sed
1452 1497 1507 1531 liic
1535 1498 1678 1543 quidem
1704 1498 1777 1542 ipse
1803 1498 1909 1531 solxit
1931 1498 2063 1531 malum
2081 1496 2258 1534 debiturn3

1688 1549 1744 1581 ille
1764 1561 1848 1582 vero
1872 1547 1987 1582 charis

1370 1601 1507 1634 TNoxam
1526 1607 1645 1644 postea
1663 1600 1783 1634 liberis
1801 1600 1982 1644 appendit.

1319 1652 1437 1685 Alium
1463 1664 1547 1684 vero
1574 1664 1645 1684 non
1677 1649 1914 1695 apprehendit
1947 1650 2121 1687 vindictam
2165 1660 2260 1681 mors

1680 1703 1774 1735 enim
1792 1702 1980 1746 impudens

1368 1754 1472 1788 Prius
1490 1753 1650 1799 θυμω-Μ)
1670 1754 1856 1797 palpebras
1874 1753 2018 1787 sedebat
2031 1777 2039 1790 ,
2071 1752 2183 1784 satum
2206 1751 2259 1783 as-

1683 1805 1811 1838 serens.

1319 1855 1433 1889 Nemo
1468 1856 1624 1899 profecto
1658 1856 1749 1888 exuli
1785 1855 1917 1887 amicus
1951 1860 1984 1886 et
2016 1852 2128 1886 fidelis
2159 1852 2261 1885 soda-

1679 1906 1720 1939 lis
1740 1912 1806 1946 est,

1270 1958 1344 1992 210
1372 1956 1486 1989 Exilio
1504 1963 1621 1990 autem
1641 1963 1690 1989 est
1707 1954 1772 1988 hoc
1792 1955 1962 1987 acerbius.

1323 2007 1452 2039 Vinum
1472 2020 1554 2039 sane
1573 2014 1695 2050 potare
1713 2006 1877 2044 inultum,
1896 2005 2025 2038 malurn
2045 2010 2109 2039 esl;
2133 2004 2159 2037 si
2178 2014 2260 2036 vero

1689 2057 1766 2103 quis
1786 2057 1900 2100 ipsum

1372 2108 1511 2142 Potarit
1545 2108 1756 2152 prudenter,
1802 2120 1876 2140 non
1911 2106 2062 2145 malum,
2107 2106 2164 2139 sed
2200 2105 2263 2137 bo-

1684 2173 1768 2193 num
1795 2165 1854 2192 est.

1325 2211 1461 2255 Cyrne,
1491 2211 1622 2244 amicos
1642 2212 1834 2244 secundum
1855 2221 1976 2242 omnes
2001 2213 2180 2241 commuta
2205 2219 2263 2238 xa-

1690 2262 1760 2295 rios
1779 2273 1913 2299 mores,

1377 2311 1562 2355 Ingenium
1581 2319 1800 2357 tempeians,
1829 2311 1925 2357 quod
1944 2309 2093 2354 quisque
2112 2305 2229 2339 habet.

1276 2361 1350 2399 215
1377 2363 1504 2407 Polypi
1530 2370 1685 2397 mentem
1720 2363 1839 2396 obtine
1874 2359 2089 2403 versipellis,
2131 2359 2192 2402 qui
2223 2357 2266 2389 ad

1694 2422 1851 2459 petram,

1382 2464 1445 2497 Cui
1462 2462 1658 2497 adbaeserit
1673 2492 1680 2503 ,
1708 2466 1784 2498 talis
1806 2464 1880 2497 visu
1901 2466 2061 2506 apparet.

1319 2641 1361 2669 11)
1383 2640 1477 2668 superi
1500 2639 1540 2661 sic
1560 2641 1605 2662 (Ξ
1626 2637 1742 2665 Theogn.
1764 2632 1823 2666 5111)
1844 2635 1925 2659 rann.
1946 2635 2030 2665 1561,
2052 2618 2143 2663 156³,
2166 2631 2230 2658 1570
2247 2643 2272 2646 —

1357 2674 1444 2701 {3614
1474 2673 1519 2696 ΕΛ.
1542 2672 1614 2696 1:261.
1636 2671 1720 2694 mete:
1748 2675 1864 2699 semper.
