2421 3005
142 621 369 665 LXXXII.
449 620 650 663 PHIL.
699 616 877 659 MEL.
921 610 1608 655 IN'PERPRETA'PIO
1663 606 2151 652 PYTHIORUM

973 687 1328 732 PINDARI.

111 827 222 882 Haec
245 851 452 890 interpretatio
476 850 567 879 latina
589 847 790 877 Melanthonis
812 846 843 874 in
866 845 980 873 duabus
1004 843 1063 871 illis
1077 841 1170 870 Editt.
1187 838 1300 877 1558„
1328 839 1424 871 1563.
1450 850 1540 879 supra
1563 850 1591 879 p.
1605 838 1668 870 187
1684 850 1730 877 sq.
1750 839 1905 877 descriptis
1920 840 2088 876 invenitur,
2113 839 2179 877 qui-

111 898 232 926 buscum
254 895 376 924 Pindari
397 894 492 923 Editt.
513 891 652 921 Francos.
678 889 791 928 1542„
814 890 904 918 Basil.
930 885 1043 923 1556„
1066 885 1106 915 H.
1129 883 1274 922 Stephani
1300 882 1394 914 1566.
1419 884 1502 921 (vide
1526 893 1616 922 supra
1641 893 1670 921 p.
1689 882 1760 913 198.
1782 889 1881 911 notam
1898 882 1965 921 5.)‚
1987 882 2127 911 Boeckhii
2150 887 2181 911 et

110 940 250 978 Bergkii,
272 944 362 977 atque
384 936 648 976 interpretationes
673 935 709 963 H.
734 933 897 972 Stephani,
921 931 1030 968 Heynii
1054 935 1084 957 et
1107 926 1250 956 Boeckhii
1276 928 1452 965 quibusdam
1475 928 1504 955 in
1529 928 1599 956 locis
1623 928 1746 956 contuli.
1792 926 2006 964 stropharum,
2035 926 2181 954 Antistro-

110 983 236 1021 pharum
260 988 290 1011 et
310 981 436 1020 Epodon
458 988 616 1015 numeros,
654 979 759 1017 quibus
789 977 859 1005 illae
890 976 967 1005 duae
990 974 1083 1003 Editt.
1108 971 1364 1009 interpretationis
1387 971 1460 1001 Mel.
1484 977 1605 1007 carent,
1629 980 1666 999 ex
1691 970 1940 1008 interpretatione
1963 969 2104 998 Boeckhii
2127 969 2181 998 ad-

110 1026 224 1065 scripsi.

839 1232 1146 1270 PINDARI
1189 1228 1462 1267 PYTHIA

668 1302 899 1332 PHILlPPO
922 1299 1265 1332 MELANTHONE
1288 1295 1620 1326 INTERPRETE.

545 1397 635 1442 ode
656 1397 690 1440 Ι.

212 1477 250 1510 Η
256 1477 269 1510 ἱ
277 1487 295 1509 e
305 1488 324 1510 r
332 1487 350 1510 ο
360 1477 406 1509 ni
433 1478 583 1510 Aetnaeo
607 1476 798 1520 Syracusio
814 1473 844 1520 ¹)
869 1471 1023 1520 ἅρματι.

215 1551 306 1600 (Str.
326 1554 376 1599 1.)
407 1552 439 1586 Ο
458 1565 566 1586 aurea
589 1550 726 1586 cithara
741 1579 749 1593 ‚
776 1551 958 1596 Apollinis
985 1556 1020 1583 et
1039 1549 1121 1582 Mu-

110 1617 233 1640 sarum
252 1617 413 1640 consona
435 1606 632 1650 possessio,
667 1618 777 1651 quam
803 1604 905 1638 audit
929 1601 1122 1648 rhythmus

111 1657 150 1691 in
167 1655 322 1698 chorea,
351 1658 414 1704 qui
439 1664 492 1691 est
519 1657 738 1702 principium
761 1656 933 1690 laetitiae.
989 1655 1122 1689 Canto—

113 1722 170 1743 res
188 1715 307 1744 autern
328 1710 582 1754 obtemperant
606 1709 676 1743 tuis
699 1709 831 1753 signis,
867 1709 1014 1754 quando
1042 1719 1123 1752 per-

114 1774 214 1796 cussa
242 1760 372 1805 facisss)
406 1761 510 1794 initia
542 1761 839 1806 prooemiorum,
880 1767 915 1793 et
946 1759 1124 1804 extinguis

112 1814 279 1854 fulmina,
307 1819 343 1847 et
362 1813 548 1847 obdormit
563 1813 696 1859 aquila,
720 1825 783 1846 rex
799 1813 935 1853 avium,
961 1811 1124 1845 demissis

114 1866 200 1907 alis.
245 1866 348 1912 (Ant.
377 1866 427 1913 1.)
462 1878 541 1900 cum
569 1878 679 1899 curvo
706 1865 822 1909 capite
849 1864 1019 1897 nebulam
1030 1863 1062 1909 3)
1091 1869 1126 1896 et

114 1918 218 1952 dulce
250 1918 447 1952 claustrum
474 1918 733 1963 palpebrarum
761 1916 939 1957 offundit,
984 1921 1018 1949 et
1042 1916 1126 1948 dor—

115 1970 249 2004 mitans
276 1970 410 2003 attollit
438 1977 601 2015 tergum,
643 1977 706 2004 tuo
742 1970 815 2003 ictu
848 1968 1010 2002 delinita.
1078 1966 1127 1999 Et

115 2022 215 2057 Mars
233 2022 443 2068 relinquens
459 2023 620 2067 proelia,
657 2022 838 2056 demulcet
861 2033 923 2054 cor
947 2027 1006 2054 tua
1029 2020 1126 2053 oble-

117 2075 296 2115 ctatione,
331 2081 366 2108 et
390 2081 527 2109 mentes
544 2074 706 2109 Deorum
727 2073 933 2107 demulcent
951 2072 1127 2112 carmina,

118 2139 198 2161 cum
228 2125 406 2171 sapientia
431 2125 611 2171 Apollinis
645 2134 680 2160 et
706 2127 907 2161 Musarum.
969 2124 1050 2170 (Ep.
1079 2125 1126 2168 1.)

118 2179 222 2224 Quae
240 2185 361 2212 autem
378 2190 454 2212 non
469 2186 566 2212 amat
581 2178 718 2224 Iupiter
738 2179 775 2212 in
793 2185 888 2212 terra
909 2184 944 2211 et
967 2178 1003 2209 in
1022 2176 1127 2216 mari,

118 2231 307 2264 Musarum
328 2236 473 2264 cantum
492 2231 619 2265 audire
643 2238 829 2265 recusant:
858 2237 898 2265 ut
915 2227 1127 2276 Typhoeus,

118 2282 281 2316 Deorum
305 2280 438 2323 hostis,
467 2283 528 2329 qui
547 2283 584 2316 in
600 2283 758 2317 Tartaro
778 2284 888 2324 iacet,
917 2295 1025 2328 quem
1043 2281 1127 2315 Cili-

119 2335 194 2369 ciae
204 2335 236 2382 ¹¹)
253 2347 380 2380 specus
398 2335 562 2370 nutrivit.
603 2335 709 2370 Nunc
726 2343 847 2370 autem
866 2335 1035 2369 villosum
1053 2333 1128 2367 eius

158 2472 186 2505 1)
207 2474 382 2503 Syracusio]
405 2474 446 2497 sic
466 2474 551 2499 Editt.
570 2474 664 2505 1558..
687 2474 761 2499 1563.
781 2483 813 2495 =
834 2474 911 2497 Pind.
931 2473 1015 2497 Editt.
1037 2473 1128 2496 Frau-

191 2509 244 2532 cof.
267 2508 358 2538 1542..
384 2509 470 2532 nasu.
493 2509 589 2537 1556..
622 2509 656 2535 fl.
676 2510 770 2539 steph.
794 2509 869 2533 1566.
890 2508 1074 2541 Συρακουσίῳ
1102 2508 1129 2532 et

192 2543 296 2573 ueynii
316 2544 481 2574 interpret.;
507 2544 535 2568 iu
555 2544 640 2568 Editt.
661 2545 780 2569 noer-ku.
801 2546 828 2568 et
847 2544 949 2574 Bergk.
971 2544 1058 2567 deest.

155 2593 186 2626 2)
206 2594 296 2623 sacis]
325 2595 365 2619 stc
391 2597 439 2623 (τ-
457 2596 535 2619 Pina.
554 2594 666 2629 τεύχῃς)
688 2597 736 2619 Ed.
755 2596 829 2619 1558.
858 2596 885 2619 et
911 2595 1070 2625 iuterprett.
1096 2595 1130 2619 Η.

193 2629 306 2661 steph„
327 2630 447 2661 Heynii‚
471 2631 617 2662 Boeckllii3
646 2631 693 2655 Ed.
714 2631 788 2654 ¹563.
810 2630 885 2653 favit.

157 2681 190 2710 3)
210 2681 355 2711 nebulam]
376 2683 424 2707 Ed.
443 2683 518 2708 1558.
540 2689 637 2708 errore
657 2684 786 2714 typogr.:
814 2683 951 2706 nebulum.

158 2731 188 2764 4)
209 2732 336 2765 Ciliciae]
361 2733 401 2758 sio
419 2735 468 2758 Ed.
485 2734 579 2764 1558.;
605 2736 637 2758 H.
654 2735 763 2764 δίψη,
784 2735 898 2764 Heyne,
920 2734 1037 2758 Boeckh.
1058 2733 1130 2759 Cili-

195 2767 266 2792 cium
286 2777 320 2791 =
340 2769 418 2795 Pind.
441 2768 583 2800 Κιλίκιον;
609 2771 658 2794 Ed.
676 2770 751 2794 156³.
771 2770 856 2794 maie:
885 2769 1005 2793 siciliae.

1174 1401 1298 1440 pectus
1322 1392 1501 1438 premitur
1527 1404 1546 1425 a
1570 1390 1754 1425 littoribus
1773 1387 1909 1423 Cumae
1929 1396 1964 1423 et
1979 1389 2121 1431 Sicilia,
2149 1397 2183 1424 et

1175 1444 1321 1480 cohibet
1338 1457 1418 1478 eum
1439 1445 1564 1478 nivosa
1578 1443 1709 1484 Aetna,
1726 1441 1886 1476 coelestis
1904 1442 2085 1483 columna,
2106 1448 2182 1476 toto

1176 1511 1273 1532 anno
1299 1498 1454 1542 gelidam
1480 1497 1602 1530 nivem
1625 1497 1770 1530 fovens:
1815 1493 1908 1539 (Str.
1933 1496 1987 1542 2.)
2014 1495 2113 1529 cuius
2143 1507 2184 1528 ex

1176 1552 1289 1585 fundo
1315 1556 1480 1583 eructant
1505 1548 1719 1594 purissimae
1748 1546 1984 1591 scaturigines
2016 1547 2185 1581 inaccessi

1177 1603 1289 1648 ignis,
1318 1602 1418 1636 cuius
1435 1602 1585 1635 flumina
1606 1599 1764 1634 interdiu
1777 1599 1934 1633 fundunt
1950 1600 2087 1634 fuscum
2110 1606 2185 1633 tur-

1178 1656 1299 1689 binem
1326 1654 1428 1688 sumi.
1491 1654 1539 1687 At
1564 1660 1673 1687 noctu
1702 1651 1809 1686 rutila
1836 1651 1980 1685 flamma
2011 1652 2185 1691 volutata,

1177 1709 1292 1741 fertur
1316 1708 1386 1740 lata
1415 1706 1452 1739 in
1478 1707 1696 1750 profundam
1722 1703 1909 1748 planitiem
1936 1704 2062 1745 maris,
2105 1717 2184 1737 cum

1179 1760 1344 1805 strepitu.
1398 1757 1461 1792 Illa
1487 1759 1603 1792 bellua
1624 1770 1709 1791 vero
1735 1756 1830 1790 eiicit
1855 1758 2009 1800 grandes
2032 1756 2185 1790 nubium

1181 1818 1378 1851 torrentes,
1421 1810 1483 1856 qui
1508 1818 1592 1844 sunt
1616 1809 1791 1843 miraculo
1817 1809 2086 1848 accedentibus,
2123 1807 2184 1853 qui

1181 1864 1304 1897 vident
1327 1870 1361 1896 ct
1385 1863 1556 1902 audiunt,
1592 1862 1694 1909 (Ant.
1711 1861 1765 1906 2,)
1795 1862 1980 1906 quomodo
2007 1860 2044 1893 in
2068 1859 2185 1893 Aetna

1182 1916 1347 1960 alligatus
1368 1916 1414 1949 sit
1432 1913 1612 1961 Typhon,
1641 1921 1676 1948 et
1695 1915 1806 1947 lectus
1832 1913 1946 1946 fodiat
1973 1913 2048 1947 eius
2070 1918 2185 1946 totum

1182 1969 1344 2002 dorsum.

1291 2019 1437 2052 Utinam
1448 2018 1586 2064 Iupiter
1601 2019 1663 2053 tibi
1683 2018 1981 2064 placeatHieron,
2011 2020 2073 2066 qui
2092 2018 2187 2054 hunc

1182 2078 1344 2105 montem
1374 2072 1501 2105 fertilis
1535 2078 1652 2105 terrae
1680 2072 1835 2104 frontem
1848 2072 1880 2117 5)
1902 2071 2051 2111 incolis,
2089 2072 2188 2106 cuius

1183 2123 1316 2158 montis
1349 2123 1505 2156 vicinam
1538 2125 1663 2157 urbem
1697 2124 1824 2156 eodem
1853 2124 2003 2158 nomine
2032 2125 2187 2158 Aetnam

1181 2178 1355 2210 fundator
1365 2176 1503 2209 Hieron
1523 2176 1679 2209 ornavit.
1734 2175 1828 2210 Nam
1847 2175 1885 2209 in
1900 2174 2039 2222 Pythiis
2059 2189 2187 2221 praeco

1182 2228 1353 2262 Hieronis
1371 2228 1560 2261 victoriam
1582 2227 1818 2262 renuntiavit.
1875 2227 1955 2273 (Ep.
1972 2228 2025 2275 2.)
2046 2228 2187 2262 Habere

1182 2282 1359 2316 secundos
1374 2288 1519 2321 ventos,
1548 2287 1690 2324 gratum
1713 2286 1765 2314 est
1782 2281 2047 2325 navigantibus.
2098 2281 2188 2315 Gra-

1183 2341 1259 2367 tum
1293 2340 1345 2367 est
1379 2333 1475 2366 enim
1509 2330 1642 2366 habere
1676 2333 1815 2366 felicem
1846 2333 2022 2372 redituum
2065 2339 2100 2365 et
2130 2330 2188 2365 hic

1184 2399 1284 2419 meus
1309 2383 1466 2430 hymnus
1501 2382 1555 2418 his
1588 2385 1806 2419 successibus
1839 2386 1939 2419 addit
1964 2384 2116 2429 gloriam
2142 2385 2186 2416 ad

1183 2445 1348 2483 posteros
1368 2444 1401 2470 et
1419 2438 1455 2470 in
1473 2437 1649 2472 conviviis
1668 2437 1933 2472 celebrandam.

1286 2489 1320 2523 Ο
1337 2487 1503 2530 Phoebe,
1532 2490 1620 2524 velis
1646 2490 1698 2523 illi
1725 2489 1864 2534 regioni
1890 2493 2113 2533 praestantes
2138 2487 2187 2520 vi-

1183 2554 1243 2575 ros
1270 2543 1368 2575 dare.
1436 2542 1528 2588 (Str.
1554 2541 1607 2588 3.)
1637 2542 1729 2577 Nam
1756 2554 1797 2575 ex
1821 2541 1898 2574 Deo
1920 2547 1971 2574 est
1999 2540 2115 2573 omnis
2140 2540 2188 2573 ef-

1183 2594 1287 2627 fectio
1305 2591 1550 2628 humanarum
1570 2595 1762 2628 virtutum:
1793 2600 1827 2626 et
1843 2593 2041 2638 sapientes,
2069 2598 2103 2625 et
2117 2592 2187 2624 sor—

1218 2734 1250 2761 5)
1270 2730 1402 2764 frontem]
1424 2731 1465 2755 sic
1486 2731 1532 2763 (z
1547 2729 1623 2754 Pind.
1644 2727 1790 2762 μέτωπον)
1810 2729 1858 2752 Ed.
1876 2728 1969 2756 1558..
1990 2729 2017 2751 et
2033 2726 2188 2757 iuterprctt‚

1256 2769 1286 2792 H.
1309 2768 1421 2798 δίψη,
1441 2765 1561 2797 fleyuii,
1581 2764 1726 2794 Boccknii3
1755 2764 1805 2790 Ed.
1825 2763 1900 2788 156³.
1920 2763 2032 2787 fontem.

1590 2797 1669 2834 14*
