2341 2973
196 129 270 169 215
776 131 899 168 PHIL.
936 132 1048 167 MEL.
1083 132 1285 168 SCRIPTA
1321 133 1658 169 PHILOLOGICA.
2158 135 2234 171 216

196 225 249 254 tes
267 223 301 252 et
317 217 534 262 eloquentes.
588 215 664 261 Ego
688 223 806 251 autem
832 219 1041 253 laudaturus
1058 219 1186 253 Hiero-
1239 220 1331 255 Nam
1359 221 1465 266 longa
1493 220 1660 255 saturitas
1687 219 1854 253 obtundit
1874 219 2003 254 celeres
2024 219 2154 255 civium
2177 234 2236 255 co-

197 282 300 310 nem,
341 279 444 313 spero
472 279 529 301 me
559 268 724 313 sagittam
747 282 822 303 non
846 268 1036 304 habentem
1060 283 1187 306 aeneas
1241 272 1448 316 gitationes,
1482 278 1517 305 et
1544 271 1636 306 cives
1656 284 1731 305 non
1750 271 1902 304 libenter
1924 271 2076 305 audiunt
2101 272 2236 308 alienas

198 333 305 366 genas
321 319 559 354 iaculaturum
581 332 674 361 esse,
709 327 743 354 et
768 322 954 356 iacientem
981 323 1106 367 procul
1131 336 1187 358 su·
1241 324 1374 358 laudes.
1418 323 1485 357 Sed
1501 330 1622 356 tamen
1637 323 1764 356 melior
1779 329 1830 356 est
1845 322 2073 356 miseratione
2088 323 2237 359 invidia.

196 378 405 417 peraturum
423 383 496 405 esse
515 371 750 406 adversarios.
1241 375 1299 408 Tu
1320 387 1405 408 vero
1427 387 1471 408 ne
1493 375 1654 408 remittas
1675 372 1842 414 honesta,
1873 374 1966 408 iusto
1989 374 2089 407 clavo
2110 376 2237 419 guber-

302 422 448 456 Utinam
474 423 573 455 omni
601 429 760 467 tempore
782 423 864 457 felix
887 424 933 458 sit
958 424 1114 466 Hieron,
1156 432 1190 459 et
1242 438 1303 460 nes
1331 427 1544 466 exercitum,
1585 432 1619 459 et
1644 425 1802 469 linguam
1831 437 1916 459 acue
1945 425 1982 458 in
2009 425 2136 460 incude
2162 439 2238 461 non

198 474 273 509 sine
289 473 452 512 tristitia;
489 472 589 518 (Ani.
607 474 658 519 3.)
686 480 719 507 et
736 475 884 518 cogitet,
913 477 1035 522 quales
1052 489 1189 521 pugnas
1242 478 1397 511 fallente.
1451 476 1550 524 (Ant.
1567 475 1620 523 5.)
1648 476 1740 511 Nam
1762 477 1790 511 si
1812 476 1898 522 quid
1920 483 2024 521 turpe
2046 489 2066 510 a
2087 484 2120 511 te
2141 478 2238 512 effla-

199 525 407 560 sustinuerit
427 525 511 558 sorti
538 525 680 565 animo,
716 527 864 571 quando
891 528 1023 562 auxilio
1045 528 1112 562 Dei
1137 530 1190 562 in-
1244 529 1359 570 bitur,
1386 529 1518 573 passim
1541 529 1821 562 circumferetur.
1875 528 2072 562 Multorum
2089 541 2125 563 es
2140 529 2240 574 prin-

201 583 378 611 venerunt
401 574 597 615 honorem,
632 577 772 622 qualem
798 590 905 612 nemo
929 580 1018 614 alius
1035 580 1190 614 Graeco-
1244 593 1340 626 ceps:
1375 580 1478 614 multi
1500 587 1605 613 testes
1626 586 1708 614 sunt
1729 581 1771 612 de
1793 577 1952 613 honestis
1973 586 2008 613 et
2028 578 2239 622 inhonestis,

199 641 281 662 rum
306 627 499 672 decerpsit,
540 632 575 660 et
596 639 743 672 magnas
768 629 923 665 divitias.
976 630 1080 666 Nunc
1106 630 1191 666 Phi·
1245 645 1285 666 ac
1311 631 1341 666 si
1367 631 1541 666 manseris
1568 631 1606 664 in
1632 631 1793 665 moribus
1820 628 1997 672 honestis,
2029 637 2064 665 et
2083 632 2240 666 iucunda

198 681 349 713 loctetae
373 691 473 712 more
497 678 591 711 bello
617 679 796 721 interfuit,
839 688 873 715 et
898 680 1009 717 hostis
1037 690 1191 725 coactus,
1243 684 1339 717 fama
1361 683 1563 725 delectaris,
1592 683 1637 717 sis
1658 682 1826 716 liberalis.
1880 682 2000 727 thue
2022 684 2241 728 gubernator

201 742 419 776 quamquam
438 730 708 774 magnanimus,
736 738 857 766 tamen
873 734 905 767 ei
923 734 1104 770 blanditus
1129 742 1191 769 est.
1244 735 1346 769 navis
1369 735 1536 779 expandit
1559 735 1656 775 vela,
1684 747 1728 768 ne
1750 733 1872 767 dolose
1894 735 2031 778 pandas
2048 735 2125 768 vela
2139 735 2242 768 blan-

199 782 309 816 Fama
337 788 408 822 est,
439 779 569 815 heroas
603 783 739 817 venisse
772 783 809 817 in
834 783 1011 819 Lemnum
1037 788 1081 819 ad
1107 785 1193 820 Phi·
1246 788 1299 821 dis
1320 787 1444 828 lucris,
1473 786 1554 832 quia
1572 787 1666 819 fama
1684 792 1763 830 post
1778 791 1932 818 mortem
1948 787 2030 829 (Ep.
2049 783 2102 833 5.)
2125 792 2243 820 osten-

198 834 365 867 loctetem
388 833 506 866 ulcere
537 840 801 877 aegrotantem,
840 835 918 883 (Ep.
943 836 996 884 3.)
1022 837 1193 872 Poeantis
1247 838 1299 871 dit
1330 850 1450 872 mores
1479 844 1728 877 mortuorum,
1763 849 1826 881 per
1858 843 2020 871 oratores
2048 843 2082 871 et
2105 844 2243 882 poetas.

199 885 331 925 filium,
358 890 398 918 ut
418 897 498 917 eum
516 885 752 927 abducerent,
778 888 840 933 qui
850 887 999 921 Troiam
1019 890 1130 934 cepit,
1160 896 1194 923 et
1247 890 1330 924 Non
1354 889 1572 934 extinguitur
1599 889 1720 923 Croesi
1744 888 1900 923 benefica
1925 887 2057 928 virtus;
2085 890 2147 923 sed
2168 901 2244 923 sae-

202 936 318 970 finivit
336 936 476 970 labores
493 935 629 970 Danais
641 964 649 976 ,
678 950 897 984 quamquam
918 952 1024 984 aegro
1042 953 1193 986 corpore
1247 954 1332 975 vum
1351 941 1511 974 animum
1529 938 1744 980 Phalaridis,
1773 940 1834 986 qui
1851 939 1888 972 in
1906 951 2017 974 aeneo
2034 945 2140 974 tauro
2156 940 2244 975 ussit

203 988 418 1032 procedens,
447 987 532 1032 quia
560 988 666 1021 fatale
691 995 786 1030 erat,
821 990 983 1025 Herculis
1006 993 1084 1027 telis
1101 993 1194 1026 Tro-
1248 991 1432 1033 homines,
1466 992 1599 1038 ubique
1626 992 1818 1025 comitatur
1840 991 2006 1031 infamia;
2040 1003 2106 1025 nec
2132 990 2245 1025 citha-

203 1039 275 1073 iam
302 1039 392 1083 capi.
447 1038 503 1072 Sic
525 1037 622 1073 Deus
650 1041 749 1074 adest
772 1041 923 1075 Hieroni
949 1045 1195 1085 confirmator,
1220 1052 1223 1069 ²
1248 1056 1309 1077 rae
1333 1044 1547 1078 domesticae
1573 1044 1751 1089 recipiunt
1776 1056 1855 1076 eum
1877 1043 1922 1076 ad
1940 1049 2078 1087 gratam
2096 1055 2245 1077 conver-

204 1091 265 1136 qui
282 1097 315 1123 et
333 1089 498 1134 deinceps
517 1090 575 1123 det
593 1091 625 1123 ei
642 1098 776 1136 optata.
1249 1095 1424 1129 sationem
1449 1095 1639 1129 sodalium.
1698 1094 1783 1129 Esse
1810 1095 2052 1135 fortunatum,
2085 1095 2245 1140 primum

308 1141 341 1175 O
358 1140 481 1181 Musa,
516 1141 602 1175 velis
625 1148 659 1175 et
683 1144 777 1188 apud
802 1144 1053 1187 Dinomenen,
1082 1146 1194 1180 filium
1221 1151 1224 1221 ἱ
1250 1147 1450 1192 praemium
1471 1153 1539 1185 est;
1566 1147 1660 1180 bona
1677 1148 1785 1186 fama,
1813 1146 2026 1185 secundum;
2054 1146 2110 1180 cui
2125 1152 2244 1180 autem

202 1192 390 1233 Hieronis,
417 1204 545 1226 sonare
567 1194 768 1238 praemium
793 1198 1070 1242 quadrigarum,
1097 1198 1196 1232 laeti-
1249 1205 1442 1244 utrumque
1481 1198 1675 1242 contingit,
1717 1197 1746 1231 is
1779 1209 1950 1230 coronam
1981 1210 2159 1232 summam
2192 1209 2247 1230 ac-

201 1246 291 1279 tiam
309 1256 383 1278 non
402 1243 556 1277 alienam
581 1257 600 1277 a
626 1246 737 1289 patris
761 1248 923 1283 victoria.
975 1249 1105 1284 Postea
1128 1250 1197 1295 ipsi
1250 1250 1353 1295 cepit.

202 1295 400 1330 Dinomeni
432 1307 599 1330 canemus
621 1295 819 1342 hymnum,
861 1299 953 1345 (Str.
971 1300 1023 1347 4.)
1053 1301 1109 1335 cui
1137 1314 1196 1336 ur-
1221 1330 1224 1348 ,

203 1350 283 1383 bern
309 1348 406 1380 illam
429 1347 566 1381 Hieron
591 1349 751 1384 condidit
775 1364 854 1385 cum
878 1352 1062 1393 libertate,
1098 1353 1195 1386 iuxta
1663 1352 1753 1394 Ode
1784 1353 1839 1392 ῙῙ.

202 1401 296 1444 leges
332 1410 482 1432 normae
507 1399 718 1444 Spartanae.
784 1401 977 1449 Pamphyli
1007 1411 1125 1438 autem
1163 1411 1197 1438 et

204 1451 477 1485 Heraclidarum
503 1452 657 1495 posteri,
692 1450 894 1489 habitantes
920 1456 963 1488 ad
981 1455 1196 1501 Taygetum,
2120 1499 2123 1501 ,

204 1515 343 1548 semper
358 1502 485 1536 volunt
499 1515 645 1537 manere
663 1503 700 1537 in
723 1505 858 1550 legibus
874 1506 1027 1551 Aegimii
1044 1507 1196 1542 Dorien-
1354 1507 1445 1548 (Str.
1460 1504 1508 1551 1.)
1539 1504 1571 1537 O
1590 1504 1672 1538 urbs
1689 1504 1911 1549 Syracusana
1924 1530 1933 1544 ,
1962 1503 2136 1548 templum
2152 1503 2248 1536 Mar-

203 1555 269 1595 sis,
315 1560 349 1588 et
382 1560 575 1588 tenuerunt
609 1555 795 1602 Amyclas,
848 1570 927 1592 cum
964 1559 1144 1594 venissent
1178 1572 1196 1593 a
1251 1557 1314 1597 tis,
1348 1557 1471 1590 nutrix
1493 1556 1729 1596 bellatorum,
1764 1555 1827 1588 tibi
1853 1553 1920 1588 hoc
1943 1567 2089 1588 carmen
2112 1553 2248 1589 Thebis

202 1606 320 1639 Pindo
353 1606 507 1640 celebres
535 1607 643 1640 w'cini
668 1607 983 1653 Tyndaridarum,
1028 1612 1089 1657 qui
1113 1612 1197 1645 belli
1251 1610 1392 1643 adfero:
1420 1609 1458 1641 in
1484 1620 1555 1654 quo
1580 1620 1658 1642 sum
1677 1607 1824 1640 nuntius
1842 1606 2059 1651 quadrigae,
2086 1617 2178 1652 quae
2196 1606 2249 1638 vi-

204 1657 316 1702 gloria
338 1657 549 1691 floruerunt.
1251 1667 1327 1694 ctor
1346 1659 1487 1694 ornavit
1506 1659 1693 1705 Ortygiam
1710 1659 1829 1693 sedem
1847 1657 2005 1698 Dianae,
2034 1657 2133 1691 cuius
2150 1657 2250 1691 auxi-

307 1707 407 1755 (Ant.
426 1708 478 1756 4.)
507 1709 540 1742 Ο
564 1709 718 1755 Iupiter,
752 1723 894 1757 semper
918 1713 1046 1754 facito,
1081 1720 1121 1747 ut
1145 1720 1197 1747 ta·
1250 1713 1298 1746 lio
1323 1712 1463 1746 domuit
1485 1723 1608 1757 equos.
1661 1713 1761 1753 (Ant.
1781 1709 1830 1755 1.)
1858 1709 1951 1743 Nam
1976 1708 2078 1754 virgo
2094 1715 2248 1754 utraque

203 1760 272 1793 lem
289 1760 473 1793 fortunam
494 1773 619 1805 regum
647 1768 680 1795 et
705 1763 835 1797 civium
860 1766 904 1797 ad
924 1765 1072 1799 fluvium
1090 1765 1197 1799 Ame-
1250 1776 1361 1797 manu
1378 1762 1619 1797 etMercurius
1636 1762 1839 1794 radiantem
1858 1767 2026 1795 ornatum
2044 1760 2249 1805 imponunt,

204 1823 288 1844 nam
312 1812 465 1845 celebret
487 1824 590 1847 verus
616 1826 733 1848 sermo
758 1813 947 1850 hominum
961 1844 970 1857 ,
1015 1823 1049 1850 et
1077 1823 1194 1851 tecum
1251 1816 1397 1862 quando
1423 1815 1538 1859 iungit
1559 1825 1670 1860 equos
1688 1819 1723 1846 et
1739 1825 1904 1853 currum,
1933 1819 1968 1846 et
1982 1812 2089 1846 simul
2105 1812 2249 1845 invocat

202 1875 264 1896 rex
285 1863 358 1896 filio
384 1863 598 1908 praecipiat,
636 1872 670 1899 et
688 1873 789 1911 regat
813 1869 1008 1912 populum,
1045 1875 1079 1902 et
1099 1875 1197 1903 curet
1249 1867 1471 1912 Neptunum.
1523 1866 1595 1899 Alii
1618 1870 1744 1910 poetae
1770 1864 1847 1898 aliis
1870 1863 2012 1907 regibus
2029 1863 2248 1908 scripserunt

203 1916 415 1948 concordem
432 1917 741 1962 tranquillitatem.
796 1919 954 1953 Obsecro
973 1919 1108 1964 Iupiter
1133 1933 1195 1954 an-
1250 1919 1428 1960 carmina,
1456 1924 1605 1962 propter
1629 1928 1753 1950 eorum
1778 1915 1960 1950 virtutem.
2014 1914 2116 1948 Circa
2140 1914 2248 1960 Ciny-

201 1966 304 2000 nuito
330 1967 485 2011 placide,
521 1975 560 2003 ut
583 1970 680 2002 domi
707 1968 904 2005 Phoenices
929 1978 962 2005 et
987 1970 1196 2017 Tyrrheno·
1248 1983 1326 2004 ram
1353 1970 1569 2015 Cypriorum
1601 1973 1732 2002 sonant
1764 1966 1978 2011 praeconia,
2013 1978 2119 2012 quem
2144 1966 2248 1999 valde

203 2031 283 2052 rum
310 2018 503 2052 multitudo
529 2020 660 2054 sentiat
683 2023 848 2056 navalem
875 2024 1108 2064 seditionem,
1144 2024 1195 2056 vi·
1250 2022 1373 2055 dilexit
1388 2021 1539 2065 Apollo,
1567 2022 1648 2063 (Ep.
1667 2019 1717 2063 1.)
1742 2018 1963 2051 sacerdotem
1978 2017 2129 2051 Veneris
2144 2017 2249 2051 fami—

204 2069 330 2115 dens⁶)
355 2082 511 2114 pugnam
538 2073 582 2105 ad
608 2072 758 2113 Cumas,
794 2075 872 2119 (Ep.
892 2074 944 2121 4.)
981 2076 1041 2109 ubi
1067 2075 1195 2108 domiti
1249 2074 1387 2106 liarem.
1441 2071 1548 2106 Ducit
1570 2076 1686 2104 autem
1706 2069 1821 2113 gratia
1839 2075 1984 2109 mutua,
2011 2080 2162 2115 sequens
2177 2080 2246 2113 pro

204 2127 287 2156 sunt
306 2122 348 2153 ab
365 2121 540 2163 Hierone,
568 2124 628 2169 qui
654 2125 834 2160 velocibus
857 2128 1008 2161 navibus
1033 2127 1070 2159 in
1095 2139 1194 2159 mare
1248 2124 1460 2158 benefactis:
1490 2129 1594 2168 teque
1608 2120 1796 2155 Locrensis
1815 2120 1939 2154 civitas
1951 2120 2062 2154 Hiero
2080 2120 2246 2161 celebrat,

203 2172 452 2217 praecipitavit
487 2186 609 2208 omnes
645 2188 768 2210 eorum
806 2178 955 2218 milites,
1004 2178 1193 2212 Graeciam
1248 2176 1372 2210 videns
1389 2175 1635 2213 securitatem,
1662 2180 1723 2206 tua
1739 2172 1870 2205 virtute
1886 2169 2049 2207 hostibus
2064 2171 2246 2217 repressis.

202 2224 301 2268 gravi
327 2224 497 2257 servitute
530 2226 697 2261 liberans.
766 2229 975 2273 Amplector
998 2227 1194 2263 Athenien·
1351 2227 1509 2262 Narrant
1526 2231 1657 2265 autem,
1685 2224 1845 2257 Deorum
1863 2224 1959 2258 iussu
1970 2223 2130 2257 Ixionem
2148 2234 2246 2257 mor·

201 2275 291 2309 sium
311 2275 484 2318 gratiam,
512 2277 640 2321 quibus
658 2290 792 2313 merces
816 2281 966 2313 debetur
991 2293 1056 2325 pro
1083 2281 1194 2314 victo·
1249 2279 1378 2312 talibus
1402 2278 1438 2311 in
1462 2283 1539 2310 rota
1557 2277 1757 2310 volutatum
1777 2273 1864 2308 haec
1879 2274 2104 2309 concionari:
2130 2275 2245 2308 Bene-

202 2327 252 2359 ria
282 2326 325 2359 ad
352 2326 574 2360 Salaminen:
621 2335 654 2361 et
678 2329 712 2362 in
738 2331 867 2375 Sparta
895 2332 1009 2365 dicam
1035 2345 1191 2377 pugnam
1247 2330 1374 2364 factori
1393 2335 1491 2373 grata
1510 2329 1584 2361 vice
1603 2327 1932 2373 compensationem
1950 2327 2150 2360 faciendam
2169 2337 2243 2360 esse

201 2379 246 2411 ad
257 2375 530 2418 Cithaeronem,
554 2379 614 2412 ubi
627 2380 724 2413 Medi
746 2383 958 2417 iaculatores
977 2385 1193 2418 defecerunt.
1249 2382 1291 2414 ab
1318 2382 1378 2421 iis,
1407 2381 1466 2426 qui
1492 2381 1659 2413 beneficii·
1684 2384 1908 2424 acceperunt·
1961 2380 2055 2421 (Str-
2078 2376 2132 2424 2)
2165 2377 2243 2411 HOC

200 2429 413 2463 Dinomenis
433 2437 549 2463 autem
577 2431 657 2465 filiis
682 2430 854 2477 hymnum
882 2436 1083 2479 perficiam,
1110 2448 1193 2480 pro·
1247 2433 1390 2473 didicit,
1427 2445 1507 2465 cum
1540 2433 1635 2476 apud
1666 2431 1761 2465 Deos
1794 2430 1937 2470 vivens,
1970 2441 2045 2462 non
2075 2429 2243 2463 sustinuit

201 2487 280 2524 pter
295 2493 451 2524 pugnam
473 2482 508 2514 in
525 2482 601 2526 ripa
621 2483 807 2525 Himerae,
837 2499 941 2531 quem
960 2500 1026 2531 pro
1045 2488 1193 2521 devictis
1246 2485 1454 2518 diuturnam
1491 2484 1716 2524 felicitatem,
1759 2482 1903 2528 quando
1944 2480 2085 2514 furente
2119 2479 2241 2513 animo

201 2529 362 2565 hostibus
380 2540 603 2577 receperunt.
1218 2551 1221 2577 ι
1247 2536 1382 2569 amavit
1418 2534 1612 2575 Iunonem,
1655 2534 1748 2568 lovis
1781 2533 1980 2577 coniugem.
2059 2531 2129 2565 Sed
2159 2543 2240 2565 eum

304 2581 392 2628 (Str.
409 2583 462 2630 5.)
491 2585 525 2618 Si
543 2592 746 2630 opportune
762 2587 876 2627 dicas,
903 2602 958 2623 res
974 2597 1087 2633 gestas
1102 2590 1191 2623 mul-
1217 2578 1221 2606 5
1247 2587 1442 2632 petulantia
1471 2588 1613 2632 impulit
1632 2588 1674 2620 ad
1694 2585 1886 2630 superbum
1905 2584 2029 2618 scelus.
2083 2582 2162 2617 Cito
2179 2595 2240 2617 au-

204 2640 319 2666 torum
342 2635 494 2669 breviter
517 2637 752 2681 complicans,
782 2639 897 2673 minus
912 2642 1072 2687 sequitur
1088 2642 1190 2676 livor.
1217 2614 1220 2682 ἓ
1246 2647 1315 2672 tem
1356 2639 1461 2683 digna
1499 2652 1642 2683 passus,
1693 2636 1867 2680 insignem
1909 2646 2063 2680 poenam
2102 2632 2240 2669 habuit·

1217 2686 1219 2720 ¹,
1246 2691 1326 2724 Duo
1359 2691 1452 2723 enim
1487 2691 1598 2725 tristia
1628 2690 1701 2723 eius
1725 2687 1851 2721 delicta
1879 2687 2039 2721 suerunt:
2074 2686 2239 2726 alterum,

237 2750 266 2777 a)
288 2749 397 2781 videns]
420 2751 458 2776 sic
480 2752 527 2778 Ed.
545 2754 633 2782 1558.;
657 2754 705 2778 Ed.
726 2755 798 2779 1563.
821 2755 938 2779 intuens.
1246 2744 1340 2788 quod
1366 2741 1422 2776 hic
1439 2740 1544 2776 heros
1563 2742 1700 2786 primus
1717 2745 1907 2784 cognatum
1925 2738 2135 2783 sanguinem
2153 2737 2243 2771 dolo·

1493 1429 1611 1462 Eidem
1637 1429 1800 1462 Hieron
1812 1428 1823 1460 ἱ
1851 1424 2003 1473 ἅρματι.
