2341 2973
186 110 264 147 727

187 209 246 230 me
262 195 356 228 notis
370 220 378 234 ,
408 192 594 226 committo
611 189 753 234 ignotis.
834 189 893 223 Vs.
913 187 973 222 50.
1002 190 1044 221 St·
1058 184 1181 233 pawn]

190 246 342 290 Eclipsis
360 250 420 278 aut
437 242 657 287 aposiopesis
676 242 842 275 secunda.
931 239 991 272 Vs.
1008 238 1068 271 57.
1098 241 1183 271 Per-

189 295 315 343 eupio]
344 295 529 328 Amatorie
548 294 693 326 (lictum.
798 292 858 324 Vs.
875 289 935 324 59.
957 292 1058 324 Meae
1070 287 1182 334 fidei]

189 348 416 382 Puellariter.
531 345 591 379 Vs.
610 345 669 378 68.
701 340 953 388 Quamobrem]
982 340 1183 384 Interroga-

190 401 242 433 tio
266 397 522 443 increpatoria.

399 489 508 523 Actus
525 489 568 522 V.
597 488 706 521 Seena
726 486 782 520 ΙΙΙ.
811 486 960 531 Argum.

293 555 443 602 Pythias
467 569 583 590 secum
609 555 759 599 cogitat,
787 567 858 600 quo
885 555 968 587 dolo
987 553 1185 586 Parmeno-

192 621 275 643 nem
294 609 414 642 uleisci
432 607 554 652 possit.

295 659 355 694 Vs.
383 661 414 693 1.
451 660 615 705 Quicquid
646 656 790 705 venire]
825 657 876 690 Ut
900 656 1074 700 prolixior
1097 662 1186 689 esset

192 711 302 751 risus,
331 711 510 756 spargitur
527 708 752 754 catastrophe
770 710 807 742 in
825 708 911 742 alias
934 718 1123 752 personas,
1153 712 1187 739 et

192 769 346 795 terretur
367 762 528 796 servulus
554 761 746 795 Parmeno.
856 759 916 793 Vs.
934 760 969 793 6.
997 762 1048 792 Ac
1063 770 1186 792 memo-

192 811 310 860 ritem]
338 813 568 852 Memoriter,
597 812 676 856 plus
693 812 826 852 intulit,
854 822 959 857 quam
978 810 1185 853 rogabatur.

197 867 318 899 Virum
343 862 494 910 bomem]
532 864 741 910 εἰρωνικῶς.
879 861 939 897 Vs.
962 862 1018 895 11.
1048 863 1186 894 Excru-

192 919 276 950 ciem
299 914 422 962 moda]
451 915 657 948 Vindictam
677 915 818 959 expetit.
933 912 992 947 Vs.
1014 912 1071 947 13.
1100 914 1187 946 Per-

194 966 356 1015 terrebo]
386 967 506 1000 Minae
529 966 717 1000 femineae.

414 1048 523 1082 Actus
539 1048 580 1082 V.
604 1048 715 1081 scena
734 1047 792 1082 IV.
816 1046 965 1091 Argum.

297 1116 482 1151 Gloriatur
507 1116 686 1149 Parmeno
707 1142 716 1155 ,
762 1115 859 1160 quod
887 1112 1085 1147 Chaeream
1120 1123 1187 1156 pro

193 1167 369 1203 Eunucho
405 1169 450 1201 ad
483 1165 662 1200 Thaidem
699 1166 905 1199 deduxerit:
959 1165 1188 1198 meretricum

196 1222 318 1254 sordes
336 1225 613 1258 commemorat,
639 1230 747 1264 quam
774 1230 849 1250 rem
878 1216 1003 1262 iniquo
1022 1217 1090 1249 fert
1113 1215 1189 1248 ani-

196 1284 255 1305 mo
272 1268 432 1315 Pythias.

297 1322 357 1356 Vs.
381 1323 438 1357 12.
472 1323 611 1355 Videtur
632 1318 821 1367 mundius]
856 1319 1087 1353 Meretricum
1113 1329 1190 1350 mo-

195 1385 262 1406 res.
374 1373 434 1407 Vs.
454 1373 513 1406 19.
543 1375 613 1416 Eyo
633 1373 690 1415 pol
708 1369 771 1418 ἴα]
808 1371 903 1405 Miro
927 1377 1053 1416 poetae
1080 1369 1190 1402 artifi-

196 1425 249 1458 cio
266 1422 415 1470 Pythias
431 1425 593 1457 nondum
620 1425 794 1468 placatur.

388 1509 497 1543 Actus
513 1509 556 1542 V.
584 1508 696 1542 Scena
715 1507 757 1541 V.
775 1508 821 1554 57)
846 1506 995 1551 Argum.

298 1578 563 1610 Parmenonem
584 1583 694 1609 terret
712 1574 884 1620 Pythias,
912 1575 1117 1618 confingens
1138 1573 1189 1605 in-

196 1634 271 1667 tus,
299 1629 502 1669 colligatum
529 1641 546 1661 a
575 1626 764 1661 Chremete
794 1625 1014 1665 Chaeream,
1041 1631 1190 1669 propter
1216 1618 1218 1645 ³'

199 1680 356 1712 oblatum
378 1677 589 1723 Pamphilae
608 1679 746 1711 vitium.

299 1731 432 1763 Scenae
459 1729 515 1764 lv,
547 1743 594 1763 vs.
613 1731 674 1765 21.
717 1730 787 1762 Ρνὸ
807 1727 906 1770 fidem
932 1725 1074 1773 Deum]
1111 1726 1189 1759 Sin-

197 1781 275 1825 gula
294 1782 424 1825 pavido
442 1788 474 1814 et
492 1781 643 1814 attonito
662 1780 762 1813 vultu
776 1780 1004 1823 proferenda.

197 1889 266 1916 tur.
299 1916 304 1925 ,
360 1884 420 1918 Vs.
437 1884 498 1919 27.
527 1885 713 1917 Perdidisti
730 1879 863 1928 istum]
894 1882 969 1914 Hoc
987 1888 1101 1914 totum
1122 1887 1190 1913 ter-

197 1935 370 1974 ribiliter,
400 1942 433 1968 et
458 1948 535 1969 cum
565 1942 663 1978 gestu
686 1934 854 1966 femineo.
967 1932 1026 1966 Vs.
1043 1933 1102 1966 30.
1134 1934 1190 1966 Gi-

197 1997 267 2018 vem
291 1998 360 2020 esse
371 1984 405 2033 Ρ]
434 1987 582 2020 Auxesis
611 1992 680 2024 est,

197 2037 319 2072 bilem.

196 2099 317 2121 rorem
344 2088 481 2123 incutit.

199 2139 299 2172 verbi
322 2152 407 2183 prae
429 2141 556 2173 timore
583 2147 616 2173 et
641 2141 705 2173 ira.
825 2138 884 2172 Vs.
897 2137 956 2171 35.
987 2140 1080 2179 Quod
1104 2149 1192 2170 moe-

199 2189 302 2238 cleis]
318 2191 516 2235 Amputare
535 2192 663 2225 scilicet
682 2190 810 2223 virilia.
891 2189 946 2223 Vs.
963 2189 1023 2223 39.
1043 2189 1191 2234 Nescia]

198 2242 323 2276 Astute
349 2243 490 2275 dicitur.
616 2243 674 2275 Vs.
696 2242 755 2277 42.
783 2243 892 2287 Atque
913 2239 1026 2287 aclea]
1053 2240 1190 2273 Ornata

200 2300 235 2326 et
250 2294 436 2327 farniliaris
454 2293 598 2326 locutio.
676 2293 735 2327 Vs.
754 2293 814 2327 46.
841 2295 966 2326 Dicam
983 2290 1091 2338 huia]
1118 2291 1192 2324 Hoc

200 2346 257 2385 fit,
291 2352 330 2378 ut
354 2345 501 2389 nuptiae
536 2344 769 2377 conficiantur
800 2356 882 2377 sene
918 2344 1191 2377 interveniente.

199 2396 260 2429 Vs.
277 2395 337 2430 47.
361 2397 492 2441 Sapis]
519 2395 674 2435 lrouice,
704 2396 875 2429 irrisorie.

235 2530 283 2558 57]
310 2532 398 2554 Scena
411 2532 446 2557 V.
478 2531 503 2554 in
530 2531 586 2554 iilis
617 2531 698 2554 Editt.
724 2529 819 2558 incipit
846 2535 862 2552 a
890 2529 996 2553 verbis:
1028 2529 1084 2553 Pro
1111 2527 1194 2559 fidem

271 2566 378 2594 Deum,
399 2568 426 2588 et
444 2566 536 2589 finitur
558 2566 663 2588 verbis:
697 2566 728 2588 ul
748 2564 859 2595 sactum
878 2565 941 2587 siet.
980 2564 1008 2586 lu
1030 2564 1077 2586 Ed.
1098 2564 1191 2586 Voilt).

273 2601 332 2623 tota
357 2601 422 2623 hacc
441 2603 529 2623 §cena
554 2607 612 2623 cum
639 2602 729 2623 scena
747 2599 794 2623 lv.
821 2598 847 2621 iu
874 2604 953 2620 uuam
975 2602 1018 2620 est
1037 2598 1193 2625 coniuncta,

271 2637 398 2664 tanquam
419 2637 523 2657 Sceuae
537 2635 583 2658 lv.
610 2634 805 2659 essm—48.
860 2633 934 2655 nanc
960 2633 992 2655 ob
1013 2639 1068 2655 rem
1089 2634 1194 2655 Scenae

272 2669 404 2692 vl—tx.
430 2669 539 2692 iliarum
570 2669 651 2692 Editt.
684 2668 710 2691 iu
744 2668 793 2692 Ed.
822 2667 913 2691 vona.
948 2666 1097 2696 inscriptae
1131 2667 1194 2688 sunt

272 2704 377 2727 Scenae
398 2703 543 2727 v—-Vffl,

1058 1777 1117 1811 Vs.
1128 1776 1189 1812 24.
1216 1782 1218 1807 J

197 1835 325 1867 Futura
341 1830 525 1879 exempla]
555 1833 690 1866 Graves
715 1842 854 1875 poenae
880 1831 1039 1874 exempla
1067 1829 1190 1862 dicun-
1217 1838 1218 1842 ’

723 1997 920 2026 ”rgfflem'
960 1996 1090 2023 Uvffln’
1126 1996 1190 2015 ¹³⁰*
1217 1994 1219 2019 ἶ
1246 1997 1332 2030 culis
1364 1997 1547 2040 exemplo,
1591 1996 1651 2041 qui
1683 1992 1883 2038 Omphalae
1910 1991 2057 2026 servivit
2087 1990 2124 2023 in
2148 1989 2239 2022 lani—

423 2038 483 2071 Vs.
500 2039 558 2072 31.
587 2034 728 2083 sslismz]
756 2027 832 2068 Hoc
861 2036 1080 2068 Parmenoni
1107 2033 1190 2067 lior-
1217 2030 1219 2061 ἶ

597 2089 657 2122 Vs.
676 2088 734 2121 33.
767 2085 982 2134 Cambysu-IL]
1010 2086 1190 2130 Repetitio
1218 2083 1219 2122 J
1247 2097 1386 2133 calatho
1406 2106 1439 2132 et
1456 2099 1546 2132 colo.

778 102 901 138 PHIL.
935 100 1049 135 MEL.
1086 99 1287 134 SCRIPTA
1324 97 1663 134 PHILOLOGICA.

2155 96 2228 133 728

1456 184 1565 218 Actus
1580 185 1623 218 V.
1649 184 1759 217 Scena
1777 182 1836 217 VI.
1860 183 2005 227 Argum.

1322 254 1348 285 A
1367 252 1448 284 villa
1469 252 1584 285 otioso
1603 258 1636 285 et
1654 252 1775 297 quieto
1794 251 1887 284 redit
1901 252 1944 283 ad
1965 251 2088 283 urbem
2106 250 2229 284 animo

1237 302 1294 337 hic
1319 316 1444 342 senex;
1480 315 1597 348 neque
1623 303 1716 335 enim
1743 315 1862 336 mores
1886 314 2033 335 suorum
2060 302 2231 343 clamitat,

1238 367 1355 400 neque
1374 354 1457 387 mali
1476 354 1659 399 quidpiam
1679 354 1896 398 suspicatur,
1925 354 1984 387 sed
2003 353 2145 386 rusculo
2165 365 2230 386 suo

1239 406 1372 450 gratias
1407 406 1498 449 agit,
1535 405 1633 439 cuius
1670 405 1840 438 beneficio
1876 405 2038 448 ignorat,
2076 403 2163 449 quid
2191 404 2230 436 in

1240 458 1327 490 urbe
1357 463 1464 501 agant
1488 457 1570 489 filii:
1616 468 1768 501 quorum
1801 468 1941 490 amores
1964 462 1998 488 et
2020 455 2109 488 facta
2135 466 2232 488 nunc

1241 510 1384 541 demum
1406 507 1588 552 cognoscit
1607 520 1648 540 ex
1665 507 1903 541 Parmenone.

1342 559 1401 593 Vs.
1428 560 1461 593 1.
1507 561 1565 593 Ea·
1588 570 1657 592 meo
1679 559 1892 604 propinqua]
1934 557 2086 601 Euergia
2112 556 2232 591 senilis

1241 611 1386 656 eloquii.
1524 610 1583 644 Vs.
1602 609 1636 644 4.
1670 613 1794 644 Noster
1819 609 2014 652 Parmeno]
2051 608 2231 641 Parmeno

1241 674 1313 696 esse
1335 668 1467 695 temere
1487 661 1619 706 prodit.
1706 660 1765 695 Vs.
1786 661 1844 695 10.
1874 661 1977 704 Culpa
1996 671 2060 693 mm
2074 659 2233 703 factum]

1240 713 1460 757 Expurgatio
1478 713 1636 746 criminis
1657 720 1826 758 tanquam
1848 712 2048 745 obiiciatur.
2101 707 2232 744 Vs.15.

1238 767 1361 799 Actum
1374 762 1453 811 est]
1482 764 1716 809 Desperantis
1733 764 1894 797 verbum.
1973 761 2033 795 Vs.
2053 760 2112 796 17.
2128 762 2235 795 Aliud

1238 828 1285 849 ex
1301 817 1368 849 alio
1383 814 1541 863 malum]
1569 815 1819 849 Proverbium.
1939 812 2000 847 Vs.
2017 812 2077 847 19.
2111 814 2182 856 Eyo
2202 817 2234 846 te

1236 864 1411 912 ficrcifer]
1447 866 1600 900 Pulchra
1631 867 1869 912 aposiopesis,
1905 865 2038 899 scilicet.
2071 864 2233 898 ulciscar.

1240 917 1299 952 Vs.
1317 920 1378 954 22.
1408 920 1476 952 Pro
1495 916 1686 965 Eumae-hm]
1713 917 1951 952 Adinirative.

1451 1004 1560 1038 Actus
1576 1003 1618 1038 V.
1647 1003 1758 1037 Scena
1774 1001 1849 1036 VII.
1874 1002 2024 1046 Argum.

1344 1070 1493 1118 Pythias
1517 1072 1700 1117 egrediens
1726 1071 1853 1105 irridet
1866 1071 2131 1104 Parmenonem
2156 1067 2236 1112 plus

1243 1124 1327 1158 satis
1350 1124 1554 1164 credulum,
1584 1124 1691 1157 simul
1713 1123 1888 1168 populum
1913 1123 2037 1160 docet,
2072 1118 2158 1165 quid
2183 1118 2237 1151 in-

1243 1182 1299 1209 tus
1318 1176 1429 1219 egerit
1446 1188 1565 1208 senex.

1346 1226 1406 1260 Vs.
1434 1228 1465 1261 1.
1509 1229 1691 1273 Nunquam
1720 1220 1886 1271 aedepol]
1915 1222 1980 1255 Hic
2004 1232 2158 1266 persona
2182 1231 2238 1253 ca-

1245 1275 1419 1312 chinnans
1436 1278 1631 1317 inducitur,
1650 1290 1824 1323 quaerens
1842 1276 2122 1313 Parmenonem,
2138 1271 2238 1305 cuius

1245 1331 1414 1374 adspectu
1457 1330 1502 1363 ob
1537 1329 1687 1361 nimium
1732 1329 1842 1362 risum
1879 1326 1937 1358 vix
1969 1324 2068 1370 loqui
2109 1328 2238 1368 potest.

1216 1421 1217 1424 Ἰ
1244 1380 1303 1414 Vs.
1327 1381 1360 1415 7.
1396 1380 1541 1424 Defessa
1567 1377 1664 1427 iam]
1700 1380 1796 1413 Haec
1830 1378 1936 1411 verba
1966 1374 2237 1420 pronuntianda

1216 1430 1217 1437 ἵ
1245 1438 1326 1466 sunt
1344 1432 1417 1465 risu
1437 1433 1733 1475 interrumpente.

1217 1691 1218 1696 ’
1246 1688 1414 1721 mortales
1427 1714 1435 1728 ‚

1837 1428 1897 1462 Vs.
1916 1428 1973 1461 11.
2001 1427 2141 1460 Illicone
2165 1437 2240 1460 cre-

1216 1493 1217 1500 *
1244 1483 1351 1527 dere]
1378 1483 1592 1526 Obiurgatio
1614 1484 1656 1515 de.
1673 1482 1816 1514 levitate
1835 1478 2013 1513 credendi.
2094 1476 2154 1510 Vs.
2180 1475 2239 1509 17.

1216 1569 1218 1581 Ι
1245 1536 1409 1577 Lepidum
1426 1534 1559 1577 scelus]
1586 1532 1791 1566 lrrisionem
1808 1530 1985 1574 intelligit.
2096 1527 2156 1562 Vs.
2181 1525 2240 1560 19.

1246 1587 1314 1619 Sed
1331 1587 1365 1618 in
1381 1583 1501 1631 diem]
1530 1585 1678 1618 Plautus
1705 1583 1838 1616 Milite:
1866 1583 1983 1627 Atque
2001 1577 2070 1612 hoc
2087 1579 2125 1612 in
2143 1577 2239 1612 diem

1245 1637 1411 1669 extollam
1432 1638 1578 1669 malum.
1627 1635 1751 1668 Cicero
1770 1646 1836 1679 pro
1854 1632 1995 1667 Coelio:
2023 1631 2096 1664 Pro
2111 1629 2160 1663 Di
2175 1629 2241 1662 im-

1477 1699 1539 1720 cur
1562 1686 1743 1720 interdum
1771 1686 1808 1719 in
1835 1684 2023 1719 hominum
2049 1681 2240 1716 sceleribus

1244 1739 1410 1772 maximis
1427 1745 1488 1772 aut
1502 1738 1701 1771 connivetis
1719 1744 1781 1771 aut
1796 1735 1994 1782 praesentis
2005 1733 2139 1768 fraudis
2156 1743 2241 1777 poe-

1244 1803 1308 1824 nas
1324 1790 1360 1823 in
1378 1790 1470 1823 diem
1490 1788 1705 1824 reservatis?
1731 1789 1778 1836 5⁸)

1449 1878 1558 1910 Actus
1572 1875 1613 1909 V.
1639 1875 1749 1908 Scena
1769 1873 1860 1908 VIII.
1884 1873 2033 1917 Argum.

1349 1945 1480 1978 Statuit
1497 1943 1555 1978 hic
1574 1944 1673 1978 miles
1690 1944 1784 1977 ultro
1801 1955 1836 1976 se
1855 1942 1982 1974 dedere
2000 1938 2132 1973 Thaidi
2149 1938 2238 1971 Her-

1245 2049 1345 2088 ficio,
1373 2061 1439 2092 pro
1460 2049 1558 2080 clava
1579 2054 1612 2080 et
1628 2046 1740 2079 leonis
1767 2045 1921 2089 tegmine
1951 2042 2102 2087 acceptis
2127 2041 2171 2074 ab
2197 2052 2237 2073 ea

1348 2150 1407 2185 Vs.
1427 2152 1460 2184 1.
1490 2151 1577 2191 Quid
1599 2145 1714 2195 mma]
1745 2144 2006 2191 Catastrophen
2031 2145 2171 2178 orditur
2195 2143 2238 2176 de

1246 2203 1370 2236 milite.
1440 2202 1593 2234 Attende
1619 2199 1847 2234 Gnathonem
1877 2209 2018 2242 semper
2042 2196 2193 2229 invitum
2217 2204 2237 2226 a

1247 2266 1366 2288 mensa
1391 2251 1493 2286 trahi.

1462 2330 1569 2363 Actus
1585 2329 1628 2363 V.
1657 2329 1765 2362 Sceua
1784 2327 1840 2361 IX.
1867 2327 2015 2372 Argum.

1351 2398 1423 2443 Qui
1450 2398 1535 2431 alias
1570 2398 1745 2441 gaudebat
1777 2411 1794 2428 a
1821 2408 1855 2430 se
1888 2395 2048 2427 vitiatam
2079 2391 2234 2436 puellam

1248 2448 1426 2489 Chaerea,
1455 2450 1603 2482 eandem
1625 2450 1720 2495 quod
1740 2447 1912 2492 permissu
1929 2446 1973 2480 sit
1991 2443 2149 2488 parentis
2173 2440 2237 2476 ha-

1248 2502 1386 2534 biturus
1421 2513 1587 2540 uxorem,
1625 2512 1720 2532 nunc
1750 2499 1893 2532 exultat.
1968 2495 2013 2529 Et
2043 2495 2077 2527 in
2102 2500 2240 2538 partem

1248 2552 1379 2586 amoris
1397 2552 1568 2596 recipitur
1586 2565 1604 2584 a
1623 2549 1761 2584 Thaide
1783 2550 1882 2582 miles
1900 2545 2055 2581 Thraso.

1281 2663 1330 2689 58)
1361 2662 1417 2685 noc
1445 2662 1527 2684 schol.
1548 2660 1574 2684 in
1602 2660 1650 2683 Ed.
1674 2660 1748 2683 1546.
1778 2658 1933 2688 invenitur-3
1960 2656 1985 2679 in
2006 2653 2238 2686 Editt.1540.B.,

1320 2697 1413 2725 1543.,
1436 2696 1527 2725 1548..
1550 2696 1622 2719 1551.
1644 2695 1730 2720 deest.
