2341 2973
199 111 272 147 539

201 197 346 231 doloris.

201 350 356 384 lectoris.

278 441 442 475 Martis
471 448 513 474 et
541 439 737 473 Veneris
766 437 1118 484 adulteriumffl).

304 510 522 554 Allegoriznn
542 507 646 542 huius
664 507 803 540 fabulae
821 506 968 551 exponit
980 503 1195 539 Plutarchus

201 563 239 595 in
257 562 377 594 libello
398 563 439 593 de
460 561 635 593 audienda
656 559 811 603 poetica3
846 570 996 603 eamque
1021 558 1130 590 refert
1151 557 1196 589 ad

204 626 324 647 causas
356 612 596 655 astrologicas.
660 609 790 643 Scribit
825 609 920 642 enim
947 621 1006 641 eos
1038 607 1196 641 naturali

203 666 356 710 quadam
377 663 606 695 inclinatione
626 663 670 694 ad
690 660 863 694 adulteria
884 672 1083 704 propensos
1111 671 1196 698 esse,

202 716 240 748 in
273 727 426 760 qnorum
460 713 646 746 nativitate
675 713 800 745 existat
823 711 945 744 Venus
973 724 1053 744 cum
1080 710 1196 743 Marte

203 767 413 805 coniuncta,
452 777 649 809 eorumque
677 762 852 796 adulteria
880 762 1029 795 minime
1059 761 1195 794 occulta

201 819 298 858 fore,
329 817 356 850 si
378 817 439 850 Sol
463 817 657 849 accesserit.
718 814 842 848 Potest
861 814 969 846 etiam
996 824 1198 845 accommo-

204 869 283 902 dari
307 867 476 912 allegoria
504 868 547 899 ad
572 879 702 899 mores.
770 865 860 898 Sunt
885 865 979 898 enim
1007 864 1197 897 bellatores

203 920 416 965 plerumque
436 918 588 951 adulteri
607 924 641 951 et
656 923 881 951 scortatores.
935 916 1008 949 Nec
1030 915 1117 948 illud
1143 926 1198 947 ca-

203 977 258 1004 ret
276 971 415 1003 ratione
432 968 576 1014 physica
590 996 598 1008 ,
633 969 730 1014 quod
746 967 867 1000 Venus
892 972 925 999 et
945 967 1042 1000 Mars
1060 967 1198 1009 fingun-

203 1029 262 1056 tur
291 1034 326 1055 se
351 1028 476 1054 mutuo
504 1032 636 1053 amare.
697 1019 794 1052 Mars
821 1018 937 1058 enim,
972 1018 1070 1051 cuius
1099 1017 1196 1050 stella

202 1074 305 1118 ignea
327 1079 396 1112 est,
424 1072 598 1116 significat
617 1071 792 1110 calorem,
821 1076 854 1102 et
869 1068 991 1103 Venus
1008 1067 1197 1102 humorem

204 1130 463 1168 temperatum,
492 1135 508 1155 e
528 1122 656 1167 quibus
673 1122 811 1154 duobus
830 1122 975 1166 [constat
1002 1119 1198 1164 generatio.
1226 1141 1228 1152 .

205 1176 393 1220 Neptunus
413 1181 529 1208 autem
548 1174 674 1217 ligatos
692 1173 815 1209 solvit;
857 1184 940 1204 nam
961 1184 1052 1217 aqua
1067 1198 1075 1211 ,
1116 1183 1199 1203 con-
1255 1157 1315 1178 eos
1330 1147 1492 1190 Stupldos
1511 1152 1545 1178 et
1564 1157 1665 1191 quas¹
1686 1156 1823 1178 S‘ffieos'

205 1227 355 1260 trarium
379 1226 453 1270 igni
472 1226 708 1265 elementum,
738 1223 914 1267 extinguit
932 1223 1100 1256 calorem.

424 1317 608 1353 Rhodos
634 1325 781 1350 amata
812 1330 830 1350 a
860 1317 976 1351 Sole.

256 1389 317 1423 ‘Vs-
334 1387 421 1424 204.
449 1390 519 1422 Nec
536 1393 567 1421 te
584 1389 803 1433 Clymeneque
821 1387 1017 1432 Rhodosque
1026 1384 1085 1433 ⁹³).

310 1448 348 1481 ln
368 1446 498 1481 Rhodo
516 1448 630 1481 insula
650 1448 770 1480 serunt
788 1459 860 1480 esse
879 1453 1014 1479 tantam
1032 1444 1219 1479 serenita-a

207 1508 278 1533 tem
298 1500 406 1539 coeli,
435 1506 474 1532 ut
491 1511 676 1544 nunquam
695 1510 769 1530 non
789 1498 907 1542 aliqua
928 1504 1028 1542 parte
1053 1496 1123 1530 diei
1148 1495 1201 1529 sol

209 1551 462 1596 conspiciatur.
536 1550 627 1583 Hinc
664 1549 810 1593 fingitur
839 1546 989 1582 Rhodus
1024 1554 1142 1581 amata
1182 1558 1201 1578 a

209 1603 310 1641 Sole,
338 1603 485 1646 perinde
503 1614 542 1635 ac
557 1602 585 1635 si
612 1602 690 1646 quis
712 1601 822 1643 fingat
838 1600 1019 1634 Prussiam
1049 1612 1066 1631 a
1084 1599 1202 1631 Borea

209 1654 345 1693 amari,
373 1666 414 1685 eo
435 1655 531 1698 quod
548 1653 684 1685 Boreas
702 1652 773 1684 sere
791 1659 964 1695 perpetuo
994 1651 1031 1683 in
1058 1649 1123 1682 bac
1147 1661 1202 1681 re-

209 1705 314 1749 gione
338 1704 463 1749 spirat.

311 1794 574 1830 Leucothoe
603 1796 644 1828 in
674 1796 848 1839 virgam
879 1793 1099 1828 thuream.

258 1865 318 1899 Vs.
339 1864 427 1900 254.
475 1867 643 1910 Vin-yaqne
663 1876 725 1906 per
742 1864 856 1908 ylebas
880 1864 1006 1896 sensim
1032 1861 1204 1895 radicibus

623 1917 719 1949 aclis.

294 1975 412 2008 Arbor
430 1974 603 2008 thurifera
623 1976 745 2008 eadem
765 1974 904 2007 ratione
923 1972 1067 2016 fingitur
1084 1977 1202 2004 amata

213 2027 257 2060 ab
274 2028 440 2070 Apolline
458 2040 519 2060 seu
536 2027 637 2066 Sole,
666 2039 734 2072 qua
754 2027 895 2065 laurus,
923 2024 1088 2057 videlicet
1107 2023 1204 2068 quod

213 2079 365 2122 gaudeat
382 2078 466 2111 locis
484 2079 636 2111 maxime
658 2078 808 2122 apricis,
837 2084 870 2110 et
887 2078 977 2109 serat
1000 2077 1135 2109 fructus
1160 2075 1204 2107 ad

213 2129 382 2163 salutaria
400 2130 555 2162 remedia
573 2130 688 2163 utiles.

384 2231 534 2276 Clytie
562 2233 607 2264 in
634 2229 1036 2275 heliotropiumffl).

319 2300 495 2333 Describit
512 2298 578 2332 hac
598 2297 880 2344 metamorphosi
902 2305 1068 2331 naturam
1094 2294 1207 2329 helio-

215 2352 346 2396 tropii,
385 2352 419 2383 in
447 2364 515 2396 qua
544 2349 652 2384 herba
679 2358 797 2384 tantus
823 2357 873 2384 est
896 2362 998 2382 amor
1024 2348 1127 2387 solis,
1167 2354 1206 2381 ut

216 2416 295 2436 cum
315 2404 391 2447 ipso
409 2402 689 2445 circumagatur,
726 2409 758 2434 et
776 2414 989 2447 quocunque
1007 2413 1041 2434 se
1062 2399 1206 2432 verterit

216 2455 288 2494 sol,
333 2455 458 2487 eodem
482 2454 599 2487 flectat
621 2466 811 2491 cacuinen3
852 2459 961 2485 noctu
992 2452 1098 2485 etiam
1128 2457 1206 2483 tan-

251 2579 299 2610 92)
320 2579 398 2603 Ovid.
419 2581 483 2603 Met.
504 2579 552 2606 lv,
575 2578 619 2602 ¹71
642 2585 700 2608 sqq.

251 2632 298 2661 93)
321 2631 504 2660 Clymeneque
525 2630 706 2660 Rhodosque]
728 2627 765 2650 sic
785 2627 868 2650 Ediu.
891 2627 982 2657 1555.‚
1005 2626 1097 2656 1559.;
1129 2625 1206 2651 Ovid-

288 2665 336 2688 Ed.
357 2666 462 2687 Mitsch,
484 2665 665 2693 Clymenese,
686 2663 845 2687 Rhodosce.

252 2717 300 2744 9⁴)
323 2716 400 2740 Ovisi.
421 2717 484 2739 Met.
508 2717 554 2745 iv,
574 2716 624 2739 2503
638 2722 694 2745 sqq.

778 106 900 142 PHIL.
936 105 1048 139 MEL.
1085 103 1288 139 SCRIPTA
1321 102 1658 137 PHILOLOGICA.

400 195 585 229 Eiusmodi
606 193 781 240 siquidem
801 193 1064 231 conversiones,
1092 202 1194 235 prae·
1221 219 1223 226 .

201 249 320 283 sertim
345 248 387 279 ad
406 260 461 280 res
481 247 675 286 inanimes,
704 252 785 279 sunt
803 243 899 278 haud
917 243 1094 276 mediocre
1113 254 1196 275 con-
1221 259 1223 285 χ

201 301 398 333 (limentum
418 299 614 338 suavitatis,
632 310 671 330 ac
689 297 836 330 mirifice
857 296 1015 329 afficiunt
1033 294 1193 327 animum
1222 312 1224 323 ‹

2173 99 2250 137 540

1251 202 1359 236 quam
1388 189 1566 222 desiderio
1595 189 1680 223 solis
1711 185 1901 221 contrahat
1928 187 2066 222 florem.
2127 187 2243 222 Huius

1250 240 1383 275 herbae
1399 241 1531 274 similes
1556 247 1639 274 sunt
1660 240 1765 273 aulici
1783 236 2015 279 Gnathones,
2059 239 2123 284 qui
2146 251 2182 273 se
2205 239 2245 272 in

1251 292 1418 326 omnibus
1442 293 1548 325 rebus
1574 292 1848 324 accommodant
1878 291 1922 323 ad
1945 290 2168 324 voluntatem
2189 302 2245 324 re-

1251 357 1347 388 gum,
1375 341 1466 376 nihil
1483 343 1551 376 nisi
1572 344 1615 384 ad
1633 342 1784 386 gratiam
1804 343 2009 387 loquentem
2037 347 2071 374 et
2085 353 2246 387 quocun-

1251 408 1320 440 que
1353 395 1499 427 illorum
1532 393 1681 426 inclinat
1714 394 1875 433 animus,
1921 393 2047 425 eodem
2083 393 2246 437 ipsorum

1252 458 1395 492 quoque
1412 452 1547 479 mentes
1566 445 1742 478 inclinant
1759 457 1798 478 ac
1813 445 2052 489 propendent.

1417 538 1629 585 Daphnis
1656 538 1815 573 Idaeus
1843 539 1887 572 in
1915 551 2085 573 saxum.

1302 607 1379 642 Vss.
1403 608 1478 642 276
1502 621 1554 653 sq.
1606 609 1764 652 Vidqtdos
1796 613 1904 649 taceo,
1945 609 2058 648 dixit,
2098 607 2247 650 pastoris

1668 671 1798 693 amores

1303 711 1500 754 Daphnidis
1524 712 1631 744 Idaei.

1355 770 1421 802 Hic
1454 770 1595 803 videtur
1628 770 1664 801 in
1699 781 1822 802 saxum
1856 774 2034 808 mutatus,
2077 779 2119 800 eo
2151 768 2249 813 quod

1251 819 1380 854 hausto
1412 822 1542 864 poculo
1571 821 1771 860 amatorio,
1811 820 1919 853 fuerit
1953 830 2145 863 oppressus
2175 824 2248 852 stu-

1253 884 1359 916 pore,
1388 872 1495 917 idque
1515 873 1665 905 indicari
1687 870 1741 905 his
1758 871 1876 904 verbis
1899 870 1994 917 (Vss.
2012 869 2088 905 277
2106 869 2196 917 sq.):

1513 933 1616 973 Quem
1632 932 1809 976 Nymphae
1824 932 1955 974 pellicis
1972 933 2027 964 ira

1307 983 1453 1017 Contulit
1471 986 1507 1016 in
1522 996 1665 1017 saxum.-
1693 989 1808 1017 tantus
1821 984 1916 1016 dolor
1933 984 2007 1015 uris
2019 986 2183 1015 amantes.

1254 1041 1377 1075 Solent
1407 1043 1502 1075 enim
1534 1049 1694 1076 amantes
1725 1043 1857 1081 iratae,
1898 1039 1968 1074 hoc
1991 1042 2100 1073 modo
2127 1040 2251 1074 ulcisci

1255 1094 1453 1127 desertores
1479 1094 1634 1134 amoris,
1675 1099 1714 1126 ut
1739 1094 1893 1125 reddant
1915 1091 2092 1126 eiusmodi
2117 1092 2249 1136 poculo

1508 1236 1713 1283 Scythen
1742 1236 1993 1280 ambiguus.

1307 1305 1385 1339 Vss.
1402 1305 1477 1341 279
1493 1319 1545 1351 sq.
1573 1309 1645 1339 Nec
1660 1304 1846 1351 loquarffi),
1873 1309 1910 1338 ut
1924 1305 2091 1350 quondam
2107 1307 2253 1337 natwae

1672 1359 1747 1389 inre
1767 1360 1884 1390 novule

1307 1410 1498 1452 Ambiyems
1509 1407 1619 1451 suerit
1640 1410 1734 1441 modo
1759 1410 1826 1448 vir,
1862 1407 1956 1439 modo
1974 1404 2128 1449 femina,
2162 1405 2253 1448 Scy-

1670 1460 1761 1492 thon.

1360 1518 1544 1552 Interdum
1570 1518 1618 1550 ita
1637 1517 1770 1551 mutari
1794 1529 1935 1556 sexum,
1966 1522 2006 1549 ut
2029 1515 2084 1549 vir
2109 1527 2150 1548 ex
2174 1527 2253 1548 mu-

1256 1570 1341 1603 liere
1354 1597 1362 1610 ,
1393 1577 1426 1603 et
1442 1570 1571 1602 mulier
1587 1582 1629 1602 ex
1645 1570 1723 1602 viro
1742 1569 1826 1609 fiat,
1853 1566 2016 1615 supraffi)
2042 1568 2176 1601 dictum
2201 1572 2253 1600 est

1257 1622 1294 1654 in
1311 1622 1430 1654 fabula
1447 1621 1619 1654 Tiresiae.

1626 1704 1687 1738 De
1717 1704 1882 1738 Celmo.

1309 1774 1476 1810 Vss.281
1498 1787 1550 1820 sq.
1590 1777 1636 1808 Te
1661 1785 1804 1820 quoque,
1841 1784 1930 1806 nunc
1954 1773 2112 1817 adamas,
2146 1783 2254 1818 quon-

1677 1827 1755 1859 dam
1770 1824 1935 1867 fidissime
1948 1835 2072 1868 parvo,

1312 1878 1419 1912 Celme
1431 1876 1498 1923 ⁹⁷),
1526 1880 1609 1911 Ιουί.

1364 1937 1506 1971 Celmus
1541 1938 1578 1970 in
1613 1938 1839 1969 adamantem
1873 1946 2066 1968 conversus
2095 1934 2254 1977 fingitur,

1258 1991 1349 2023 forte
1382 1995 1530 2033 propter
1560 1988 1672 2021 animi
1701 1986 1867 2020 duritiem
1898 1992 1959 2018 ant
1992 1986 2254 2019 fortitudinem.

1259 2040 1324 2074 Est
1343 2041 1437 2073 enim
1456 2042 1601 2073 adamas
1619 2038 1709 2083 lapis
1736 2038 1897 2071 omnium
1926 2037 2158 2078 durissimus,
2191 2036 2255 2082 qui

1259 2105 1375 2138 neque
1393 2093 1473 2136 igne
1491 2103 1608 2137 neque
1626 2091 1720 2123 sei-ro
1737 2089 1931 2122 molliatur.

1580 2175 1640 2209 De
1671 2175 1933 2209 Curetibus.

1312 2246 1371 2280 Vs.
1389 2246 1475 2281 282.
1503 2247 1660 2291 Iaryoque
1676 2250 1767 2278 satos
1785 2246 1925 2279 Curetas
1942 2243 1983 2276 ab
2000 2243 2114 2276 imbri.

1363 2306 1529 2345 Curetes,
1559 2306 1618 2350 qui
1646 2312 1679 2338 et
1698 2305 1919 2350 Corybantes
1943 2303 2027 2337 dicti
2052 2309 2153 2343 sunt,
2188 2303 2254 2335 fin-

1260 2364 1392 2403 guntur
1412 2357 1485 2389 nati
1504 2358 1547 2389 ab
1574 2357 1759 2396 imbribus,
1785 2362 1933 2400 propter
1949 2361 2088 2399 gentem
2107 2352 2253 2387 histrio-

1260 2410 1386 2448 nibus,
1421 2409 1551 2442 scurris
1575 2415 1609 2441 et
1635 2408 1861 2441 morionibus
1884 2406 2101 2440 affluentem.
2158 2405 2253 2439 Nam

1261 2461 1366 2504 vulgo
1387 2460 1557 2499 dicimus,
1591 2460 1660 2493 illic
1678 2460 1806 2504 pluisse
1824 2458 1948 2498 fatuis,
1982 2457 2043 2491 ubi
2059 2457 2254 2491 stultorum

1295 2588 1342 2618 95)
1364 2585 1479 2619 loquar]
1500 2586 1539 2609 sic
1559 2585 1642 2610 Editt.
1659 2586 1750 2615 1⁵55.,
1782 2583 1871 2612 1559.;
1908 2582 1987 2606 Ovid.
2006 2582 2055 2605 Ed.
2074 2581 2183 2605 Mitsch.
2206 2580 2253 2605 lo-

1330 2630 1337 2645 ι
1350 2628 1411 2646 uor.

1295 2630 1346 2694 91ῐῖ
1363 2665 1432 2688 Vide
1451 2670 1536 2693 supra
1557 2671 1578 2692 μ,
1596 2663 1656 2686 533.

1296 2709 1342 2739 97)
1364 2708 1470 2737 came]
1488 2707 1527 2730 siu
1541 2707 1623 2730 eunt.
1641 2705 1730 2730 1555..
1754 2703 1845 2733 1559.;
1872 2702 1950 2729 ονω.
1969 2702 2138 2728 Ed.Mitsc11.
2154 2694 2253 2726 cami.
