2341 2973
184 203 313 237 siones.
367 198 557 232 Iucundius
576 202 627 230 est
646 205 776 239 parare
797 193 950 226 amicum
965 217 974 229 ,
998 200 1106 235 quam
1122 200 1177 221 re-

185 254 309 286 tinere.
364 249 506 283 Thales.

284 303 343 336 Vs.
368 300 455 336 596.
506 299 682 332 Voluntas
704 296 884 331 fastidium
909 299 960 326 est
992 291 1177 325 cuiuslibet
1202 319 1203 334 3

183 356 234 388 rei
256 361 509 399 praeterquam
538 349 773 393 divitiarum]
827 345 941 379 Amici
959 356 1032 376 non
1049 343 1176 376 sinceri

184 407 285 440 facile
301 405 544 443 fastidiuntur,
574 403 717 448 quando
736 412 809 433 non
827 404 910 432 sunt
925 402 1076 429 naturae
1093 407 1177 427 con-

183 459 372 492 sentientes
400 455 570 499 singulari
591 454 745 500 quadam
771 457 920 484 naturae
945 444 1177 493 συμπαθείᾳ,

183 522 257 543 non
284 515 367 543 sunt
391 507 571 541 durabiles
598 504 787 538 amicitiae.

287 560 347 595 Vs.
367 557 454 594 597.
490 557 582 590 Volo
602 557 756 590 retinere
774 552 988 591 amicitiam,
1015 551 1075 584 sed
1094 562 1178 582 con-

184 613 334 648 verseris
363 625 441 645 cum
469 608 574 657 aliis.]
636 609 718 643 lNon
741 606 785 640 sit
808 604 915 637 nimis
939 614 1069 646 magna
1095 614 1177 634 con-

185 671 351 700 versatio.

286 716 362 750 Vss.
381 713 453 748 598
467 734 507 739 -
524 712 610 746 600.
664 709 737 755 Qui
760 714 858 742 tuam
878 712 1033 739 mentem
1052 703 1178 736 melius
1203 705 1204 741 ξ

185 769 319 803 norint.
373 767 453 801 lN‘on
479 765 584 804 lates,
627 768 688 795 aut
710 772 786 794 non
817 759 910 792 fallis
932 770 1008 797 me,
1045 757 1178 788 vadens
1203 750 1206 783 ἰ

186 824 221 857 itt
249 823 302 856 bet:
330 815 565 863 Qagensttass,
601 815 639 847 in
670 813 725 846 via
760 812 876 856 regia,
913 810 1004 848 lata,
1040 819 1109 852 qua
1146 801 1205 851 et}

182 873 282 918 prius
309 872 437 915 agebas
461 869 592 903 scilicet
617 861 791 911 currum.]
845 861 884 895 Id
906 867 977 901 est,
1002 872 1067 903 ego
1094 858 1179 892 scie·
1204 860 1205 896 ᾖ

185 926 267 958 bam
293 931 325 956 te
352 935 425 955 non
454 933 527 954 esse
551 919 742 953 sincerum.
1204 907 1206 960 ξ

286 983 363 1016 Vss.
390 981 461 1015 601
487 993 538 1024 sq.
592 977 722 1011 Pereas
746 974 824 1008 Diis
847 972 978 1011 invise,
1013 976 1045 1003 et
1072 969 1178 1001 infide

185 1035 412 1071 hominibus,
441 1032 501 1077 qui
529 1029 684 1063 habebas
717 1026 909 1070 frigidum,
943 1021 1083 1055 varium
1108 1033 1180 1054 ser-

186 1094 327 1132 pentem
365 1086 401 1117 in
433 1082 598 1127 gremio]
664 1078 703 1112 Id
736 1085 808 1118 est,
844 1083 883 1109 tu
918 1073 1015 1107 fuisti
1041 1073 1179 1106 fucatus

185 1139 339 1176 amicus,
369 1142 509 1168 tantum
531 1132 668 1172 adiisti,
700 1137 738 1164 ut
755 1129 947 1173 deciperes.

287 1189 347 1222 Vs.
372 1187 458 1221 603.
511 1185 615 1218 Talia
646 1194 787 1227 semper
816 1180 987 1214 insidiosa
1019 1183 1051 1209 et
1077 1175 1180 1220 perfi-

184 1242 281 1275 diosa
314 1241 406 1273 sacta
441 1237 675 1282 perdiderunt
708 1231 922 1277 Magnetas]
990 1218 1207 1272 Magnetaey

186 1300 237 1327 est
261 1304 394 1325 nomen
413 1290 608 1322 multorum
635 1286 874 1332 populorum,
906 1288 939 1316 et
965 1281 1013 1313 ibi
1036 1281 1180 1313 suerunt
1206 1310 1207 1334 Χ

185 1356 296 1377 venae
324 1342 542 1378 nietallicae;
571 1341 715 1373 fuerunt
732 1335 908 1381 Magnesii
930 1334 966 1365 in
984 1332 1088 1371 Asia,
1115 1334 1180 1365 nub

185 1402 219 1432 es
248 1396 314 1438 sinb
344 1395 478 1438 assmcge
507 1392 604 1436 reid>e
622 1392 714 1426 rente
734 1388 887 1434 gemet‘eu.
942 1383 1179 1427 Praecipuum
1206 1403 1208 1425 1

184 1448 397 1483 miraculum
425 1445 598 1488 magnetis
623 1449 692 1482 est,
721 1441 817 1487 quod
842 1437 963 1481 dirigit
986 1448 1021 1469 se
1047 1436 1090 1466 ad
1121 1445 1180 1477 po·
1207 1459 1209 1475 ,

184 1503 279 1541 lum,
307 1497 414 1532 babet
440 1496 690 1541 cognationem
717 1505 796 1526 cum
822 1497 923 1535 parte
948 1486 1088 1521 coelesti
1121 1497 1181 1529 po-

186 1553 266 1586 lari.
322 1550 479 1587 marumb
508 1547 612 1593 matht
633 1557 711 1582 mem
728 1546 775 1581 bie
794 1542 943 1588 OEompctss
960 1540 1020 1575 mit
1035 1538 1182 1583 ffitagne:
1207 1536 1210 1582 i

185 1610 250 1640 ten.
327 1602 474 1635 Veteres
515 1611 627 1632 venae
660 1596 857 1630 metallicae
895 1595 1041 1626 fuerunt
1068 1590 1181 1623 multo

184 1655 369 1690 uberiores
396 1659 430 1686 et
452 1650 703 1695 locupletiores
725 1660 833 1693 quam
859 1657 972 1683 nunc,
1000 1642 1090 1676 sicut
1114 1641 1181 1686 syl-
1208 1663 1209 1687 i

186 1720 251 1740 vae
276 1707 421 1739 suerunt
445 1703 642 1748 pleniores,
671 1707 705 1733 et
729 1699 874 1732 arbores
899 1694 1012 1738 magis
1037 1693 1181 1731 arduae,

186 1760 303 1802 fruges
329 1756 507 1801 pleniores
527 1761 561 1787 et
586 1751 807 1797 grandiores.
868 1746 930 1780 Illa
957 1751 1116 1780 senectus
1145 1744 1181 1776 fit

186 1809 411 1854 languidior,
449 1808 562 1840 donec
594 1804 856 1847 exstinguatur3
893 1805 928 1832 et
959 1810 1033 1831 non
1057 1795 1181 1841 procul

187 1863 355 1895 absumus
378 1872 394 1890 a
425 1860 506 1891 fine.

290 1920 350 1953 Vs,
376 1917 461 1953 605.
515 1916 632 1950 Multo
665 1915 784 1959 plures
816 1909 970 1956 perdIdit
1003 1907 1181 1945 saturitas,

188 1971 406 2006 abundantia
434 1983 540 2016 quam
567 1967 706 2011 sames]
770 1963 843 2000 Θαΐ
879 1960 982 2005 matht
1019 1965 1088 1994 mut
1118 1965 1180 1991 elc-
1208 1952 1209 1960 ἵ

189 2024 345 2058 Divitiae
382 2022 528 2066 pariunt
560 2017 798 2052 insolentiam.
869 2012 1071 2047 Luxuriant
1106 2010 1181 2043 ani-

188 2078 238 2110 mi
267 2082 330 2109 etc.

292 2126 351 2159 Vs.
371 2124 455 2158 606.
507 2123 633 2161 Viros,
662 2120 723 2166 qui
741 2118 932 2151 voluerunt
955 2115 1033 2159 plus
1050 2111 1181 2146 babere

191 2192 297 2226 quain
317 2191 382 2223 pro
399 2189 459 2210 sua
478 2181 583 2209 sorte.

294 2239 369 2272 Vss.
397 2237 470 2271 607
500 2249 576 2279 sqq.

194 2290 387 2325 mendaciis
405 2295 438 2321 et
456 2287 633 2320 futilitate.

295 2343 427 2375 Contra
456 2338 512 2372 IX.
544 2341 770 2381 praeceptum
799 2329 989 2371 Decalugi,
1016 2327 1074 2360 ubi
1101 2339 1181 2370 pro-

190 2394 359 2428 liilwntur
399 2392 602 2436 petulanter
642 2385 826 2418 maledieta
864 2394 937 2414 non
970 2378 1181 2412 necessaria.

190 2447 353 2480 Futilitns
381 2444 496 2490 gebbrt
524 2440 600 2485 aud)
628 2442 728 2483 ba5u,
756 2439 838 2471 bonu
866 2434 905 2476 sie
935 2433 1001 2475 sint>
1031 2432 1184 2466 cinanbet

192 2502 374 2534 Ὁῦϊῐυαηῠῒ,
428 2490 674 2535 Saloino11⁸⁷):
710 2488 750 2521 ln
775 2484 1002 2529 multiloquio
1031 2495 1104 2515 non
1124 2483 1182 2514 de-

192 2551 256 2583 erit
277 2555 470 2593 peccatum.
514 2542 659 2579 Garruli
677 2547 710 2573 et
728 2538 843 2572 sutiles
862 2536 967 2568 etiam
986 2541 1067 2568 sunt
1086 2546 1184 2566 men-

637 2230 744 2266 XXXI
752 2230 791 2264 X.
832 2229 884 2261 De
920 2223 1181 2261 maledicentia,

193 2605 213 2634 d
220 2614 307 2634 aces.

742 104 865 140 PHIL.
900 102 1012 138 MEL.
1045 100 1248 136 SCRIPTA
1280 100 1618 138 PHILOLOGICA.

1205 1142 1206 1163 3
1232 1118 1286 1152 bis
1309 1117 1538 1161 negligentes.

228 2754 276 2781 ›-7)
296 2752 378 2775 Prov.
401 2750 448 2774 10.
472 2749 509 2772 19.

2155 104 2227 140 124

1333 188 1393 222 Vs.
1420 187 1505 222 607.
1559 188 1695 234 Exigua
1727 191 1840 234 gratia
1875 196 1925 223 est
1955 190 1992 222 in
2019 190 2226 236 principio]

1228 238 1267 272 Id
1293 247 1362 280 est,
1390 241 1616 274 mendacium
1640 242 1743 274 initio
1761 240 1869 275 hahet
1884 241 2041 286 aliquam
2059 242 2225 286 speciem.

1229 291 1377 325 Plautus
1391 291 1458 337 ⁸⁸):
1503 291 1667 326 Calidum
1700 294 1926 327 mendacium
1959 293 2154 336 optimum,
2189 293 2226 326 id

1230 349 1299 381 est,
1328 355 1470 382 recens,
1510 342 1657 389 θερμὸν
1683 343 1832 391 ψεῦδος.
1887 345 2015 381 ΞΒΞεηῐιό
2040 345 2107 380 fult
2131 345 2224 386 mich,

1229 395 1261 438 so
1290 395 1401 430 metcft
1427 399 1537 430 mans.

1334 446 1411 480 Vss.
1428 446 1502 480 607
1520 459 1572 492 sq.
1625 445 1665 478 In
1687 447 1756 479 fine
1774 448 1911 481 lucrum
1937 447 2054 492 illud]
2106 446 2145 480 Id
2162 453 2226 486 est,

1201 508 1204 512 ’
1231 498 1469 531 commoditas
1495 498 1682 542 captandi,
1715 505 1818 543 turpe
1850 506 1883 532 et
1914 500 2128 533 damnosum
2163 511 2226 543 pa-

1231 556 1328 583 riter.

1334 600 1411 634 Vss.
1431 600 1505 634 609
1523 613 1574 645 sq.
1628 597 1727 634 Nihil
1751 600 1838 633 honi
1855 607 1906 633 est
1921 600 2020 641 viro,
2049 602 2104 635 cui
2128 614 2226 634 men-

1231 653 1372 686 dacium
1390 665 1508 686 comes
1525 659 1595 692 est,
1625 664 1731 697 quain
1750 651 1907 695 primum
1926 652 2050 686 exierit
2067 654 2111 686 ab
2134 651 2227 701 ore.]

1232 704 1411 738 Mendacii
1435 704 1515 737 finis
1533 704 1786 748 estssturpitudo
1805 710 1840 736 et
1857 704 2030 739 confusio.

1336 756 1414 790 Vss.
1439 755 1510 790 611
1540 769 1592 801 sq.
1651 755 1734 789 Non
1764 761 1816 789 est
1850 755 1993 788 difficile
2026 756 2226 789 obtrectare

1232 805 1313 856 etc.]
1368 808 1549 841 Usitatum
1579 807 1713 841 malum
1740 813 1791 841 est
1817 807 2029 840 obtrectatio
2060 814 2095 841 et
2118 807 2227 843 male-

1232 860 1400 900 dicentia,
1428 860 1510 905 quia
1530 872 1654 892 omnes
1673 871 1794 893 sumus
1811 865 1939 892 natura
1955 859 2112 904 superbi.
2138 857 2227 893 Item

1233 912 1341 944 etiam
1371 924 1492 945 sumus
1512 912 1620 950 tales,
1648 911 1709 956 qui
1736 911 1888 943 libenter
1913 911 2040 944 volunt
2056 911 2228 944 iudicare.

1232 962 1349 997 Nemo
1375 969 1446 1003 est,
1475 962 1537 1008 qui
1555 975 1630 995 non
1648 963 1694 996 sit
1715 961 1961 1008 Suffe1ius⁵⁹);
1990 963 2052 997 sed
2075 974 2152 995 non
2176 961 2228 994 vi-

1233 1016 1359 1048 demus
1391 1014 1569 1047 manticae
1594 1016 1689 1059 quod
1723 1014 1760 1046 in
1784 1020 1884 1058 tergo
1913 1020 1965 1048 est
1978 1013 2036 1059 ⁹⁰).
2097 1014 2228 1048 Sumus

1235 1066 1367 1099 curiosi
1392 1066 1430 1098 in
1457 1066 1534 1099 aliis
1561 1065 1760 1099 iudicandis
1786 1072 1820 1099 et
1845 1066 2072 1106 accusandis,
2100 1065 2138 1099 in
2163 1077 2228 1098 no-

1591 1117 1795 1151 Salomonis
1826 1117 1918 1150 dicta
1940 1118 2046 1162 longe
2075 1116 2228 1150 antecel-

1232 1171 1312 1215 lunt
1330 1169 1419 1202 aliis.
1447 1167 1562 1202 Iustus
1579 1169 1616 1201 in
1636 1169 1815 1213 principio
1833 1175 2019 1203 accusator
2037 1175 2087 1203 est
2104 1169 2159 1202 sui
2168 1168 2228 1214 ⁹¹).

1232 1222 1348 1256 Nemo
1374 1227 1446 1260 est,
1474 1221 1516 1254 de
1543 1233 1614 1266 quo
1633 1233 1708 1254 non
1732 1221 1868 1266 aliquid
1885 1220 2121 1265 probabiliter
2148 1232 2228 1254 cum

1235 1273 1354 1318 aliqua
1378 1272 1494 1316 specie
1518 1272 1588 1305 dici
1608 1272 1739 1316 possit,
1786 1271 1869 1317 quia
1901 1284 2025 1306 omnes
2054 1269 2229 1305 habemus

1234 1325 1354 1369 aliqua
1378 1323 1465 1356 vitia
1483 1330 1516 1356 et
1543 1330 1681 1364 errata,
1709 1324 1768 1356 illa
1794 1329 1944 1368 possunt
1967 1323 2178 1368 amplificari
2195 1328 2229 1355 et

1236 1374 1442 1420 exaggerari
1471 1375 1626 1419 copiose.
1905 1405 1911 1409 .

1338 1426 1474 1460 Omnes
1502 1426 1605 1459 nobis
1635 1424 1861 1466 blandimur,
1894 1425 2141 1470 indulgemus,
2172 1436 2230 1459 su-

1207 1485 1209 1500 *
1235 1491 1314 1512 mus
1339 1479 1434 1511 coeci
1457 1478 1493 1511 in
1518 1477 1649 1512 nostris
1672 1477 1766 1511 vitiis
1784 1476 2003 1518 iudicandis,
2030 1477 2104 1510 imo
2122 1476 2230 1518 etiam

1236 1532 1388 1565 artifices
1412 1531 1449 1562 in
1467 1531 1682 1564 excusando.
1735 1528 1854 1562 David
1877 1529 1940 1563 diu
1964 1529 2107 1575 quaerit
2129 1540 2231 1562 excu-

1236 1584 1391 1618 sationes
1416 1583 1453 1615 in
1479 1581 1643 1626 peccatis.
1713 1579 1776 1614 Est
1814 1580 2033 1625 impossibile
2065 1581 2232 1614 omnibus

1236 1633 1516 1680 sophismatibus
1532 1633 1748 1678 respondere
1760 1659 1768 1673 ‚
1797 1631 1829 1676 fo
1848 1633 1910 1669 fan
1926 1637 2027 1669 man&
2045 1631 2231 1678 Ῐῲτηίίΰῗθιῐ.

1339 1693 1417 1728 Vss.
1443 1694 1517 1728 613
1538 1706 1592 1737 sq.
1646 1691 1846 1725 Multorum
1879 1698 1929 1725 est
1957 1691 2038 1725 talis
2068 1690 2232 1730 futilitas‚

1208 1777 1209 1783 ,
1236 1753 1276 1780 ut
1299 1759 1373 1780 non
1401 1745 1540 1791 possint
1568 1751 1703 1783 tacere,
1739 1744 1800 1777 sed
1832 1743 1919 1776 boni
1946 1743 2064 1778 sciunt
2089 1753 2231 1778 servare

1208 1798 1209 1820 i
1237 1800 1397 1832 modum.

1339 1858 1416 1893 Vss.
1435 1856 1510 1892 615
1528 1870 1580 1903 sq.
1642 1855 1830 1890 Neminem
1860 1867 2006 1899 prorsus
2037 1855 2173 1889 bonum
2199 1861 2233 1888 et

1237 1912 1465 1944 moderatum
1482 1910 1600 1943 virum
1620 1909 1672 1942 sol
1698 1906 1875 1951 adspicit.]
1926 1906 2042 1941 Nemo
2074 1912 2144 1947 est,
2171 1907 2234 1952 qui

1236 1976 1311 1996 non
1337 1961 1468 1996 habeat
1494 1962 1651 2007 aliquam
1681 1959 1809 1992 labem.
1864 1958 1947 1992 Non
1978 1964 2030 1992 est
2058 1958 2170 1992 iustus
2195 1957 2233 1991 in

1237 2021 1352 2054 terra,
1389 2014 1448 2060 qui
1485 2019 1549 2046 etc.
1610 2010 1789 2056 Loquitur
1815 2010 1859 2042 de
1893 2010 2042 2044 diversis
2064 2009 2234 2055 lapsibus,

1235 2066 1271 2098 id
1295 2073 1365 2105 est,
1393 2065 1500 2098 etiam
1525 2068 1746 2108 praestantes
1762 2067 1796 2094 et
1818 2062 1907 2095 bene
1931 2061 2051 2095 meriti
2077 2061 2147 2094 viri
2169 2059 2233 2094 ba-

1234 2118 1320 2151 bent
1349 2129 1431 2151 suos
1463 2116 1593 2160 lapsus.
1661 2113 1766 2146 Plato
1783 2111 1867 2159 ⁹¹³):
1916 2113 2032 2147 Nemo
2071 2112 2232 2147 nascitur

1234 2166 1488 2217 τετράγωνος,
1525 2167 1560 2200 id
1586 2173 1655 2206 est,
1687 2167 1874 2210 perfectus.
1936 2165 2008 2210 Qui
2032 2164 2118 2198 vitia
2142 2164 2231 2203 odit,

1236 2219 1402 2255 homines
1428 2221 1514 2254 odit.
1566 2218 1660 2251 Vitia
1688 2218 1818 2252 scilicet
1834 2229 1907 2250 non
1924 2217 2107 2257 enormia,
2134 2227 2231 2250 com-

1269 2384 1318 2411 gfl)
1338 2383 1426 2407 mant.
1446 2382 1524 2405 Μοεῐ,
1544 2381 1570 2406 3,
1593 2381 1614 2407 i,
1639 2380 1692 2403 1:36.

1269 2436 1317 2467 89)
1339 2434 1417 2459 conf.
1438 2433 1538 2458 Catuli.
1558 2432 1608 2458 22,
1630 2431 1752 2455 ¹8-2o.
1792 2430 1884 2460 Neque
1903 2429 1946 2451 cst
1966 2427 2126 2457 quisquam,
2146 2427 2230 2456 Quem

1307 2478 1359 2495 non
1387 2470 1413 2493 in
1439 2469 1531 2498 aliqua
1560 2474 1589 2490 re
1616 2467 1710 2489 videre
1737 2465 1876 2489 Suffenum
1903 2463 2004 2492 possis.
2039 2474 2068 2478 —
2102 2461 2230 2484 Suffenus

1307 2508 1388 2536 poeta
1408 2504 1459 2527 fuit
1479 2504 1605 2531 ineptus.
1638 2501 1681 2531 qui
1700 2507 1731 2523 se
1750 2502 1840 2522 tamen
1868 2497 2012 2528 plurimum
2035 2495 2230 2520 admirabatur.

1309 2541 1377 2564 nim·
1404 2537 1537 2561 communi
1566 2536 1673 2559 nornine
1699 2536 1834 2559 vocantur
1861 2531 1979 2559 surrent,
2011 2530 2055 2561 qui
2087 2530 2172 2554 siuite
2200 2535 2231 2552 se

1313 2574 1494 2598 admirantur.

1274 2625 1323 2656 90)
1342 2626 1394 2649 sed
1415 2632 1468 2648 non
1489 2636 1521 2640 —
1542 2624 1608 2652 est]
1627 2621 1667 2645 liic
1687 2621 1730 2645 est
1750 2626 1849 2644 versus
1870 2617 1969 2642 Catulli
1989 2617 2041 2648 22,
2061 2617 2102 2642 2¹.

1274 2677 1322 2708 9¹)
1344 2677 1424 2700 Prov.
1447 2677 1493 2699 18.
1516 2675 1555 2700 17.

1274 2728 1345 2758 9141)
1368 2729 1434 2751 l’lat.
1455 2727 1528 2750 Prot.
1551 2727 1632 2757 (ΟΜ).
1654 2725 1695 2751 ed.
1717 2725 1849 2754 HSteph,
1870 2725 1898 2747 T.
1914 2722 1933 2746 Ι.
1955 2720 2088 2751 1›.3:3⁹.t›.
2106 2719 2165 2744 ³44.
2180 2718 2231 2749 8.).
