2341 2973
211 103 279 138 131

207 197 242 224 et
259 186 501 233 senecam52).

207 241 274 275 tias
305 251 377 273 esse
409 249 588 271 summum
619 238 754 271 bonum
790 244 822 270 et
856 236 1003 269 omnino
1037 235 1198 268 divinum

208 292 378 338 quiddam
391 316 400 330 ,
427 289 510 322 inde
528 289 618 324 iuste
635 289 871 322 ratiocinatur
892 284 1200 330 Bellerophontes,

208 356 243 377 se
260 344 349 376 iuste
368 340 521 374 retinere
539 340 644 375 istum
661 340 916 385 principatum,
944 339 991 371 ibi
1009 337 1199 382 Euripides

206 394 324 429 statim
349 399 400 427 est
421 392 619 426 exibilatus.

206 447 312 479 finem
326 471 335 485 ‚
364 444 446 489 quia
466 450 550 477 tunc
568 450 683 477 essent
697 442 930 481 intellecturI,
958 454 1047 486 quas
1063 452 1197 484 poenas

207 497 264 530 ille
281 496 448 529 laudator
465 495 672 528 divitiarum
693 500 782 527 esset
801 495 962 533 daturus,
978 494 1075 538 quod
1091 492 1199 524 inter-

209 549 375 582 ficeretur
402 553 467 580 etc.

309 598 370 632 Vs.
395 598 481 631 701.
535 591 779 641 Σωφροσύνη
809 594 984 638 significat
1016 593 1200 638 integrita-

209 656 279 683 tem
310 650 366 682 vel
394 647 587 686 iustitiam,
614 647 701 679 alias
729 653 781 680 est
804 646 990 679 modestia.

310 700 371 734 Vs.
394 700 480 734 702.
532 695 704 743 Sisyphus
738 703 789 731 est
819 698 1018 741 exemplum
1046 694 1198 730 Psalmi:

207 751 284 787 Nisi
311 751 478 784 (lominus
502 749 743 782 aedificaverit
765 749 911 782 domum
937 747 1053 792 etc.⁶).
1114 746 1199 779 Vol-

207 815 291 836 vere
307 815 430 837 saxum
450 798 591 847 Sisyphi
604 827 612 840 ,
640 807 690 834 est
709 800 846 845 pictura
865 798 1043 833 humanae
1060 798 1200 842 sapien-

208 854 290 887 tiae.
345 854 503 887 Conatus
521 852 741 896 sapientum,
769 851 846 885 Deo
864 863 937 884 non
957 851 1120 888 iuvante,
1149 855 1200 882 est

207 906 352 938 volvere
379 917 502 939 saxum
527 901 682 948 Sisyphi.
735 902 859 936 Irritus
885 909 936 936 est
962 902 1122 935 omnium
1150 901 1200 933 la-

207 958 275 990 bor
316 956 392 990 sine
430 956 562 989 auxilio
599 955 734 988 divino.
799 953 884 987 Inde
919 966 993 986 non
1027 953 1199 998 sequitur,

209 1008 306 1054 quod
329 1006 493 1041 homines
513 1019 587 1040 non
620 1007 771 1039 debeant
801 1006 984 1045 laborare,
1028 1009 1060 1039 css
1085 1005 1199 1050 gebb'rt

211 1059 369 1104 gusamcn.
437 1055 652 1092 Plutarchus
688 1057 725 1089 in
762 1056 876 1089 Paulo
913 1057 1087 1090 Aemilio:
1143 1054 1198 1090 Οὐ

209 1108 378 1145 δυνατὸν
400 1107 452 1155 μὴ
477 1106 666 1155 βάλλοντα
689 1106 892 1152 εὐστοχεῖν.
951 1106 988 1140 Id
1020 1114 1090 1147 est,
1125 1118 1197 1139 non

208 1167 326 1206 potest
349 1167 493 1205 tangere
519 1166 672 1199 metam,
707 1159 775 1192 nisi
800 1160 957 1198 laboret,
986 1171 1069 1203 ergo
1096 1158 1200 1191 debet

209 1213 315 1246 etiam
333 1213 511 1246 laborare.
564 1210 625 1244 Illa
643 1211 735 1244 dicta
762 1212 804 1243 de
823 1211 1029 1243 necessitate
1056 1217 1089 1243 et
1112 1210 1199 1242 fidu-

210 1263 261 1297 cia
281 1264 401 1297 auxilii
421 1263 532 1296 divini
550 1274 624 1295 non
642 1268 724 1296 sunt
745 1261 987 1306 intelligenda,
1016 1261 1116 1308 quasi
1137 1259 1199 1293 ho·-

209 1315 324 1348 mines
354 1315 508 1348 debeant
531 1323 612 1348 lesse
640 1313 756 1346 otiosi.
816 1311 1011 1357 Aeschylus
1048 1314 1084 1345 in
1116 1313 1200 1345 Per-

210 1366 256 1400 sis
274 1366 324 1412 7);
375 1365 467 1399 Ἀλλ’
503 1363 594 1400 ὅταν
627 1361 775 1399 σπεύδει
804 1378 858 1403 τις
881 1362 993 1403 αὐτὸς
1021 1362 1084 1398 καὶ
1113 1362 1202 1402 θεὸς

210 1414 447 1452 συνάπτεται.
498 1416 699 1449 Praeeunte
723 1416 834 1460 gratia
861 1422 895 1449 et
919 1416 1112 1448 comitante
1140 1427 1200 1447 vo-

209 1469 358 1502 luntate.
413 1466 544 1501 Trahit
560 1467 656 1501 Deus
672 1468 733 1501 sed
752 1467 944 1500 volentem.
986 1466 1049 1500 Est
1068 1467 1200 1499 dictum

210 1526 333 1553 contra
364 1519 536 1553 desidiam
569 1526 602 1552 et
633 1516 906 1552 enthusiasticos
941 1519 1099 1558 furores,
1141 1517 1202 1563 qui

211 1571 386 1615 cogitant:
429 1570 521 1603 Volo
552 1571 673 1604 sedere
705 1576 739 1603 et
769 1577 973 1613 expectare,
1009 1572 1121 1602 donec
1147 1582 1202 1601 me

209 1622 306 1656 Deus
323 1622 497 1655 violenter
523 1627 721 1655 convertat.
773 1621 810 1654 Si
828 1620 923 1655 Deus
945 1619 1075 1662 trahit,
1103 1628 1136 1654 et
1165 1627 1202 1654 tu

210 1671 300 1707 nihil
323 1674 417 1718 agis,
446 1680 530 1707 tunc
557 1671 647 1706 nihil
673 1673 722 1706 fit.

314 1723 486 1770 Sisyphus
524 1724 697 1768 significat
734 1723 985 1763 ambitiosum,
1028 1723 1202 1767 significat

210 1774 389 1810 humanos
413 1782 582 1815 conatus,
606 1775 682 1809 sine
711 1775 843 1808 auxilio
862 1775 997 1808 divino.

313 1828 389 1861 Rex
417 1827 616 1872 Galliaess),
650 1826 749 1870 Papa
779 1826 983 1873 Clemens9)
1016 1832 1049 1859 ct
1074 1825 1201 1858 Veneti

210 1878 471 1913 coniunxerunt
498 1892 534 1913 se
562 1879 608 1911 ad
632 1878 821 1912 minimum
856 1884 909 1911 ter
937 1884 1060 1911 contra
1092 1877 1201 1910 Caro-

209 1931 282 1964 lum
295 1930 351 1976 ¹⁰),
380 1931 573 1964 voluerunt
593 1930 648 1962 vel
666 1942 841 1974 premere,
871 1930 926 1962 vel
944 1930 1119 1973 frangere,
1145 1928 1201 1961 vel

210 1982 424 2026 infringere,
453 1982 508 2015 vel
540 1982 754 2015 labefactare
790 1982 863 2014 eius
887 1981 1109 2025 potentiam,
1146 1980 1201 2012 vel

210 2034 395 2073 mutilare,
429 2033 702 2073 circumcidere,
732 2033 954 2073 diminuere,
990 2033 1045 2066 vel
1076 2044 1201 2076 ampu-

209 2091 284 2118 tare
315 2085 468 2130 aliquid;
500 2085 619 2118 onmia
655 2091 824 2119 conantes
848 2083 939 2117 nihil
964 2085 1200 2129 perfecerunt,

211 2138 268 2170 sed
298 2142 474 2169 auxerunt
499 2136 572 2170 eius
600 2137 702 2170 vires.
757 2136 789 2169 Ο
820 2149 874 2169 res
891 2136 1098 2174 Francisce,
1126 2134 1199 2167 vol—

209 2189 262 2222 vis
290 2201 412 2222 saxum
443 2186 604 2232 Sisyphi,
643 2188 783 2221 conaris
809 2189 938 2220 frustra
973 2194 1037 2220 etc.
1092 2186 1136 2219 Et
1164 2185 1198 2217 in

209 2246 390 2283 postremo
415 2239 508 2271 bello
539 2239 746 2272 Franciscus
769 2239 948 2272 nuntiavit
974 2239 1003 2271 ei
1029 2250 1090 2282 per
1108 2238 1199 2281 lega—

208 2297 282 2323 tum
315 2289 401 2323 haec
431 2291 537 2323 verba
567 2290 718 2334 (Gallice
750 2290 908 2323 fortassis
936 2290 1062 2323 melius
1085 2295 1200 2327 sonat,

242 2403 293 2432 511)
316 2404 410 2424 senec.
433 2400 519 2430 Epist.
542 2400 615 2429 115.,
642 2399 683 2421 ubi
704 2398 755 2422 iste
775 2404 877 2422 avarus
898 2400 1052 2429 appellatur
1073 2399 1199 2423 Bellero-

278 2437 400 2465 phoutes.

241 2479 271 2505 G]
295 2479 394 2501 psalm,
417 2478 479 2502 125.
500 2478 523 2502 1.

243 2521 273 2548 7)
295 2521 319 2543 in
342 2521 450 2549 Persis]
475 2520 606 2551 Aes-chyl.
633 2520 710 2543 Pers.
732 2519 791 2543 7³9.
823 2519 862 2541 etl⁴
890 2519 1000 2543 ssa-‘'ntz.
1034 2516 1103 2541 Ἀλλ’
1131 2517 1200 2542 ὅταν

276 2553 377 2587 σῖιριίΐῖ,
400 2564 436 2581 τις
455 2554 552 2586 αὐτὸς,
582 2552 622 2586 χώ
642 2554 706 2582 θεὸς
724 2551 895 2583 surdarum,
934 2554 980 2577 lid⁴
1011 2555 1083 2579 1560.
1104 2555 1198 2578 habet:

275 2589 300 2612 iu
320 2590 489 2615 Prometheo,

241 2632 271 2664 6)
292 2633 457 2656 Franciscus
478 2633 497 2656 1.

240 2677 271 2704 9)
292 2676 420 2699 Clemens
443 2677 502 2699 Ul.
523 2681 591 2705 papa
614 2674 807 2699 1523—1534.

244 2720 288 2749 10)
309 2719 426 2743 Carolus
449 2719 483 2743 Υ.
504 2718 663 2748 imperator.

752 99 874 134 PHIL.
910 98 1022 132 MEL.
1057 95 1259 131 SCRIPTA
1292 96 1628 133 PHILOLOGICA.

677 390 866 435 Euripides
899 390 999 423 iussit
1023 389 1200 434 expectari
1224 397 1226 405 ’

2173 99 2245 134 132

554 185 739 231 Principio
759 186 877 231 inquit
895 185 1083 229 prologus,
1111 182 1200 215 divi-
1224 197 1227 212 r
1253 196 1359 230 quam
1378 184 1414 217 in
1433 184 1500 217 alia
1520 184 1688 229 lingua.):
1723 184 1799 228 Ego
1818 183 1946 216 faciam
1970 189 2004 216 te
2019 189 2092 217 tam
2110 195 2245 228 paupe-

1252 248 1348 275 rem,
1383 248 1490 281 quam
1527 243 1578 269 est
1602 248 1694 270 unus
1729 248 1859 269 comes.
1919 233 2120 278 Imperator
2153 233 2246 268 nihil

1251 287 1437 331 respondit
1454 287 1563 327 aliud,
1588 287 1656 320 nisi
1675 299 1710 321 se
1727 288 1847 320 dolere
1865 286 1978 319 vicem
1997 286 2120 330 ipsius,
2146 287 2245 332 quod

1252 338 1358 371 etiam
1387 339 1423 371 in
1452 345 1590 372 senecta
1619 351 1694 371 non
1720 345 1838 383 posset
1866 338 2058 383 quiescere.

1353 388 1506 434 Legatos
1515 389 1671 424 Venetus
1686 390 1782 423 venit
1800 390 1844 423 ad
1863 389 2164 429 Maximilianum,
2190 388 2246 421 in-

1253 439 1372 474 dicens
1399 441 1450 474 illi
1465 442 1597 475 bellum
1613 441 1672 473 illa
1691 442 1802 475 veteri
1819 442 1954 474 forma:
1983 439 2244 480 Maximiliane,

1252 498 1394 525 senatus
1429 493 1654 538 populusque
1678 492 1834 526 Venetus
1858 492 1983 525 indicit
2020 491 2086 525 tibi
2110 491 2244 525 bellum

1253 549 1347 575 terra
1377 544 1552 589 marique.
1613 542 1815 588 Imperator
1844 543 2046 588 respondit:
2086 542 2185 576 Vade
2209 548 2245 576 et

1253 594 1348 627 dicas
1362 595 1431 629 tuis
1449 595 1623 635 dominis,
1651 602 1690 628 ut
1706 595 1803 629 stulti
1820 595 1926 628 simili
1942 594 2090 629 stultitia
2109 594 2242 627 bellum

1253 652 1396 689 gerant,
1426 659 1494 691 qua
1521 647 1740 680 indixerunt.
1802 646 1976 680 Modestia
2006 645 2092 679 vicit
2117 643 2244 692 ὕβριν.

1253 696 1559 743 Insolentiamn),
1598 696 1732 744 ὕβριν,
1773 697 1934 743 sequitur
1956 709 2083 741 poena.
2150 697 2243 729 Ante

1252 746 1538 782 humiliationem
1566 749 1767 783 insolentia.
1837 749 2032 782 Tolluntur
2055 748 2092 781 in
2119 748 2245 787 altum,

1252 806 1290 832 ut
1316 800 1416 843 lapsu
1442 801 1606 843 graviore
1630 808 1746 834 ruant.
1802 802 1881 836 Qsso·
1908 803 1947 835 ba
1968 799 2067 844 fallen
2093 799 2160 843 Ῐοῑ,
2188 800 2243 834 bet*

1252 854 1327 886 mu&
1351 852 1470 895 vorbin
1498 851 1664 896 scbcusstid)
1693 852 1776 896 stoli}
1795 855 1934 887 meroen.

1354 909 1414 943 Vs.
1439 909 1523 944 704.
1584 909 1729 956 Πὲρθω
1768 909 1859 955 beisft
1894 909 2009 955 spolio
2045 915 2079 942 et
2108 908 2244 948 occido,

1252 958 1350 1007 φονὴ
1378 962 1512 995 caedes.
1567 960 1653 994 Inde
1671 960 1914 1006 Persephone.

1353 1019 1430 1054 Vss.
1458 1019 1686 1057 705—712.
1741 1022 1842 1067 Quae
1866 1022 2015 1066 praebet
2036 1017 2245 1053 hominibus

1253 1071 1492 1111 oblivionem,
1521 1073 1573 1116 (id
1592 1080 1662 1113 est,
1691 1086 1781 1118 quae
1807 1073 1936 1106 occidit
1959 1071 2141 1118 homines)
2168 1071 2240 1103 lae-

1253 1123 1341 1155 dens
1358 1130 1533 1156 mentem:
1562 1124 1651 1157 alius
1670 1124 1846 1169 quispiam
1866 1125 2027 1157 nondum
2052 1120 2120 1156 hoc
2144 1133 2247 1155 exco-

1253 1174 1379 1217 gitavit
1402 1173 1550 1219 (scilicet
1571 1176 1754 1221 quomodo
1772 1176 1918 1209 redierit
1936 1172 2109 1219 Sisyphus
2133 1185 2175 1206 ex
2193 1173 2247 1205 in-

1252 1225 1373 1271 feris),
1408 1238 1512 1271 quem
1544 1227 1671 1260 mortis
1703 1228 1805 1270 nigra
1830 1227 1942 1260 nubes
1968 1225 2182 1264 occultaret,
2210 1224 2247 1256 id

1253 1283 1323 1317 est,
1350 1277 1411 1322 qui
1436 1284 1526 1311 esset
1549 1284 1732 1318 mortuus,
1761 1278 1872 1324 etqui
1898 1277 2038 1310 veniret
2068 1276 2106 1308 in
2128 1273 2247 1308 horri-

1254 1329 1338 1361 dum
1356 1329 1474 1361 locum
1492 1335 1719 1363 mortuorum
1733 1356 1742 1369 ,
1768 1336 1801 1362 et
1818 1334 2053 1373 permutaret,
2081 1326 2251 1360 transiret

1257 1380 1456 1420 caeruleas,
1484 1392 1634 1425 cyaneas
1650 1387 1785 1424 portas.
1834 1376 2042 1425 (Κυάνεον,
2070 1378 2170 1420 bIau,
2198 1377 2247 1413 la:

1254 1430 1327 1474 sut„
1356 1443 1423 1474 pro
1451 1431 1602 1465 obscuro
1626 1431 1849 1478 usurpatur.)
1910 1431 2012 1476 Quae
2040 1435 2165 1474 portae
2189 1440 2248 1462 co-

1255 1480 1402 1515 hercent
1433 1482 1570 1516 animas
1602 1489 1849 1523 mortuorum,
1890 1493 2109 1527 quamquam
2147 1492 2248 1513 recu-

1256 1539 1393 1573 santes,
1420 1533 1565 1568 invitos.
1594 1534 1663 1568 Sed
1679 1541 1800 1567 tamen
1818 1534 1875 1567 ille
1896 1531 2068 1579 Sisyphus
2085 1531 2193 1565 rediit
2210 1531 2248 1563 in

1256 1585 1368 1618 lucem
1396 1585 1479 1618 solis
1498 1598 1559 1619 sua
1582 1586 1768 1630 sapientia.

1368 1642 1445 1677 Vss.
1463 1644 1692 1678 713—718.
1746 1645 1870 1689 Neque
1899 1643 1927 1676 si
1945 1644 2077 1676 faceres
2100 1642 2248 1674 menda-

1255 1694 1307 1727 cia
1331 1694 1460 1728 similia
1487 1696 1599 1736 veris,
1627 1693 1761 1729 habens
1781 1696 1939 1738 linguam
1966 1694 2100 1727 bonam
2118 1691 2249 1727 Nesto-

1255 1746 1323 1786 ris,
1350 1753 1384 1779 et
1415 1747 1444 1780 si
1478 1759 1569 1781 esses
1604 1747 1754 1780 celerior
1784 1746 1934 1791 pedibus
1959 1744 2132 1779 celeribus
2157 1743 2249 1776 Har-

1255 1809 1429 1842 pyarum,
1471 1796 1658 1844 (Harpyae
1691 1799 1935 1843 significarunt
1966 1795 2155 1829 latrocinia
2192 1795 2249 1828 vel

1255 1849 1441 1896 astutiam)
1468 1856 1502 1882 et
1525 1862 1616 1884 esses
1635 1850 1785 1884 celerior
1808 1849 1888 1882 filiis
1905 1847 2065 1888 Boreae,
2092 1858 2247 1892 quorum

1255 1902 1360 1945 pedes
1379 1908 1461 1935 sunt
1480 1902 1652 1942 celeriter,
1675 1901 1910 1946 (Adverbium
1926 1898 2082 1944 positum
2101 1910 2168 1943 pro
2184 1910 2249 1931 no-

1255 1952 1387 2000 mine);
1413 1955 1472 1987 sed
1493 1960 1636 1998 oportet
1653 1966 1776 1987 omnes
1794 1951 1885 1985 hanc
1911 1950 2124 1984 sententiam
2140 1950 2249 1994 depo-

1254 2016 1358 2044 nere,
1387 2004 1539 2037 abiicere
1561 2006 1655 2049 apud
1676 2017 1730 2045 se,
1758 2005 1855 2050 quod
1882 2002 2027 2036 divitiae
2051 2001 2249 2047 plurimum

1254 2056 1373 2088 valent
1399 2056 1434 2088 in
1464 2056 1644 2089 omnibus.

1354 2114 1431 2150 Vss.
1451 2115 1524 2150 719
1543 2129 1619 2162 sqq.
1650 2111 1747 2151 Ἴσον
1769 2128 1803 2150 τι
1816 2112 1891 2163 12).]
1937 2113 2134 2148 Correctio.
2169 2111 2248 2147 Imo

1254 2166 1400 2201 divitiae
1418 2174 1500 2201 sunt
1524 2166 1654 2201 habere
1679 2167 1890 2201 necessaria.
1945 2166 2077 2200 Seneca
2088 2165 2134 2213 13)
2162 2165 2250 2198 citat

1255 2230 1296 2250 ex
1317 2218 1492 2263 Epicuro:
1519 2219 1675 2252 Divitiae
1695 2226 1776 2253 sunt
1794 2220 1837 2252 ad
1856 2219 1967 2263 legem
1984 2224 2135 2252 naturae
2151 2229 2249 2250 com-

1255 2271 1369 2314 posita
1395 2278 1607 2315 paupertas,
1637 2271 1670 2303 id
1697 2278 1766 2311 est,
1794 2277 1833 2304 ut
1858 2271 2053 2305 secundum
2077 2275 2247 2302 naturam

1256 2322 1365 2365 possit
1388 2323 1522 2355 familia
1548 2323 1666 2356 vivere
1690 2329 1754 2356 etc.
1815 2322 1941 2356 Fames
1967 2320 2185 2365 conspicitur
2208 2319 2246 2352 in

1255 2374 1364 2407 oculis
1395 2380 1429 2407 et
1456 2375 1611 2408 vultibus
1638 2374 1855 2408 familiarum
1890 2374 2102 2406 miserorum
2126 2377 2247 2416 pasto-

1254 2437 1352 2465 rum,
1388 2428 1443 2462 bet
1469 2426 1609 2473 &punget
1633 2427 1711 2472 siber
1738 2426 1812 2471 jnen
1835 2437 1872 2471 51¹
1897 2428 1956 2461 ben
1981 2435 2087 2471 <tugen
2112 2423 2245 2468 bemus.

1289 2581 1331 2605 11)
1355 2579 1546 2607 tusolontiam]
1569 2580 1616 2604 Ed.
1639 2580 1710 2603 ¹560.
1736 2579 1820 2603 male:
1841 2578 2002 2603 insolentia.

1288 2632 1330 2656 12]
1352 2624 1424 2653 *mv
1445 2633 1482 2658 Ta}
1504 2632 1543 2654 sn:
1565 2633 1610 2655 ι-ῑιι.
1635 2632 1708 2654 1560.
1731 2630 1992 2659 ot'rhcogn.l*1ditt.
2013 2634 2099 2659 supra
2118 2626 2244 2659 p.5—8.

1319 2666 1439 2695 allatam
1460 2667 1542 2689 mat.
1562 2667 1662 2692 nuiss..
1683 2666 1782 2689 notk..
1804 2658 1993 2694 Bergk.³1‹7611
2011 2672 2060 2689 τοι.

1285 2715 1328 2741 53'·
1352 2720 1449 2741 Scucc.
1470 2717 1556 2747 Epist.
1576 2717 1616 2740 27.
1638 2718 1707 2741 extr.
