2421 3005
73 116 147 154 729
201 114 306 151 XCII.
342 112 629 150 ENARRATIO
658 112 1026 148 COMOEDIARUM
1055 110 1303 148 TERENTH.
1343 114 1377 147 3.
1407 112 2002 150 HEAUTONTIMORUMEMK

177 203 237 238 Vs.
258 204 289 236 1.
319 199 569 248 opopulares]
598 200 817 245 Populares,
846 201 907 246 qui
927 199 1008 234 estis
1033 200 1076 232 de
1102 197 1105 231 ἶ
1132 200 1347 233 nuntianda.

961 250 1021 284 Vs.
1041 251 1076 284 3.
1102 236 1105 297 i
1131 251 1263 287 Vs.40.
1293 254 1407 285 Huius
1423 253 1582 298 quicquid
1596 252 1689 296 facio
1702 252 1781 300 ⁶⁰).]
1803 253 2014 287 Iusinuandi
2035 268 2137 299 prae-

72 256 228 300 populo‚
255 255 311 287 vel
337 255 466 299 quibus
496 253 649 297 populus
675 253 773 285 favet
790 252 849 298 5²³).

75 309 215 342 Omnem
233 306 434 349 ostendere]
452 304 544 338 Mira
565 305 714 338 auxesis.

71 358 260 392 Amatorie
279 358 379 391 dixit.

72 410 133 444 Vs.
153 411 212 444 13.
255 409 429 456 Numquid
457 405 622 454 Gnatho]
659 404 878 452 διαπόρησις
903 405 1077 445 oratoria,

73 463 108 496 id
137 468 208 501 est,
242 460 480 504 interrogatio
507 460 571 493 sub
602 459 849 498 dubitatione,
889 457 1078 490 familiaris
1104 475 1105 484 π

458 510 520 545 Vs.
546 511 605 546 19.
652 507 821 557 Obsecro]
865 509 1076 543 Obsecratio
1104 521 1105 546 j

72 513 314 547 laudantibus.

73 571 197 598 contra
222 565 366 598 fortuna
374 575 390 596 e
409 563 633 597 varietatem.

75 617 234 662 Thaida]
261 614 358 648 Laus
375 613 526 648 Thaidis
545 627 563 647 a
584 613 757 648 Chaerea.

737 561 797 596 Vs.
814 562 875 597 21.
905 562 1006 595 Nthl
1029 566 1079 594 est

838 612 897 647 Vs.
913 613 974 648 26.
996 612 1078 656 Dif-

70 668 187 713 ficile]
209 667 485 702 lnsuavissimus
503 678 607 699 amor
626 673 688 706 est,
719 677 790 710 quo
806 665 878 698 frui
895 664 1079 698 nonlicet.
1104 684 1107 711 ᾖ
1132 664 1192 698 Vs.
1211 663 1271 698 59.
1295 666 1533 710 Iynorabcmt]
1561 665 1694 701 Ironia.

706 717 867 761 parasito
915 717 1078 760 dignum.
1105 714 1107 739 Ι
1133 717 1264 763 quam]
1282 715 1454 749 laetantia
1475 718 1610 752 militis.

1105 770 1107 818 ζ
1133 769 1338 802 Assentatio
1360 767 1602 803 Gnathonica.

71 719 134 754 Vs.
160 720 222 755 28.
275 716 446 765 Domus]
506 717 652 751 Donum

72 771 134 806 Vs.
151 771 213 807 32.
252 773 322 806 Gur
345 776 377 805 ie
402 768 490 818 eya]
530 769 689 814 Superbe
716 781 756 801 ac
780 768 970 801 minaciter
994 779 1079 811 pro-

109 897 160 926 59)
188 897 235 920 vel
261 896 358 927 quibus
383 896 499 926 populus
524 895 626 922 favet]
653 894 693 917 stc
720 894 805 917 Editt.
830 893 967 923 1540.B.‚
993 893 1080 922 1543„

146 932 242 962 1548„
263 932 356 962 1551.;
383 931 431 954 Ed.
451 930 526 953 1546.
546 935 641 953 eorum
661 929 722 953 loco
754 930 834 953 hahet
853 929 936 952 haec:
977 928 1003 951 id
1025 929 1079 958 est,

145 963 269 997 δημόται.

598 1102 632 1135 3.

377 1186 706 1231 Argumentum
726 1187 770 1233 ¹).

182 1262 303 1296 Tanta
321 1261 427 1298 huius
449 1265 591 1298 fabulae
611 1264 787 1308 elegantia
811 1269 880 1304 est,
909 1269 948 1296 ut
972 1262 1082 1307 pleri-

76 1326 148 1360 que
165 1326 183 1347 a
203 1314 349 1356 Laelio,
378 1329 449 1362 quo
470 1316 540 1350 illis
557 1316 781 1360 temporibus
799 1327 906 1348 nemo
926 1315 993 1348 fuit
1011 1314 1083 1346 elo-

78 1366 268 1412 quentior,
313 1367 483 1412 scriptam
514 1367 772 1407 existimarint,
807 1373 841 1400 et
870 1373 974 1411 poeta
1008 1366 1082 1410 ipse
1108 1394 1111 1406 ,

79 1423 232 1451 testatur
251 1418 289 1450 in
308 1417 375 1451 hac
392 1431 520 1463 puram
543 1432 616 1453 esse
635 1420 860 1458 orationem,
890 1430 958 1464 qua
976 1418 1082 1451 laude

79 1469 178 1502 nulla
204 1475 323 1513 potest
347 1471 503 1515 amplior
529 1471 735 1514 excogitari.
791 1470 887 1515 Quid
913 1476 963 1503 est
986 1469 1081 1502 enim

83 1520 333 1555 admirabilius
367 1534 475 1567 quam
508 1535 626 1556 sermo
655 1523 797 1567 elegans
827 1528 860 1554 et
888 1520 1083 1554 venustus?

81 1572 208 1618 Neque
235 1573 508 1617 praedicaturus
532 1572 600 1608 hoc
624 1574 744 1618 palam
767 1575 885 1608 fuerat
912 1572 1083 1612 comicus,

77 1624 147 1658 nisi
166 1635 300 1657 novam
314 1651 323 1665 ,
352 1625 526 1669 insignem
543 1652 552 1665 ‚
581 1632 614 1658 et
629 1638 743 1670 paene
760 1626 921 1659 divinam
947 1636 1082 1658 sermo-

78 1676 134 1710 nis
153 1675 366 1719 elegantiam
387 1689 459 1710 esse
478 1677 678 1711 iudicasset.

180 1726 355 1772 Depingit
379 1735 497 1762 autem
525 1734 716 1773 parentum
741 1728 839 1761 vitia.
894 1728 986 1762 Nam
1006 1727 1082 1760 Me-

78 1779 250 1813 nedemus
285 1779 482 1813 liberaliter
514 1787 695 1813 amantem
722 1779 876 1813 Cliniam
902 1779 995 1813 iusto
1028 1779 1082 1811 in—

79 1831 288 1865 clementius
327 1838 458 1865 tractat
500 1832 760 1866 adolescentem
807 1832 1008 1864 modestum
1049 1836 1082 1863 et

78 1882 183 1927 frugi.
234 1882 350 1928 Quem
372 1890 563 1930 postquam
582 1885 690 1918 domo
708 1884 828 1922 eiecit,
856 1883 988 1915 victum
1009 1883 1081 1915 iur-

81 1934 147 1978 giis
166 1940 201 1967 et
218 1935 462 1975 contumeliis,
491 1936 605 1968 multo
633 1935 868 1981 impotentius
889 1934 1080 1968 desiderat.

77 1987 179 2019 Adeo
197 1987 432 2020 multifariam
451 1985 508 2020 hie
529 1994 663 2031 peccat.

182 2037 274 2071 Huic
307 2039 383 2072 seni
418 2041 571 2084 opponit
594 2037 819 2073 Chremetem
848 2038 1081 2077 monitorem,

79 2090 140 2122 sed
159 2102 265 2135 quem
287 2097 408 2134 postea
427 2091 548 2125 videas
569 2092 683 2125 multo
702 2091 804 2136 plura
830 2103 937 2136 quam
959 2090 1080 2123 Mene-

77 2142 224 2174 demum
256 2154 415 2186 peccare.
486 2143 650 2177 Primum
684 2144 712 2177 is
744 2155 930 2188 uunquam
965 2142 1082 2175 olfecit

78 2193 217 2237 perdite
242 2205 364 2227 amare
397 2194 531 2235 filium,
575 2201 609 2228 et
635 2195 825 2239 compilari
853 2207 889 2228 se
918 2207 935 2227 a
961 2200 1079 2228 scorto

78 2251 303 2289 sumptuoso.
357 2246 445 2280 Post
460 2247 521 2280 ubi
536 2247 709 2287 resciscit,
738 2247 851 2280 multo
874 2247 942 2279 sert
966 2247 1081 2290 impo-

79 2296 212 2330 tentIus
237 2297 274 2330 id
298 2298 404 2337 mali,
440 2311 547 2343 quam
580 2299 638 2331 illa
676 2299 811 2332 solebat
836 2299 1081 2338 Menedemus,

79 2354 119 2382 ut
140 2360 312 2392 agnoscas
336 2349 366 2396 2)
400 2350 472 2383 sere
499 2351 545 2383 ita
577 2350 757 2391 accidere,
791 2357 830 2384 ut
860 2350 964 2390 foris,
1006 2362 1081 2382 uon

79 2400 180 2433 domi
199 2401 382 2445 sapiamus
397 2401 440 2446 ³).

116 2535 145 2564 1)
164 2536 223 2561 Hoc
240 2537 431 2568 argumentum
451 2536 553 2567 tegitur
574 2536 599 2559 in
619 2535 702 2559 Editt.
727 2535 921 2560 1528—1623.
943 2538 969 2560 et
989 2543 1012 2559 ε.
1032 2542 1057 2560 a.

116 2586 147 2614 2)
167 2586 322 2620 agnoscas]
347 2588 388 2612 sic
412 2588 496 2611 Editt.
526 2587 619 2615 153⁴..
649 2587 742 2611 1539..
770 2587 845 2610 1540.
862 2589 894 2612 A.
914 2588 963 2615 B..
994 2588 1082 2617 1543,

151 2622 247 2653 1546„
269 2623 362 2653 1548„
384 2624 459 2648 1550,
477 2624 503 2646 Β,
521 2623 575 2650 v..
599 2623 693 2653 t551.,
716 2621 803 2653 1553,
826 2622 918 2649 1560..
941 2623 1080 2654 1592.1..;

150 2656 236 2682 Editt.
256 2657 349 2688 1528,
371 2658 446 2681 15³3.
465 2663 628 2688 cognoscas.

114 2708 146 2736 3)
173 2708 260 2733 mutto
292 2709 348 2733 fert
378 2709 557 2739 impotentius
581 2721 616 2726 -—-
646 2709 813 2739 sapsamus]
838 2709 934 2733 horum
960 2710 1020 2733 loco
1051 2709 1078 2733 in

149 2743 236 2769 Editt.
257 2744 333 2768 1542.
347 2745 447 2776 11.M.,
470 2746 542 2769 1545.
556 2761 563 2775 ,
585 2744 678 2776 1575„
700 2744 792 2775 1586„
818 2744 892 2768 1592.
909 2745 959 2775 F..
989 2745 1077 2775 1602„

787 303 848 337 Vs.
865 303 900 337 6.
925 300 1075 349 Meam]
1102 301 1105 335 ἰ
1132 310 1231 347 cepta
1257 310 1387 348 servat.

458 354 661 403 Sponsum]
689 355 923 399 Participium
941 353 998 388 hic
1015 360 1076 388 est.
1102 348 1105 399 Ι
1131 355 1249 388 sicues
1276 356 1398 388 variae
1434 355 1477 387 ah
1509 356 1601 390 utili.

2065 118 2138 152 730

1463 199 1523 233 Vs.
1542 200 1602 234 36.
1631 204 1770 235 Dictum
1790 201 1871 249 est]
1902 201 2137 238 insimulatio.

1493 303 1554 338 Vs.
1573 303 1633 339 46.
1668 308 1711 339 L’t
1736 311 1791 339 1110
1816 304 1955 354 umora]
1985 306 2137 340 Persiu·-

1734 356 1795 391 Vs.
1822 357 1882 391 48.
1926 357 2136 406 Principia]

1655 407 1779 442 insulsi
1805 410 1912 442 corde
1942 416 1975 442 et
2001 411 2138 450 animo,

1133 459 1226 491 tardi
1255 471 1407 503 corpore
1435 465 1468 492 et
1493 466 1627 494 mente.
1746 460 1806 494 Vs.
1827 458 1887 496 52.
1922 463 2056 504 Accipit
2078 463 2138 496 ho-

1134 513 1257 544 minem
1284 508 1376 557 ⁸¹).]
1412 510 1447 542 id
1481 517 1551 549 est,
1607 511 1740 555 pascit,
1797 518 1946 551 tractat,
1999 514 2138 547 invitat.

1132 562 1191 595 Vs.
1213 560 1275 595 55.
1307 565 1445 597 Sua-um
1471 552 1589 610 videm]
1618 563 1871 597 proverbium.
1990 563 2049 597 Vs.
2076 563 2137 599 56.

1132 616 1179 647 At
1202 612 1290 660 eqo]
1336 615 1503 647 Ostendit
1539 616 1644 648 fidem
1689 615 1869 648 amicitiae
1913 615 2140 658 parasiticae.

1822 666 1882 700 Vs.
1903 666 1963 701 62.
1992 669 2056 701 Fue·
2082 680 2139 701 us-

1664 718 1723 753 Vs.
1734 719 1793 752 63.
1818 719 2051 765 Eloquentiam
2061 716 2137 766 6⁴²).]

1130 406 1237 440 Fami
1268 407 1386 440 verbis
1424 413 1457 439 et
1489 408 1610 447 dictis,

1168 874 1216 900 60)
1236 871 1329 904 facio]
1351 871 1392 895 sic
1413 871 1476 894 inae
1499 871 1597 901 mitt,
1624 872 1674 897 Ed.
1695 872 1791 897 x'oiuz.
1810 873 1931 903 factam.

1169 917 1218 943 61]
1240 915 1396 944 hominem]
1417 914 1456 937 sic
1475 915 1540 938 illae
1562 915 1663 941 Educ:
1683 916 1733 938 Ed.
1750 916 1843 939 Yotlb.
1864 917 1956 942 homo.

1168 961 1216 989 62)
1239 957 1458 991 Eloquentiam]
1479 959 1518 982 sic
1538 959 1603 982 illae
1624 959 1727 989 Editt.;
1748 959 1798 984 Ed.
1818 960 1909 983 Volui.
1932 960 2117 991 elegantiam.

681 1100 731 1134 In
768 1101 1338 1136 Heautontimorumenon
1372 1095 1602 1130 Terentii.

1554 1180 1722 1225 Epitasis.

1240 1250 1380 1289 Porro,
1416 1249 1500 1295 quia
1539 1250 1697 1294 fingebat
1734 1256 1861 1294 poeta,
1898 1250 1994 1284 velut
2029 1251 2141 1286 oculis

1137 1309 1282 1347 captum
1310 1299 1561 1341 Chremetem,
1599 1302 1661 1347 qui
1687 1301 1841 1346 insignia
1865 1302 1927 1334 filii
1954 1302 2039 1335 vitia
2066 1315 2142 1337 non

1137 1360 1280 1393 cernat,
1308 1353 1455 1386 adducit
1477 1353 1572 1397 patri
1599 1354 1644 1386 ob
1663 1353 1785 1387 oculos
1803 1353 1866 1386 filii
1887 1354 2060 1395 amicam,
2088 1355 2142 1388 id-

1108 1407 1111 1436 i
1139 1419 1206 1452 que
1227 1404 1285 1439 hic
1306 1405 1455 1450 periculi
1474 1411 1544 1446 est,
1579 1418 1624 1438 ue
1650 1405 1817 1439 resciscat
1835 1403 2025 1446 Chremes,
2051 1406 2143 1440 Bac-

1138 1457 1277 1491 chidem
1302 1457 1367 1490 filii
1390 1456 1541 1489 amicam
1566 1469 1652 1491 esse.
1721 1456 1799 1491 Huc
1825 1457 1947 1490 onmia
1977 1458 2141 1499 consilia,

1138 1522 1263 1543 omues
1293 1509 1395 1542 dolos
1421 1509 1554 1542 servuli
1578 1510 1785 1542 referemus.
1840 1508 1886 1542 Et
1911 1522 1929 1542 a
1949 1507 2140 1544 Chremete

1137 1562 1238 1607 prius
1269 1567 1458 1604 argentum
1496 1561 1704 1605 emungitur
1737 1558 1910 1594 Bacchidi
1945 1574 2141 1595 numeran-

1137 1615 1221 1647 dum
1236 1640 1245 1653 ,
1275 1625 1382 1658 quam
1407 1614 1583 1656 comperit
1602 1613 1665 1646 filii
1681 1624 1757 1645 rem
1784 1613 1854 1656 agi.
1908 1613 2061 1647 Fallitur
2079 1626 2141 1647 au-

1137 1672 1208 1699 tem
1220 1692 1228 1705 ,
1257 1676 1337 1697 cum
1354 1663 1501 1708 fingitur
1519 1662 1670 1698 Bacchis
1688 1676 1761 1698 esse
1779 1664 1929 1698 Cliniae.

1239 1714 1280 1748 In
1312 1715 1428 1760 prima
1458 1716 1600 1749 fabulae
1632 1722 1755 1760 parte,
1795 1716 1856 1749 ubi
1884 1716 2139 1750 Menedemum

1136 1768 1327 1801 confirmat
1351 1765 1542 1807 Chremes,
1585 1768 1703 1800 oratio
1737 1773 1789 1800 est
1819 1768 2045 1801 deliberativi
2077 1780 2140 1802 seu

1135 1819 1288 1854 suasorii
1320 1819 1479 1862 generis,
1535 1831 1626 1864 quae
1661 1816 1719 1851 hic
1754 1819 1981 1859 consolatur,
2024 1820 2141 1864 erigit,

1136 1876 1261 1904 monet
1278 1871 1389 1903 animi
1406 1883 1553 1915 aegrum
1575 1870 1746 1904 vicinum.

1240 1920 1279 1954 ln
1308 1922 1446 1967 reliqua
1476 1922 1618 1955 fabulae
1650 1928 1771 1966 parte,
1816 1933 1906 1966 quae
1937 1922 2138 1965 periculum

1136 1974 1296 2007 contInet
1309 2000 1317 2014 ,
1346 1986 1402 2008 res
1421 1974 1538 2008 omnis
1556 1974 1792 2007 translatione
1809 1971 1988 2006 rhetorica
2008 1975 2138 2018 agitur,

1136 2026 1217 2071 quia
1230 2053 1239 2065 ,
1268 2038 1361 2071 quae
1379 2027 1424 2059 ad
1442 2024 1641 2060 Chremetis
1659 2025 1770 2058 filium
1789 2025 1990 2070 pertinent,
2016 2026 2139 2059 omnia

1136 2079 1363 2122 imputantur
1379 2078 1583 2111 Menedemi
1601 2084 1722 2121 gnato.

1239 2129 1279 2163 In
1297 2130 1424 2174 primis
1443 2130 1665 2164 admirabilis
1683 2135 1733 2163 est
1753 2127 1810 2162 hic
1827 2129 2008 2169 servulus,
2037 2130 2137 2163 cuius

1136 2181 1375 2216 callidissimis
1390 2182 1547 2215 consiliis
1565 2182 1776 2226 neutiquam
1793 2182 2013 2225 respondent
2033 2193 2138 2214 even-

1136 2239 1202 2267 tus.
1256 2234 1329 2267 Nec
1348 2234 1544 2278 vulgariter
1569 2235 1611 2266 de
1629 2246 1693 2267 suo
1714 2233 1864 2266 consilio
1883 2233 1948 2266 sibi
1969 2233 2043 2276 ipse
2062 2233 2137 2277 pla-

1136 2292 1209 2325 cet,
1239 2298 1318 2319 cum
1339 2286 1406 2319 ait:
1436 2285 1502 2319 Hic
1520 2298 1576 2318 me
1594 2285 1781 2329 magnifice
1801 2285 1931 2324 effero,
1961 2290 2025 2318 etc.
2073 2283 2137 2317 Est

1136 2348 1174 2369 ea
1201 2338 1350 2370 mirifica
1375 2337 1525 2370 omnino
1548 2338 1667 2381 imago
1694 2335 1938 2371 humanorum
1963 2343 1997 2369 et
2022 2336 2137 2369 cousi-

1136 2388 1266 2422 liorum
1294 2396 1328 2422 et
1349 2395 1554 2423 eventuum.
1609 2389 1756 2423 Fallunt
1781 2389 1876 2421 enim
1904 2388 1976 2420 sere
1995 2386 2137 2421 astutis-

1108 2456 1112 2476 :
1138 2440 1227 2474 sima
1253 2441 1400 2475 consilia
1430 2442 1619 2482 mortales,
1655 2441 1745 2475 sicut
1771 2440 1979 2473 Ciceronem
2012 2438 2137 2472 fefellit

1138 2499 1284 2527 eventus
1312 2493 1394 2526 belli
1422 2494 1592 2527 adversus
1615 2492 1815 2527 Antonium
1840 2490 2004 2535 suscepti.
2066 2489 2135 2522 Ex-

1139 2551 1214 2577 tant
1233 2545 1392 2589 exempla
1410 2545 1445 2578 in
1462 2543 1622 2579 historiis
1641 2542 1933 2577 innumerabilia.

1206 2673 1299 2702 1614„
1326 2672 1417 2700 1⁶23..
1451 2679 1474 2695 ς.
1500 2678 1524 2695 a.
1552 2672 1681 2701 leguntur
1700 2672 1814 2695 haecce:
1840 2670 1972 2694 irascitur
2000 2670 2057 2699 ipse
2083 2675 2133 2693 suo

1202 2708 1275 2734 filio,
1302 2713 1416 2737 eumque
1441 2706 1566 2738 graviter
1594 2706 1737 2737 obiurgat,
1769 2706 1822 2730 etsi
1849 2708 1987 2735 postremo
2008 2704 2134 2734 placatur

1204 2743 1237 2766 ab
1258 2743 1356 2766 antioc).
