<?xml version="1.0" encoding="UTF-8"?>
<!DOCTYPE html PUBLIC "-//W3C//DTD XHTML 1.0 Transitional//EN"
    "http://www.w3.org/TR/xhtml1/DTD/xhtml1-transitional.dtd">
<html xmlns="http://www.w3.org/1999/xhtml" xml:lang="en" lang="en">
 <head>
  <title>
</title>
<meta http-equiv="Content-Type" content="text/html;charset=utf-8" />
  <meta name='ocr-system' content='tesseract 3.04.00' />
  <meta name='ocr-capabilities' content='ocr_page ocr_carea ocr_par ocr_line ocrx_word'/>
</head>
<body>
  <div class='ocr_page' id='page_1' title='image "./operaquaesupersu19melauoft_0110.png"; bbox 0 0 2341 2973; ppageno 0'>
   <div class='ocr_carea' id='block_1_1' title="bbox 183 107 254 143">
    <p class='ocr_par' dir='ltr' id='par_1_1' title="bbox 183 107 254 143">
     <span class='ocr_line' id='line_1_1' title="bbox 183 107 254 143; baseline 0 0"><span class='ocrx_word' id='word_1_1' title='bbox 183 107 254 143; x_wconf 84' lang='lat'><strong>195</strong></span> 
     </span>
    </p>
   </div>
   <div class='ocr_carea' id='block_1_2' title="bbox 179 192 1191 2755">
    <p class='ocr_par' dir='ltr' id='par_1_2' title="bbox 179 192 1178 433">
     <span class='ocr_line' id='line_1_2' title="bbox 180 192 1174 230; baseline -0.004 -1"><span class='ocrx_word' id='word_1_2' title='bbox 180 202 231 230; x_wconf 84' lang='lat' dir='ltr'><strong>set</strong></span> <span class='ocrx_word' id='word_1_3' title='bbox 248 194 363 227; x_wconf 81' lang='lat' dir='ltr'><strong>facere</strong></span> <span class='ocrx_word' id='word_1_4' title='bbox 382 192 520 227; x_wconf 88' lang='lat' dir='ltr'><strong>infecta.</strong></span> <span class='ocrx_word' id='word_1_5' title='bbox 575 192 643 226; x_wconf 86' lang='lat' dir='ltr'><strong>Sed</strong></span> <span class='ocrx_word' id='word_1_6' title='bbox 668 193 761 226; x_wconf 85' lang='lat' dir='ltr'><strong>bona</strong></span> <span class='ocrx_word' id='word_1_7' title='bbox 786 195 929 227; x_wconf 85' lang='lat' dir='ltr'><strong>fortuna</strong></span> <span class='ocrx_word' id='word_1_8' title='bbox 957 193 1174 226; x_wconf 72' lang='lat' dir='ltr'><strong>oblivionem</strong></span> 
     </span>
     <span class='ocr_line' id='line_1_3' title="bbox 179 244 1177 291; baseline -0.003 -12"><span class='ocrx_word' id='word_1_9' title='bbox 179 246 305 280; x_wconf 83' lang='lat' dir='ltr'><strong>talium</strong></span> <span class='ocrx_word' id='word_1_10' title='bbox 323 245 461 278; x_wconf 85' lang='lat' dir='ltr'><strong>adferre</strong></span> <span class='ocrx_word' id='word_1_11' title='bbox 479 251 607 289; x_wconf 90' lang='lat' dir='ltr'><strong>potest.</strong></span> <span class='ocrx_word' id='word_1_12' title='bbox 640 244 731 279; x_wconf 90' lang='lat' dir='ltr'><strong>Nam</strong></span> <span class='ocrx_word' id='word_1_13' title='bbox 749 245 911 291; x_wconf 80' lang='lat' dir='ltr'>sequenti</span> <span class='ocrx_word' id='word_1_14' title='bbox 930 244 1059 289; x_wconf 83' lang='lat' dir='ltr'><strong>gaudio</strong></span> <span class='ocrx_word' id='word_1_15' title='bbox 1075 256 1177 288; x_wconf 82' lang='lat' dir='ltr'><strong>prae-</strong></span> 
     </span>
     <span class='ocr_line' id='line_1_4' title="bbox 180 295 1178 341; baseline 0 -11"><span class='ocrx_word' id='word_1_16' title='bbox 180 297 282 330; x_wconf 84' lang='lat' dir='ltr'><strong>terita</strong></span> <span class='ocrx_word' id='word_1_17' title='bbox 302 296 396 329; x_wconf 84' lang='lat' dir='ltr'><strong>mala</strong></span> <span class='ocrx_word' id='word_1_18' title='bbox 415 296 537 330; x_wconf 85' lang='lat' dir='ltr'><strong>odiosa</strong></span> <span class='ocrx_word' id='word_1_19' title='bbox 566 308 733 340; x_wconf 83' lang='lat' dir='ltr'><strong>oppressa</strong></span> <span class='ocrx_word' id='word_1_20' title='bbox 760 297 983 335; x_wconf 88' lang='lat' dir='ltr'><strong>moriuntur,</strong></span> <span class='ocrx_word' id='word_1_21' title='bbox 1020 295 1108 341; x_wconf 83' lang='lat' dir='ltr'><strong>(Str.</strong></span> <span class='ocrx_word' id='word_1_22' title='bbox 1125 296 1178 341; x_wconf 78' lang='grc'><strong>2.)</strong></span> 
     </span>
     <span class='ocr_line' id='line_1_5' title="bbox 181 347 1177 394; baseline -0.001 -14"><span class='ocrx_word' id='word_1_23' title='bbox 181 348 325 394; x_wconf 88' lang='lat' dir='ltr'><strong>quando</strong></span> <span class='ocrx_word' id='word_1_24' title='bbox 344 348 464 381; x_wconf 85' lang='lat' dir='ltr'><strong>divina</strong></span> <span class='ocrx_word' id='word_1_25' title='bbox 490 347 716 393; x_wconf 88' lang='lat' dir='ltr'><strong>providentia</strong></span> <span class='ocrx_word' id='word_1_26' title='bbox 741 349 884 381; x_wconf 87' lang='lat' dir='ltr'><strong>tandem</strong></span> <span class='ocrx_word' id='word_1_27' title='bbox 908 347 1018 380; x_wconf 86' lang='lat' dir='ltr'><strong>mittit</strong></span> <span class='ocrx_word' id='word_1_28' title='bbox 1041 347 1177 380; x_wconf 88' lang='lat' dir='ltr'><strong>felicem</strong></span> 
     </span>
     <span class='ocr_line' id='line_1_6' title="bbox 181 399 326 433; baseline 0.007 -1"><span class='ocrx_word' id='word_1_29' title='bbox 181 399 326 433; x_wconf 85' lang='lat' dir='ltr'><strong>exitum.</strong></span> 
     </span>
    </p>

    <p class='ocr_par' dir='ltr' id='par_1_3' title="bbox 179 448 1186 1626">
     <span class='ocr_line' id='line_1_7' title="bbox 282 448 1179 496; baseline -0.001 -12"><span class='ocrx_word' id='word_1_30' title='bbox 282 450 454 495; x_wconf 79' lang='lat' dir='ltr'>Congruit</span> <span class='ocrx_word' id='word_1_31' title='bbox 481 448 538 483; x_wconf 88' lang='lat' dir='ltr'><strong>bic</strong></span> <span class='ocrx_word' id='word_1_32' title='bbox 561 462 678 484; x_wconf 85' lang='lat' dir='ltr'><strong>sermo</strong></span> <span class='ocrx_word' id='word_1_33' title='bbox 703 457 736 483; x_wconf 86' lang='lat' dir='ltr'><strong>et</strong></span> <span class='ocrx_word' id='word_1_34' title='bbox 757 452 799 483; x_wconf 86' lang='lat' dir='ltr'><strong>ad</strong></span> <span class='ocrx_word' id='word_1_35' title='bbox 821 450 945 484; x_wconf 86' lang='lat' dir='ltr'><strong>Cadmi</strong></span> <span class='ocrx_word' id='word_1_36' title='bbox 963 450 1073 491; x_wconf 80' lang='lat' dir='ltr'><strong>filias,</strong></span> <span class='ocrx_word' id='word_1_37' title='bbox 1103 450 1179 496; x_wconf 88' lang='lat' dir='ltr'><strong>qui-</strong></span> 
     </span>
     <span class='ocr_line' id='line_1_8' title="bbox 179 502 1180 547; baseline -0.001 -11"><span class='ocrx_word' id='word_1_38' title='bbox 179 503 265 543; x_wconf 64' lang='lat' dir='ltr'><strong>bus,</strong></span> <span class='ocrx_word' id='word_1_39' title='bbox 297 515 376 536; x_wconf 91' lang='lat' dir='ltr'><strong>cum</strong></span> <span class='ocrx_word' id='word_1_40' title='bbox 395 502 516 546; x_wconf 62' lang='lat' dir='ltr'><strong>gravia</strong></span> <span class='ocrx_word' id='word_1_41' title='bbox 537 514 659 546; x_wconf 84' lang='lat' dir='ltr'><strong>passae</strong></span> <span class='ocrx_word' id='word_1_42' title='bbox 676 509 808 542; x_wconf 88' lang='lat' dir='ltr'><strong>essent,</strong></span> <span class='ocrx_word' id='word_1_43' title='bbox 836 503 949 536; x_wconf 86' lang='lat' dir='ltr'><strong>luctus</strong></span> <span class='ocrx_word' id='word_1_44' title='bbox 967 503 1070 537; x_wconf 89' lang='lat' dir='ltr'><strong>desiit</strong></span> <span class='ocrx_word' id='word_1_45' title='bbox 1098 515 1180 547; x_wconf 85' lang='lat' dir='ltr'><strong>pro-</strong></span> 
     </span>
     <span class='ocr_line' id='line_1_9' title="bbox 179 553 1181 598; baseline 0 -11"><span class='ocrx_word' id='word_1_46' title='bbox 179 560 258 598; x_wconf 89' lang='lat' dir='ltr'><strong>pter</strong></span> <span class='ocrx_word' id='word_1_47' title='bbox 280 553 423 598; x_wconf 88' lang='lat' dir='ltr'><strong>potiora</strong></span> <span class='ocrx_word' id='word_1_48' title='bbox 450 554 556 587; x_wconf 85' lang='lat' dir='ltr'><strong>bona.</strong></span> <span class='ocrx_word' id='word_1_49' title='bbox 618 553 716 586; x_wconf 73' lang='lat' dir='ltr'><strong>Vivit</strong></span> <span class='ocrx_word' id='word_1_50' title='bbox 742 565 836 587; x_wconf 89' lang='lat' dir='ltr'><strong>nunc</strong></span> <span class='ocrx_word' id='word_1_51' title='bbox 863 565 1006 587; x_wconf 82' lang='lat' dir='ltr'><strong>comosa</strong></span> <span class='ocrx_word' id='word_1_52' title='bbox 1031 554 1181 594; x_wconf 79' lang='lat' dir='ltr'><strong>Semele,</strong></span> 
     </span>
     <span class='ocr_line' id='line_1_10' title="bbox 180 604 1181 649; baseline 0 -11"><span class='ocrx_word' id='word_1_53' title='bbox 180 606 249 638; x_wconf 87' lang='lat' dir='ltr'><strong>icta</strong></span> <span class='ocrx_word' id='word_1_54' title='bbox 267 605 427 639; x_wconf 81' lang='lat' dir='ltr'><strong>fulmine.</strong></span> <span class='ocrx_word' id='word_1_55' title='bbox 480 606 614 637; x_wconf 85' lang='lat' dir='ltr'><strong>Amant</strong></span> <span class='ocrx_word' id='word_1_56' title='bbox 635 617 712 637; x_wconf 84' lang='lat' dir='ltr'><strong>eam</strong></span> <span class='ocrx_word' id='word_1_57' title='bbox 730 605 847 638; x_wconf 84' lang='lat' dir='ltr'><strong>Pallas</strong></span> <span class='ocrx_word' id='word_1_58' title='bbox 860 632 868 645; x_wconf 88' lang='lat'><strong>,</strong></span> <span class='ocrx_word' id='word_1_59' title='bbox 896 604 1031 649; x_wconf 86' lang='lat' dir='ltr'><strong>Iupiter</strong></span> <span class='ocrx_word' id='word_1_60' title='bbox 1045 613 1078 638; x_wconf 90' lang='lat' dir='ltr'><strong>et</strong></span> <span class='ocrx_word' id='word_1_61' title='bbox 1093 606 1181 638; x_wconf 87' lang='lat' dir='ltr'><strong>Bac-</strong></span> 
     </span>
     <span class='ocr_line' id='line_1_11' title="bbox 182 654 1180 702; baseline 0 -13"><span class='ocrx_word' id='word_1_62' title='bbox 182 654 279 690; x_wconf 86' lang='lat' dir='ltr'><strong>chus.</strong></span> <span class='ocrx_word' id='word_1_63' title='bbox 321 655 420 702; x_wconf 76' lang='lat' dir='ltr'><strong>(Ant.</strong></span> <span class='ocrx_word' id='word_1_64' title='bbox 436 656 489 701; x_wconf 76' lang='lat'><strong>2.)</strong></span> <span class='ocrx_word' id='word_1_65' title='bbox 518 655 651 689; x_wconf 89' lang='lat' dir='ltr'><strong>Dicunt</strong></span> <span class='ocrx_word' id='word_1_66' title='bbox 672 662 705 689; x_wconf 88' lang='lat' dir='ltr'><strong>et</strong></span> <span class='ocrx_word' id='word_1_67' title='bbox 722 655 786 689; x_wconf 86' lang='lat' dir='ltr'><strong>Ino</strong></span> <span class='ocrx_word' id='word_1_68' title='bbox 804 657 897 690; x_wconf 89' lang='lat' dir='ltr'><strong>inter</strong></span> <span class='ocrx_word' id='word_1_69' title='bbox 914 656 1020 690; x_wconf 75' lang='lat' dir='ltr'><strong>Nerei</strong></span> <span class='ocrx_word' id='word_1_70' title='bbox 1039 657 1127 690; x_wconf 83' lang='lat' dir='ltr'><strong>filias</strong></span> <span class='ocrx_word' id='word_1_71' title='bbox 1144 657 1180 689; x_wconf 93' lang='lat' dir='ltr'><strong>in</strong></span> 
     </span>
     <span class='ocr_line' id='line_1_12' title="bbox 181 705 1182 742; baseline 0 -1"><span class='ocrx_word' id='word_1_72' title='bbox 181 707 275 741; x_wconf 88' lang='lat' dir='ltr'><strong>mari</strong></span> <span class='ocrx_word' id='word_1_73' title='bbox 298 705 429 740; x_wconf 88' lang='lat' dir='ltr'><strong>babere</strong></span> <span class='ocrx_word' id='word_1_74' title='bbox 455 707 565 740; x_wconf 72' lang='lat' dir='ltr'><strong>vitam</strong></span> <span class='ocrx_word' id='word_1_75' title='bbox 590 707 843 742; x_wconf 76' lang='lat' dir='ltr'>immortalem.</span> <span class='ocrx_word' id='word_1_76' title='bbox 904 708 977 742; x_wconf 84' lang='lat' dir='ltr'><strong>Nec</strong></span> <span class='ocrx_word' id='word_1_77' title='bbox 1000 721 1084 741; x_wconf 88' lang='lat' dir='ltr'><strong>vero</strong></span> <span class='ocrx_word' id='word_1_78' title='bbox 1110 720 1182 741; x_wconf 88' lang='lat' dir='ltr'><strong>cer-</strong></span> 
     </span>
     <span class='ocr_line' id='line_1_13' title="bbox 181 756 1182 804; baseline 0 -12"><span class='ocrx_word' id='word_1_79' title='bbox 181 766 257 792; x_wconf 79' lang='lat' dir='ltr'><strong>tum</strong></span> <span class='ocrx_word' id='word_1_80' title='bbox 276 756 481 792; x_wconf 84' lang='lat' dir='ltr'><strong>hominibus</strong></span> <span class='ocrx_word' id='word_1_81' title='bbox 499 758 625 792; x_wconf 85' lang='lat' dir='ltr'><strong>mortis</strong></span> <span class='ocrx_word' id='word_1_82' title='bbox 644 765 783 803; x_wconf 85' lang='lat' dir='ltr'><strong>tempus</strong></span> <span class='ocrx_word' id='word_1_83' title='bbox 801 766 873 799; x_wconf 89' lang='lat' dir='ltr'><strong>est,</strong></span> <span class='ocrx_word' id='word_1_84' title='bbox 907 771 1022 804; x_wconf 84' lang='lat' dir='ltr'><strong>neque</strong></span> <span class='ocrx_word' id='word_1_85' title='bbox 1041 760 1182 798; x_wconf 86' lang='lat' dir='ltr'><strong>scimus,</strong></span> 
     </span>
     <span class='ocr_line' id='line_1_14' title="bbox 183 808 1182 856; baseline -0.001 -13"><span class='ocrx_word' id='word_1_86' title='bbox 183 811 327 855; x_wconf 87' lang='lat' dir='ltr'><strong>quando</strong></span> <span class='ocrx_word' id='word_1_87' title='bbox 346 810 439 842; x_wconf 92' lang='lat' dir='ltr'><strong>diem</strong></span> <span class='ocrx_word' id='word_1_88' title='bbox 463 810 696 856; x_wconf 82' lang='lat' dir='ltr'><strong>tranquillum</strong></span> <span class='ocrx_word' id='word_1_89' title='bbox 720 823 797 843; x_wconf 87' lang='lat' dir='ltr'><strong>cum</strong></span> <span class='ocrx_word' id='word_1_90' title='bbox 824 811 920 843; x_wconf 90' lang='lat' dir='ltr'><strong>bono</strong></span> <span class='ocrx_word' id='word_1_91' title='bbox 942 811 1059 843; x_wconf 84' lang='lat' dir='ltr'><strong>stabili</strong></span> <span class='ocrx_word' id='word_1_92' title='bbox 1082 808 1182 843; x_wconf 87' lang='lat' dir='ltr'><strong>habi-</strong></span> 
     </span>
     <span class='ocr_line' id='line_1_15' title="bbox 182 860 1182 895; baseline -0.001 -1"><span class='ocrx_word' id='word_1_93' title='bbox 182 861 253 894; x_wconf 82' lang='lat' dir='ltr'><strong>turi</strong></span> <span class='ocrx_word' id='word_1_94' title='bbox 272 861 393 894; x_wconf 90' lang='lat' dir='ltr'><strong>simus.</strong></span> <span class='ocrx_word' id='word_1_95' title='bbox 447 860 590 895; x_wconf 85' lang='lat' dir='ltr'><strong>Fluctus</strong></span> <span class='ocrx_word' id='word_1_96' title='bbox 610 862 696 895; x_wconf 80' lang='lat' dir='ltr'><strong>alias</strong></span> <span class='ocrx_word' id='word_1_97' title='bbox 722 862 782 894; x_wconf 79' lang='lat' dir='ltr'><strong>alii</strong></span> <span class='ocrx_word' id='word_1_98' title='bbox 807 863 979 895; x_wconf 71' lang='lat' dir='ltr'><strong>accedunt</strong></span> <span class='ocrx_word' id='word_1_99' title='bbox 1001 863 1044 894; x_wconf 87' lang='lat' dir='ltr'><strong>ad</strong></span> <span class='ocrx_word' id='word_1_100' title='bbox 1067 860 1182 895; x_wconf 85' lang='lat' dir='ltr'><strong>homi-</strong></span> 
     </span>
     <span class='ocr_line' id='line_1_16' title="bbox 183 912 1182 958; baseline 0 -13"><span class='ocrx_word' id='word_1_101' title='bbox 183 924 266 952; x_wconf 88' lang='lat' dir='ltr'><strong>nes,</strong></span> <span class='ocrx_word' id='word_1_102' title='bbox 299 912 381 945; x_wconf 84' lang='lat' dir='ltr'><strong>laeti</strong></span> <span class='ocrx_word' id='word_1_103' title='bbox 403 918 436 944; x_wconf 90' lang='lat' dir='ltr'><strong>et</strong></span> <span class='ocrx_word' id='word_1_104' title='bbox 455 912 583 946; x_wconf 87' lang='lat' dir='ltr'><strong>tristes.</strong></span> <span class='ocrx_word' id='word_1_105' title='bbox 620 913 699 956; x_wconf 82' lang='lat' dir='ltr'><strong>(Ep.</strong></span> <span class='ocrx_word' id='word_1_106' title='bbox 718 912 772 958; x_wconf 76' lang='grc'><strong>2.)</strong></span> <span class='ocrx_word' id='word_1_107' title='bbox 809 913 864 946; x_wconf 93' lang='lat' dir='ltr'><strong>Sic</strong></span> <span class='ocrx_word' id='word_1_108' title='bbox 892 914 1056 953; x_wconf 83' lang='lat' dir='ltr'><strong>fortuna,</strong></span> <span class='ocrx_word' id='word_1_109' title='bbox 1092 925 1182 958; x_wconf 88' lang='lat' dir='ltr'><strong>quae</strong></span> 
     </span>
     <span class='ocr_line' id='line_1_17' title="bbox 182 963 1183 1009; baseline 0.001 -14"><span class='ocrx_word' id='word_1_110' title='bbox 182 970 370 1009; x_wconf 85' lang='lat' dir='ltr'><strong>paternam</strong></span> <span class='ocrx_word' id='word_1_111' title='bbox 389 963 592 996; x_wconf 80' lang='lat' dir='ltr'><strong>felicitatem</strong></span> <span class='ocrx_word' id='word_1_112' title='bbox 606 964 682 996; x_wconf 84' lang='lat' dir='ltr'><strong>Deo</strong></span> <span class='ocrx_word' id='word_1_113' title='bbox 700 971 866 997; x_wconf 77' lang='lat' dir='ltr'><strong>movente</strong></span> <span class='ocrx_word' id='word_1_114' title='bbox 885 966 1011 1004; x_wconf 68' lang='lat' dir='ltr'><strong>adfert,</strong></span> <span class='ocrx_word' id='word_1_115' title='bbox 1040 964 1183 997; x_wconf 86' lang='lat' dir='ltr'><strong>adducit</strong></span> 
     </span>
     <span class='ocr_line' id='line_1_18' title="bbox 185 1015 1182 1061; baseline 0 -14"><span class='ocrx_word' id='word_1_116' title='bbox 185 1022 217 1048; x_wconf 87' lang='lat' dir='ltr'><strong>et</strong></span> <span class='ocrx_word' id='word_1_117' title='bbox 243 1015 313 1047; x_wconf 87' lang='lat' dir='ltr'><strong>alio</strong></span> <span class='ocrx_word' id='word_1_118' title='bbox 340 1021 500 1058; x_wconf 87' lang='lat' dir='ltr'><strong>tempore</strong></span> <span class='ocrx_word' id='word_1_119' title='bbox 531 1015 750 1048; x_wconf 78' lang='lat' dir='ltr'><strong>contrarium</strong></span> <span class='ocrx_word' id='word_1_120' title='bbox 784 1017 938 1055; x_wconf 82' lang='lat' dir='ltr'><strong>malum,</strong></span> <span class='ocrx_word' id='word_1_121' title='bbox 992 1022 1182 1061; x_wconf 85' lang='lat' dir='ltr'><strong>postquam</strong></span> 
     </span>
     <span class='ocr_line' id='line_1_19' title="bbox 185 1065 1183 1110; baseline 0 -11"><span class='ocrx_word' id='word_1_122' title='bbox 185 1066 313 1099; x_wconf 88' lang='lat' dir='ltr'><strong>occidit</strong></span> <span class='ocrx_word' id='word_1_123' title='bbox 330 1065 457 1099; x_wconf 85' lang='lat' dir='ltr'><strong>Laium</strong></span> <span class='ocrx_word' id='word_1_124' title='bbox 476 1072 665 1100; x_wconf 77' lang='lat' dir='ltr'><strong>occurrens</strong></span> <span class='ocrx_word' id='word_1_125' title='bbox 682 1067 774 1100; x_wconf 83' lang='lat' dir='ltr'><strong>filius</strong></span> <span class='ocrx_word' id='word_1_126' title='bbox 787 1094 795 1107; x_wconf 87' lang='lat'><strong>,</strong></span> <span class='ocrx_word' id='word_1_127' title='bbox 824 1073 857 1099; x_wconf 91' lang='lat' dir='ltr'><strong>et</strong></span> <span class='ocrx_word' id='word_1_128' title='bbox 875 1067 1021 1110; x_wconf 80' lang='lat' dir='ltr'><strong>perfecit</strong></span> <span class='ocrx_word' id='word_1_129' title='bbox 1038 1067 1183 1099; x_wconf 86' lang='lat' dir='ltr'><strong>oraculo</strong></span> 
     </span>
     <span class='ocr_line' id='line_1_20' title="bbox 186 1117 1184 1163; baseline 0.001 -14"><span class='ocrx_word' id='word_1_130' title='bbox 186 1117 404 1162; x_wconf 77' lang='lat' dir='ltr'><strong>praedictam</strong></span> <span class='ocrx_word' id='word_1_131' title='bbox 433 1129 567 1151; x_wconf 87' lang='lat' dir='ltr'><strong>necem.</strong></span> <span class='ocrx_word' id='word_1_132' title='bbox 606 1118 695 1161; x_wconf 72' lang='lat' dir='ltr'><strong>(Sir.</strong></span> <span class='ocrx_word' id='word_1_133' title='bbox 715 1119 765 1163; x_wconf 92' lang='lat'><strong>3.)</strong></span> <span class='ocrx_word' id='word_1_134' title='bbox 803 1118 870 1152; x_wconf 86' lang='lat' dir='ltr'><strong>Sed</strong></span> <span class='ocrx_word' id='word_1_135' title='bbox 896 1130 999 1152; x_wconf 86' lang='lat' dir='ltr'><strong>saeva</strong></span> <span class='ocrx_word' id='word_1_136' title='bbox 1028 1118 1184 1163; x_wconf 74' lang='lat' dir='ltr'><strong>Erinnys</strong></span> 
     </span>
     <span class='ocr_line' id='line_1_21' title="bbox 185 1168 1184 1214; baseline 0 -13"><span class='ocrx_word' id='word_1_137' title='bbox 185 1169 315 1202; x_wconf 74' lang='lat' dir='ltr'><strong>occidit</strong></span> <span class='ocrx_word' id='word_1_138' title='bbox 333 1168 363 1201; x_wconf 89' lang='lat' dir='ltr'><strong>ei</strong></span> <span class='ocrx_word' id='word_1_139' title='bbox 386 1174 507 1202; x_wconf 85' lang='lat' dir='ltr'><strong>mutua</strong></span> <span class='ocrx_word' id='word_1_140' title='bbox 527 1171 632 1202; x_wconf 88' lang='lat' dir='ltr'><strong>caede</strong></span> <span class='ocrx_word' id='word_1_141' title='bbox 648 1169 818 1202; x_wconf 87' lang='lat' dir='ltr'><strong>Martiam</strong></span> <span class='ocrx_word' id='word_1_142' title='bbox 841 1170 1019 1203; x_wconf 83' lang='lat' dir='ltr'><strong>sobolem:</strong></span> <span class='ocrx_word' id='word_1_143' title='bbox 1048 1182 1088 1202; x_wconf 84' lang='lat' dir='ltr'><strong>ex</strong></span> <span class='ocrx_word' id='word_1_144' title='bbox 1115 1182 1184 1214; x_wconf 89' lang='lat' dir='ltr'><strong>qua</strong></span> 
     </span>
     <span class='ocr_line' id='line_1_22' title="bbox 184 1218 1185 1265; baseline 0 -12"><span class='ocrx_word' id='word_1_145' title='bbox 184 1218 415 1253; x_wconf 73' lang='lat' dir='ltr'><strong>Thersander</strong></span> <span class='ocrx_word' id='word_1_146' title='bbox 445 1227 621 1264; x_wconf 85' lang='lat' dir='ltr'><strong>superstes</strong></span> <span class='ocrx_word' id='word_1_147' title='bbox 645 1221 710 1254; x_wconf 91' lang='lat' dir='ltr'><strong>fuit</strong></span> <span class='ocrx_word' id='word_1_148' title='bbox 737 1221 877 1253; x_wconf 83' lang='lat' dir='ltr'><strong>cadenti</strong></span> <span class='ocrx_word' id='word_1_149' title='bbox 902 1221 1085 1265; x_wconf 83' lang='lat' dir='ltr'><strong>Polynici,</strong></span> <span class='ocrx_word' id='word_1_150' title='bbox 1122 1219 1185 1253; x_wconf 93' lang='lat' dir='ltr'><strong>bo-</strong></span> 
     </span>
     <span class='ocr_line' id='line_1_23' title="bbox 185 1271 1184 1316; baseline 0 -12"><span class='ocrx_word' id='word_1_151' title='bbox 185 1277 335 1304; x_wconf 87' lang='lat' dir='ltr'><strong>noratus</strong></span> <span class='ocrx_word' id='word_1_152' title='bbox 352 1271 455 1304; x_wconf 92' lang='lat' dir='ltr'><strong>novis</strong></span> <span class='ocrx_word' id='word_1_153' title='bbox 469 1272 597 1316; x_wconf 78' lang='lat' dir='ltr'><strong>pugnis</strong></span> <span class='ocrx_word' id='word_1_154' title='bbox 614 1272 648 1304; x_wconf 89' lang='lat' dir='ltr'><strong>in</strong></span> <span class='ocrx_word' id='word_1_155' title='bbox 669 1273 783 1305; x_wconf 87' lang='lat' dir='ltr'><strong>altero</strong></span> <span class='ocrx_word' id='word_1_156' title='bbox 800 1273 906 1312; x_wconf 84' lang='lat' dir='ltr'><strong>bello,</strong></span> <span class='ocrx_word' id='word_1_157' title='bbox 931 1284 1076 1316; x_wconf 78' lang='lat' dir='ltr'><strong>germen</strong></span> <span class='ocrx_word' id='word_1_158' title='bbox 1093 1272 1184 1305; x_wconf 80' lang='lat' dir='ltr'><strong>filiae</strong></span> 
     </span>
     <span class='ocr_line' id='line_1_24' title="bbox 184 1322 1185 1367; baseline 0.001 -12"><span class='ocrx_word' id='word_1_159' title='bbox 184 1323 349 1362; x_wconf 75' lang='lat' dir='ltr'><strong>Adrasti,</strong></span> <span class='ocrx_word' id='word_1_160' title='bbox 390 1323 485 1355; x_wconf 90' lang='lat' dir='ltr'><strong>unde</strong></span> <span class='ocrx_word' id='word_1_161' title='bbox 506 1324 644 1367; x_wconf 80' lang='lat' dir='ltr'><strong>generis</strong></span> <span class='ocrx_word' id='word_1_162' title='bbox 668 1324 841 1367; x_wconf 79' lang='lat' dir='ltr'><strong>originem</strong></span> <span class='ocrx_word' id='word_1_163' title='bbox 869 1322 1003 1356; x_wconf 86' lang='lat' dir='ltr'><strong>habent</strong></span> <span class='ocrx_word' id='word_1_164' title='bbox 1030 1323 1185 1356; x_wconf 86' lang='lat' dir='ltr'><strong>maiores</strong></span> 
     </span>
     <span class='ocr_line' id='line_1_25' title="bbox 186 1372 1185 1419; baseline -0.001 -12"><span class='ocrx_word' id='word_1_165' title='bbox 186 1372 378 1407; x_wconf 84' lang='lat' dir='ltr'><strong>Theronis.</strong></span> <span class='ocrx_word' id='word_1_166' title='bbox 431 1374 540 1407; x_wconf 86' lang='lat' dir='ltr'><strong>Decet</strong></span> <span class='ocrx_word' id='word_1_167' title='bbox 558 1375 666 1418; x_wconf 80' lang='lat' dir='ltr'><strong>igitur</strong></span> <span class='ocrx_word' id='word_1_168' title='bbox 681 1387 746 1408; x_wconf 90' lang='lat' dir='ltr'><strong>nos</strong></span> <span class='ocrx_word' id='word_1_169' title='bbox 771 1376 846 1419; x_wconf 80' lang='lat' dir='ltr'><strong>lyra</strong></span> <span class='ocrx_word' id='word_1_170' title='bbox 875 1381 909 1407; x_wconf 86' lang='lat' dir='ltr'><strong>et</strong></span> <span class='ocrx_word' id='word_1_171' title='bbox 936 1375 1107 1408; x_wconf 86' lang='lat' dir='ltr'><strong>encomiis</strong></span> <span class='ocrx_word' id='word_1_172' title='bbox 1132 1387 1185 1406; x_wconf 90' lang='lat' dir='ltr'><strong>ce-</strong></span> 
     </span>
     <span class='ocr_line' id='line_1_26' title="bbox 185 1423 1186 1471; baseline 0 -13"><span class='ocrx_word' id='word_1_173' title='bbox 185 1426 324 1458; x_wconf 85' lang='lat' dir='ltr'><strong>lebrare</strong></span> <span class='ocrx_word' id='word_1_174' title='bbox 349 1424 576 1459; x_wconf 87' lang='lat' dir='ltr'><strong>Aenesidami</strong></span> <span class='ocrx_word' id='word_1_175' title='bbox 607 1426 717 1459; x_wconf 84' lang='lat' dir='ltr'><strong>filium</strong></span> <span class='ocrx_word' id='word_1_176' title='bbox 749 1425 976 1464; x_wconf 86' lang='lat' dir='ltr'><strong>Theronem;</strong></span> <span class='ocrx_word' id='word_1_177' title='bbox 1017 1427 1116 1471; x_wconf 76' lang='lat' dir='ltr'><strong>(Ant.</strong></span> <span class='ocrx_word' id='word_1_178' title='bbox 1133 1423 1186 1471; x_wconf 84' lang='lat'><strong>3)</strong></span> 
     </span>
     <span class='ocr_line' id='line_1_27' title="bbox 186 1475 1186 1522; baseline 0.001 -13"><span class='ocrx_word' id='word_1_179' title='bbox 186 1488 270 1509; x_wconf 81' lang='lat' dir='ltr'><strong>nam</strong></span> <span class='ocrx_word' id='word_1_180' title='bbox 299 1477 335 1509; x_wconf 90' lang='lat' dir='ltr'><strong>in</strong></span> <span class='ocrx_word' id='word_1_181' title='bbox 354 1475 532 1521; x_wconf 79' lang='lat' dir='ltr'><strong>Olympiis</strong></span> <span class='ocrx_word' id='word_1_182' title='bbox 557 1477 631 1522; x_wconf 90' lang='lat' dir='ltr'><strong>ipse</strong></span> <span class='ocrx_word' id='word_1_183' title='bbox 657 1490 826 1511; x_wconf 86' lang='lat' dir='ltr'><strong>coronam</strong></span> <span class='ocrx_word' id='word_1_184' title='bbox 856 1478 1001 1522; x_wconf 84' lang='lat' dir='ltr'><strong>accepit.</strong></span> <span class='ocrx_word' id='word_1_185' title='bbox 1062 1476 1100 1510; x_wconf 90' lang='lat' dir='ltr'><strong>ln</strong></span> <span class='ocrx_word' id='word_1_186' title='bbox 1118 1477 1186 1522; x_wconf 81' lang='lat' dir='ltr'><strong>Py-</strong></span> 
     </span>
     <span class='ocr_line' id='line_1_28' title="bbox 187 1526 1185 1573; baseline 0 -13"><span class='ocrx_word' id='word_1_187' title='bbox 187 1526 283 1560; x_wconf 88' lang='lat' dir='ltr'><strong>thico</strong></span> <span class='ocrx_word' id='word_1_188' title='bbox 307 1534 423 1561; x_wconf 87' lang='lat' dir='ltr'><strong>autem</strong></span> <span class='ocrx_word' id='word_1_189' title='bbox 451 1540 564 1572; x_wconf 83' lang='lat' dir='ltr'><strong>agone</strong></span> <span class='ocrx_word' id='word_1_190' title='bbox 590 1535 623 1561; x_wconf 89' lang='lat' dir='ltr'><strong>et</strong></span> <span class='ocrx_word' id='word_1_191' title='bbox 638 1527 805 1562; x_wconf 88' lang='lat' dir='ltr'><strong>Isthmico</strong></span> <span class='ocrx_word' id='word_1_192' title='bbox 831 1529 1030 1563; x_wconf 89' lang='lat' dir='ltr'><strong>communis</strong></span> <span class='ocrx_word' id='word_1_193' title='bbox 1055 1528 1185 1573; x_wconf 81' lang='lat' dir='ltr'><strong>gloria:</strong></span> 
     </span>
     <span class='ocr_line' id='line_1_29' title="bbox 189 1579 968 1626; baseline 0.004 -15"><span class='ocrx_word' id='word_1_194' title='bbox 189 1592 267 1612; x_wconf 88' lang='lat' dir='ltr'><strong>cum</strong></span> <span class='ocrx_word' id='word_1_195' title='bbox 286 1579 395 1611; x_wconf 89' lang='lat' dir='ltr'><strong>fratre</strong></span> <span class='ocrx_word' id='word_1_196' title='bbox 413 1579 512 1613; x_wconf 84' lang='lat' dir='ltr'><strong>duxit</strong></span> <span class='ocrx_word' id='word_1_197' title='bbox 529 1592 679 1614; x_wconf 78' lang='lat' dir='ltr'><strong>coronas</strong></span> <span class='ocrx_word' id='word_1_198' title='bbox 697 1581 968 1626; x_wconf 83' lang='lat' dir='ltr'><strong>quadrigarum.</strong></span> 
     </span>
    </p>

    <p class='ocr_par' dir='ltr' id='par_1_4' title="bbox 188 1631 1191 2755">
     <span class='ocr_line' id='line_1_30' title="bbox 290 1631 1187 1671; baseline -0.001 -8"><span class='ocrx_word' id='word_1_199' title='bbox 290 1631 475 1664; x_wconf 84' lang='lat' dir='ltr'><strong>Successus</strong></span> <span class='ocrx_word' id='word_1_200' title='bbox 492 1644 577 1664; x_wconf 84' lang='lat' dir='ltr'><strong>vero</strong></span> <span class='ocrx_word' id='word_1_201' title='bbox 599 1631 637 1664; x_wconf 90' lang='lat' dir='ltr'><strong>in</strong></span> <span class='ocrx_word' id='word_1_202' title='bbox 655 1633 872 1671; x_wconf 84' lang='lat' dir='ltr'><strong>certamine,</strong></span> <span class='ocrx_word' id='word_1_203' title='bbox 907 1632 987 1665; x_wconf 85' lang='lat' dir='ltr'><strong>finis</strong></span> <span class='ocrx_word' id='word_1_204' title='bbox 1011 1638 1063 1664; x_wconf 90' lang='lat' dir='ltr'><strong>est</strong></span> <span class='ocrx_word' id='word_1_205' title='bbox 1087 1643 1187 1664; x_wconf 91' lang='lat' dir='ltr'><strong>cura-</strong></span> 
     </span>
     <span class='ocr_line' id='line_1_31' title="bbox 188 1681 1189 1716; baseline -0.001 -1"><span class='ocrx_word' id='word_1_206' title='bbox 188 1694 281 1715; x_wconf 87' lang='lat' dir='ltr'><strong>rum.</strong></span> <span class='ocrx_word' id='word_1_207' title='bbox 352 1681 508 1715; x_wconf 74' lang='lat' dir='ltr'><strong>Divitiae</strong></span> <span class='ocrx_word' id='word_1_208' title='bbox 541 1683 646 1715; x_wconf 87' lang='lat' dir='ltr'><strong>etiam</strong></span> <span class='ocrx_word' id='word_1_209' title='bbox 682 1683 813 1716; x_wconf 88' lang='lat' dir='ltr'><strong>virtute</strong></span> <span class='ocrx_word' id='word_1_210' title='bbox 840 1690 988 1716; x_wconf 82' lang='lat' dir='ltr'><strong>ornatae</strong></span> <span class='ocrx_word' id='word_1_211' title='bbox 1022 1682 1189 1715; x_wconf 85' lang='lat' dir='ltr'><strong>adferunt</strong></span> 
     </span>
     <span class='ocr_line' id='line_1_32' title="bbox 189 1733 1187 1779; baseline -0.001 -13"><span class='ocrx_word' id='word_1_212' title='bbox 189 1733 495 1777; x_wconf 70' lang='lat' dir='ltr'><strong>opportunitatem</strong></span> <span class='ocrx_word' id='word_1_213' title='bbox 514 1734 694 1768; x_wconf 83' lang='lat' dir='ltr'><strong>variarum</strong></span> <span class='ocrx_word' id='word_1_214' title='bbox 713 1747 852 1774; x_wconf 88' lang='lat' dir='ltr'><strong>rerum,</strong></span> <span class='ocrx_word' id='word_1_215' title='bbox 881 1735 1090 1779; x_wconf 69' lang='lat' dir='ltr'><strong>praebentes</strong></span> <span class='ocrx_word' id='word_1_216' title='bbox 1107 1746 1187 1777; x_wconf 92' lang='lat' dir='ltr'><strong>pro-</strong></span> 
     </span>
     <span class='ocr_line' id='line_1_33' title="bbox 188 1785 1188 1832; baseline 0 -15"><span class='ocrx_word' id='word_1_217' title='bbox 188 1785 334 1818; x_wconf 89' lang='lat' dir='ltr'><strong>fundam</strong></span> <span class='ocrx_word' id='word_1_218' title='bbox 354 1796 475 1817; x_wconf 86' lang='lat' dir='ltr'><strong>curam</strong></span> <span class='ocrx_word' id='word_1_219' title='bbox 503 1792 537 1818; x_wconf 89' lang='lat' dir='ltr'><strong>et</strong></span> <span class='ocrx_word' id='word_1_220' title='bbox 564 1798 739 1830; x_wconf 86' lang='lat' dir='ltr'><strong>asperam.</strong></span> <span class='ocrx_word' id='word_1_221' title='bbox 776 1787 855 1831; x_wconf 82' lang='lat' dir='ltr'><strong>(Ep.</strong></span> <span class='ocrx_word' id='word_1_222' title='bbox 871 1787 924 1832; x_wconf 85' lang='lat'><strong>3)</strong></span> <span class='ocrx_word' id='word_1_223' title='bbox 953 1785 1043 1819; x_wconf 88' lang='lat' dir='ltr'><strong>Sunt</strong></span> <span class='ocrx_word' id='word_1_224' title='bbox 1066 1785 1188 1819; x_wconf 81' lang='lat' dir='ltr'><strong>stellae</strong></span> 
     </span>
     <span class='ocr_line' id='line_1_34' title="bbox 189 1833 1187 1883; baseline 0.001 -15"><span class='ocrx_word' id='word_1_225' title='bbox 189 1842 224 1869; x_wconf 85' lang='lat' dir='ltr'><strong>et</strong></span> <span class='ocrx_word' id='word_1_226' title='bbox 248 1836 368 1869; x_wconf 85' lang='lat' dir='ltr'><strong>lumen</strong></span> <span class='ocrx_word' id='word_1_227' title='bbox 393 1833 546 1870; x_wconf 88' lang='lat' dir='ltr'><strong>homini.</strong></span> <span class='ocrx_word' id='word_1_228' title='bbox 614 1838 705 1872; x_wconf 82' lang='lat' dir='ltr'><strong>Nam</strong></span> <span class='ocrx_word' id='word_1_229' title='bbox 732 1835 796 1872; x_wconf 90' lang='lat' dir='ltr'><strong>has</strong></span> <span class='ocrx_word' id='word_1_230' title='bbox 822 1838 883 1883; x_wconf 91' lang='lat' dir='ltr'><strong>qui</strong></span> <span class='ocrx_word' id='word_1_231' title='bbox 906 1837 1084 1882; x_wconf 86' lang='lat' dir='ltr'><strong>possidet,</strong></span> <span class='ocrx_word' id='word_1_232' title='bbox 1125 1837 1187 1870; x_wconf 89' lang='lat' dir='ltr'><strong>scit</strong></span> 
     </span>
     <span class='ocr_line' id='line_1_35' title="bbox 189 1887 1187 1933; baseline 0.001 -14"><span class='ocrx_word' id='word_1_233' title='bbox 189 1893 270 1932; x_wconf 84' lang='lat' dir='ltr'><strong>post</strong></span> <span class='ocrx_word' id='word_1_234' title='bbox 286 1893 437 1920; x_wconf 87' lang='lat' dir='ltr'><strong>mortem</strong></span> <span class='ocrx_word' id='word_1_235' title='bbox 456 1888 605 1922; x_wconf 86' lang='lat' dir='ltr'><strong>iniustas</strong></span> <span class='ocrx_word' id='word_1_236' title='bbox 624 1887 759 1923; x_wconf 82' lang='lat' dir='ltr'><strong>mentes</strong></span> <span class='ocrx_word' id='word_1_237' title='bbox 775 1890 872 1922; x_wconf 87' lang='lat' dir='ltr'><strong>luere</strong></span> <span class='ocrx_word' id='word_1_238' title='bbox 889 1901 1034 1933; x_wconf 86' lang='lat' dir='ltr'><strong>poenas.</strong></span> <span class='ocrx_word' id='word_1_239' title='bbox 1096 1888 1187 1922; x_wconf 79' lang='lat' dir='ltr'><strong>Nam</strong></span> 
     </span>
     <span class='ocr_line' id='line_1_36' title="bbox 190 1937 1188 1986; baseline 0 -15"><span class='ocrx_word' id='word_1_240' title='bbox 190 1938 316 1971; x_wconf 88' lang='lat' dir='ltr'><strong>delicta</strong></span> <span class='ocrx_word' id='word_1_241' title='bbox 344 1938 379 1971; x_wconf 91' lang='lat' dir='ltr'><strong>in</strong></span> <span class='ocrx_word' id='word_1_242' title='bbox 405 1937 472 1972; x_wconf 89' lang='lat' dir='ltr'><strong>boc</strong></span> <span class='ocrx_word' id='word_1_243' title='bbox 497 1939 589 1973; x_wconf 87' lang='lat' dir='ltr'><strong>lovis</strong></span> <span class='ocrx_word' id='word_1_244' title='bbox 615 1940 768 1985; x_wconf 88' lang='lat' dir='ltr'><strong>imperio</strong></span> <span class='ocrx_word' id='word_1_245' title='bbox 793 1940 897 1985; x_wconf 90' lang='lat' dir='ltr'><strong>punit</strong></span> <span class='ocrx_word' id='word_1_246' title='bbox 921 1940 1096 1986; x_wconf 84' lang='lat' dir='ltr'><strong>quispiam</strong></span> <span class='ocrx_word' id='word_1_247' title='bbox 1124 1940 1188 1972; x_wconf 91' lang='lat' dir='ltr'><strong>sub</strong></span> 
     </span>
     <span class='ocr_line' id='line_1_37' title="bbox 190 1990 1187 2036; baseline 0.001 -15"><span class='ocrx_word' id='word_1_248' title='bbox 190 1996 299 2029; x_wconf 80' lang='lat' dir='ltr'><strong>terra,</strong></span> <span class='ocrx_word' id='word_1_249' title='bbox 321 1990 438 2024; x_wconf 84' lang='lat' dir='ltr'><strong>dicens</strong></span> <span class='ocrx_word' id='word_1_250' title='bbox 458 1992 669 2024; x_wconf 87' lang='lat' dir='ltr'><strong>sententiam</strong></span> <span class='ocrx_word' id='word_1_251' title='bbox 689 1992 826 2036; x_wconf 82' lang='lat' dir='ltr'><strong>ingrata</strong></span> <span class='ocrx_word' id='word_1_252' title='bbox 846 1992 1063 2026; x_wconf 76' lang='lat' dir='ltr'><strong>necessitate.</strong></span> <span class='ocrx_word' id='word_1_253' title='bbox 1095 1991 1187 2024; x_wconf 88' lang='lat' dir='ltr'><strong>Boni</strong></span> 
     </span>
     <span class='ocr_line' id='line_1_38' title="bbox 191 2041 1189 2089; baseline 0.002 -17"><span class='ocrx_word' id='word_1_254' title='bbox 191 2053 276 2073; x_wconf 81' lang='lat' dir='ltr'><strong>vero</strong></span> <span class='ocrx_word' id='word_1_255' title='bbox 304 2041 373 2074; x_wconf 91' lang='lat' dir='ltr'><strong>vita</strong></span> <span class='ocrx_word' id='word_1_256' title='bbox 399 2043 566 2075; x_wconf 86' lang='lat' dir='ltr'><strong>fruuntur</strong></span> <span class='ocrx_word' id='word_1_257' title='bbox 593 2043 668 2076; x_wconf 80' lang='lat' dir='ltr'><strong>sine</strong></span> <span class='ocrx_word' id='word_1_258' title='bbox 695 2044 835 2085; x_wconf 85' lang='lat' dir='ltr'><strong>labore,</strong></span> <span class='ocrx_word' id='word_1_259' title='bbox 865 2043 1024 2089; x_wconf 75' lang='lat' dir='ltr'><strong>(Str-4.)</strong></span> <span class='ocrx_word' id='word_1_260' title='bbox 1050 2055 1189 2086; x_wconf 84' lang='lat' dir='ltr'><strong>semper</strong></span> 
     </span>
     <span class='ocr_line' id='line_1_39' title="bbox 193 2092 1189 2137; baseline 0 -12"><span class='ocrx_word' id='word_1_261' title='bbox 193 2092 390 2137; x_wconf 84' lang='lat' dir='ltr'><strong>aequaliter</strong></span> <span class='ocrx_word' id='word_1_262' title='bbox 407 2100 513 2127; x_wconf 88' lang='lat' dir='ltr'><strong>noctu</strong></span> <span class='ocrx_word' id='word_1_263' title='bbox 530 2101 563 2126; x_wconf 81' lang='lat' dir='ltr'><strong>et</strong></span> <span class='ocrx_word' id='word_1_264' title='bbox 579 2094 734 2127; x_wconf 86' lang='lat' dir='ltr'><strong>interdiu</strong></span> <span class='ocrx_word' id='word_1_265' title='bbox 759 2096 871 2128; x_wconf 84' lang='lat' dir='ltr'><strong>solem</strong></span> <span class='ocrx_word' id='word_1_266' title='bbox 896 2093 1088 2133; x_wconf 85' lang='lat' dir='ltr'><strong>habentes,</strong></span> <span class='ocrx_word' id='word_1_267' title='bbox 1115 2106 1189 2126; x_wconf 86' lang='lat' dir='ltr'><strong>non</strong></span> 
     </span>
     <span class='ocr_line' id='line_1_40' title="bbox 191 2145 1190 2189; baseline 0.001 -13"><span class='ocrx_word' id='word_1_268' title='bbox 191 2150 323 2176; x_wconf 86' lang='lat' dir='ltr'><strong>terram</strong></span> <span class='ocrx_word' id='word_1_269' title='bbox 344 2145 523 2177; x_wconf 75' lang='lat' dir='ltr'><strong>turbantes</strong></span> <span class='ocrx_word' id='word_1_270' title='bbox 544 2146 672 2179; x_wconf 76' lang='lat' dir='ltr'><strong>robore</strong></span> <span class='ocrx_word' id='word_1_271' title='bbox 689 2158 859 2179; x_wconf 81' lang='lat' dir='ltr'><strong>manuum</strong></span> <span class='ocrx_word' id='word_1_272' title='bbox 873 2173 882 2186; x_wconf 95' lang='lat'><strong>,</strong></span> <span class='ocrx_word' id='word_1_273' title='bbox 909 2158 972 2178; x_wconf 89' lang='lat' dir='ltr'><strong>nec</strong></span> <span class='ocrx_word' id='word_1_274' title='bbox 991 2157 1090 2177; x_wconf 89' lang='lat' dir='ltr'><strong>mare</strong></span> <span class='ocrx_word' id='word_1_275' title='bbox 1108 2157 1190 2189; x_wconf 86' lang='lat' dir='ltr'><strong>pro-</strong></span> 
     </span>
     <span class='ocr_line' id='line_1_41' title="bbox 192 2195 1187 2242; baseline 0.001 -15"><span class='ocrx_word' id='word_1_276' title='bbox 192 2201 270 2239; x_wconf 89' lang='lat' dir='ltr'><strong>pter</strong></span> <span class='ocrx_word' id='word_1_277' title='bbox 286 2195 459 2239; x_wconf 89' lang='lat' dir='ltr'><strong>inopiam.</strong></span> <span class='ocrx_word' id='word_1_278' title='bbox 513 2196 579 2229; x_wconf 86' lang='lat' dir='ltr'><strong>Sed</strong></span> <span class='ocrx_word' id='word_1_279' title='bbox 601 2197 679 2231; x_wconf 91' lang='lat' dir='ltr'><strong>iusti</strong></span> <span class='ocrx_word' id='word_1_280' title='bbox 697 2199 790 2242; x_wconf 91' lang='lat' dir='ltr'><strong>apud</strong></span> <span class='ocrx_word' id='word_1_281' title='bbox 810 2197 904 2231; x_wconf 82' lang='lat' dir='ltr'><strong>Deos</strong></span> <span class='ocrx_word' id='word_1_282' title='bbox 930 2198 1058 2230; x_wconf 86' lang='lat' dir='ltr'><strong>laetam</strong></span> <span class='ocrx_word' id='word_1_283' title='bbox 1078 2197 1187 2228; x_wconf 84' lang='lat' dir='ltr'><strong>vitam</strong></span> 
     </span>
     <span class='ocr_line' id='line_1_42' title="bbox 192 2245 1189 2290; baseline 0.003 -12"><span class='ocrx_word' id='word_1_284' title='bbox 192 2252 318 2290; x_wconf 80' lang='lat' dir='ltr'><strong>agunt;</strong></span> <span class='ocrx_word' id='word_1_285' title='bbox 348 2248 429 2279; x_wconf 84' lang='lat' dir='ltr'><strong>mali</strong></span> <span class='ocrx_word' id='word_1_286' title='bbox 449 2259 533 2280; x_wconf 72' lang='lat' dir='ltr'><strong>vero</strong></span> <span class='ocrx_word' id='word_1_287' title='bbox 550 2245 757 2281; x_wconf 80' lang='lat' dir='ltr'><strong>horribilem</strong></span> <span class='ocrx_word' id='word_1_288' title='bbox 784 2249 978 2281; x_wconf 80' lang='lat' dir='ltr'><strong>cruciatum</strong></span> <span class='ocrx_word' id='word_1_289' title='bbox 1003 2248 1189 2281; x_wconf 86' lang='lat' dir='ltr'><strong>sustinent.</strong></span> 
     </span>
     <span class='ocr_line' id='line_1_43' title="bbox 192 2296 1189 2345; baseline 0 -14"><span class='ocrx_word' id='word_1_290' title='bbox 192 2296 291 2340; x_wconf 80' lang='lat' dir='ltr'><strong>(Ant.</strong></span> <span class='ocrx_word' id='word_1_291' title='bbox 316 2297 368 2345; x_wconf 79' lang='lat'><strong>4.)</strong></span> <span class='ocrx_word' id='word_1_292' title='bbox 401 2299 614 2344; x_wconf 79' lang='lat' dir='ltr'><strong>Quicunque</strong></span> <span class='ocrx_word' id='word_1_293' title='bbox 648 2306 763 2332; x_wconf 89' lang='lat' dir='ltr'><strong>autem</strong></span> <span class='ocrx_word' id='word_1_294' title='bbox 792 2307 845 2333; x_wconf 84' lang='lat' dir='ltr'><strong>ter</strong></span> <span class='ocrx_word' id='word_1_295' title='bbox 870 2300 906 2332; x_wconf 85' lang='lat' dir='ltr'><strong>in</strong></span> <span class='ocrx_word' id='word_1_296' title='bbox 929 2306 1082 2345; x_wconf 86' lang='lat' dir='ltr'><strong>utroque</strong></span> <span class='ocrx_word' id='word_1_297' title='bbox 1112 2300 1189 2332; x_wconf 92' lang='lat' dir='ltr'><strong>loco</strong></span> 
     </span>
     <span class='ocr_line' id='line_1_44' title="bbox 191 2350 1189 2395; baseline 0.003 -15"><span class='ocrx_word' id='word_1_298' title='bbox 191 2356 377 2383; x_wconf 83' lang='lat' dir='ltr'><strong>manentes</strong></span> <span class='ocrx_word' id='word_1_299' title='bbox 401 2350 646 2384; x_wconf 86' lang='lat' dir='ltr'><strong>abstinuerunt</strong></span> <span class='ocrx_word' id='word_1_300' title='bbox 672 2352 715 2383; x_wconf 89' lang='lat' dir='ltr'><strong>ab</strong></span> <span class='ocrx_word' id='word_1_301' title='bbox 743 2351 935 2391; x_wconf 82' lang='lat' dir='ltr'><strong>iniustitia,</strong></span> <span class='ocrx_word' id='word_1_302' title='bbox 968 2351 1189 2395; x_wconf 78' lang='lat' dir='ltr'><strong>perfecerunt</strong></span> 
     </span>
     <span class='ocr_line' id='line_1_45' title="bbox 192 2398 1190 2447; baseline 0.002 -15"><span class='ocrx_word' id='word_1_303' title='bbox 192 2398 285 2433; x_wconf 78' lang='lat' dir='ltr'><strong>lovis</strong></span> <span class='ocrx_word' id='word_1_304' title='bbox 302 2401 395 2433; x_wconf 88' lang='lat' dir='ltr'><strong>viam</strong></span> <span class='ocrx_word' id='word_1_305' title='bbox 423 2403 465 2434; x_wconf 92' lang='lat' dir='ltr'><strong>ad</strong></span> <span class='ocrx_word' id='word_1_306' title='bbox 489 2402 612 2434; x_wconf 89' lang='lat' dir='ltr'><strong>urbem</strong></span> <span class='ocrx_word' id='word_1_307' title='bbox 632 2402 775 2434; x_wconf 77' lang='lat' dir='ltr'><strong>Saturni</strong></span> <span class='ocrx_word' id='word_1_308' title='bbox 793 2403 934 2447; x_wconf 67' lang='lat' dir='ltr'><strong>&#39;l&#39;yrsim</strong></span> <span class='ocrx_word' id='word_1_309' title='bbox 949 2429 957 2442; x_wconf 85' lang='lat'><strong>,</strong></span> <span class='ocrx_word' id='word_1_310' title='bbox 984 2403 1045 2435; x_wconf 87' lang='lat' dir='ltr'><strong>ubi</strong></span> <span class='ocrx_word' id='word_1_311' title='bbox 1061 2402 1190 2436; x_wconf 83' lang='lat' dir='ltr'><strong>Beato-</strong></span> 
     </span>
     <span class='ocr_line' id='line_1_46' title="bbox 193 2452 1190 2497; baseline 0.004 -14"><span class='ocrx_word' id='word_1_312' title='bbox 193 2463 273 2484; x_wconf 88' lang='lat' dir='ltr'><strong>rum</strong></span> <span class='ocrx_word' id='word_1_313' title='bbox 304 2452 454 2486; x_wconf 89' lang='lat' dir='ltr'><strong>insulam</strong></span> <span class='ocrx_word' id='word_1_314' title='bbox 481 2452 615 2485; x_wconf 77' lang='lat' dir='ltr'><strong>Oceani</strong></span> <span class='ocrx_word' id='word_1_315' title='bbox 645 2465 753 2485; x_wconf 87' lang='lat' dir='ltr'><strong>aurae</strong></span> <span class='ocrx_word' id='word_1_316' title='bbox 789 2454 959 2497; x_wconf 74' lang='lat' dir='ltr'><strong>perflant,</strong></span> <span class='ocrx_word' id='word_1_317' title='bbox 999 2454 1058 2487; x_wconf 90' lang='lat' dir='ltr'><strong>ubi</strong></span> <span class='ocrx_word' id='word_1_318' title='bbox 1087 2454 1190 2487; x_wconf 67' lang='lat' dir='ltr'><strong>nores</strong></span> 
     </span>
     <span class='ocr_line' id='line_1_47' title="bbox 193 2504 1190 2550; baseline 0.004 -16"><span class='ocrx_word' id='word_1_319' title='bbox 193 2504 292 2535; x_wconf 60' lang='lat' dir='ltr'><strong>aursei</strong></span> <span class='ocrx_word' id='word_1_320' title='bbox 320 2504 453 2547; x_wconf 80' lang='lat' dir='ltr'><strong>fulgent</strong></span> <span class='ocrx_word' id='word_1_321' title='bbox 480 2504 513 2537; x_wconf 89' lang='lat' dir='ltr'><strong>iu</strong></span> <span class='ocrx_word' id='word_1_322' title='bbox 541 2511 633 2537; x_wconf 81' lang='lat' dir='ltr'><strong>terra</strong></span> <span class='ocrx_word' id='word_1_323' title='bbox 663 2511 697 2537; x_wconf 88' lang='lat' dir='ltr'><strong>et</strong></span> <span class='ocrx_word' id='word_1_324' title='bbox 720 2505 928 2543; x_wconf 81' lang='lat' dir='ltr'><strong>arboribus,</strong></span> <span class='ocrx_word' id='word_1_325' title='bbox 963 2511 996 2537; x_wconf 91' lang='lat' dir='ltr'><strong>et</strong></span> <span class='ocrx_word' id='word_1_326' title='bbox 1023 2506 1057 2537; x_wconf 93' lang='lat' dir='ltr'><strong>in</strong></span> <span class='ocrx_word' id='word_1_327' title='bbox 1085 2517 1190 2550; x_wconf 84' lang='lat' dir='ltr'><strong>aqua.</strong></span> 
     </span>
     <span class='ocr_line' id='line_1_48' title="bbox 192 2552 1191 2600; baseline 0.003 -14"><span class='ocrx_word' id='word_1_328' title='bbox 192 2552 298 2587; x_wconf 80' lang='lat' dir='ltr'><strong>Unde</strong></span> <span class='ocrx_word' id='word_1_329' title='bbox 334 2556 526 2589; x_wconf 89' lang='lat' dir='ltr'><strong>monilibus</strong></span> <span class='ocrx_word' id='word_1_330' title='bbox 567 2563 600 2588; x_wconf 86' lang='lat' dir='ltr'><strong>et</strong></span> <span class='ocrx_word' id='word_1_331' title='bbox 642 2555 784 2589; x_wconf 87' lang='lat' dir='ltr'><strong>coronis</strong></span> <span class='ocrx_word' id='word_1_332' title='bbox 828 2556 1011 2600; x_wconf 84' lang='lat' dir='ltr'><strong>implicant</strong></span> <span class='ocrx_word' id='word_1_333' title='bbox 1052 2569 1191 2596; x_wconf 89' lang='lat' dir='ltr'><strong>manus,</strong></span> 
     </span>
     <span class='ocr_line' id='line_1_49' title="bbox 193 2605 1191 2653; baseline -0.001 -14"><span class='ocrx_word' id='word_1_334' title='bbox 193 2605 274 2649; x_wconf 62' lang='grc' dir='ltr'><strong>(Εμ.</strong></span> <span class='ocrx_word' id='word_1_335' title='bbox 294 2605 345 2653; x_wconf 85' lang='grc'><strong>4.)</strong></span> <span class='ocrx_word' id='word_1_336' title='bbox 375 2619 452 2640; x_wconf 86' lang='lat' dir='ltr'><strong>cum</strong></span> <span class='ocrx_word' id='word_1_337' title='bbox 468 2605 768 2640; x_wconf 76' lang='lat' dir='ltr'><strong>Rhadamanthus</strong></span> <span class='ocrx_word' id='word_1_338' title='bbox 785 2613 897 2641; x_wconf 87' lang='lat' dir='ltr'><strong>rectas</strong></span> <span class='ocrx_word' id='word_1_339' title='bbox 922 2608 1114 2641; x_wconf 79' lang='lat' dir='ltr'><strong>sententias</strong></span> <span class='ocrx_word' id='word_1_340' title='bbox 1140 2608 1191 2639; x_wconf 90' lang='lat' dir='ltr'><strong>‹li-</strong></span> 
     </span>
     <span class='ocr_line' id='line_1_50' title="bbox 195 2655 1191 2703; baseline 0.001 -14"><span class='ocrx_word' id='word_1_341' title='bbox 195 2655 261 2695; x_wconf 83' lang='lat' dir='ltr'><strong>cit,</strong></span> <span class='ocrx_word' id='word_1_342' title='bbox 287 2671 390 2703; x_wconf 81' lang='lat' dir='ltr'><strong>quem</strong></span> <span class='ocrx_word' id='word_1_343' title='bbox 411 2659 583 2692; x_wconf 78' lang='lat' dir='ltr'><strong>Saturnus</strong></span> <span class='ocrx_word' id='word_1_344' title='bbox 600 2659 665 2693; x_wconf 92' lang='lat' dir='ltr'><strong>sibi</strong></span> <span class='ocrx_word' id='word_1_345' title='bbox 684 2671 893 2693; x_wconf 80' lang='lat' dir='ltr'><strong>assessorem</strong></span> <span class='ocrx_word' id='word_1_346' title='bbox 913 2659 1092 2702; x_wconf 82' lang='lat' dir='ltr'><strong>adiunxit,</strong></span> <span class='ocrx_word' id='word_1_347' title='bbox 1119 2671 1191 2692; x_wconf 88' lang='lat' dir='ltr'><strong>ma—</strong></span> 
     </span>
     <span class='ocr_line' id='line_1_51' title="bbox 194 2707 1191 2755; baseline 0.001 -14"><span class='ocrx_word' id='word_1_348' title='bbox 194 2707 282 2742; x_wconf 78' lang='lat' dir='ltr'><strong>ritus</strong></span> <span class='ocrx_word' id='word_1_349' title='bbox 313 2708 430 2742; x_wconf 68' lang='lat' dir='ltr'><strong>utu-:w</strong></span> <span class='ocrx_word' id='word_1_350' title='bbox 461 2711 611 2744; x_wconf 66' lang='lat' dir='ltr'><strong>umentis</strong></span> <span class='ocrx_word' id='word_1_351' title='bbox 634 2723 838 2755; x_wconf 88' lang='lat' dir='ltr'><strong>supremum</strong></span> <span class='ocrx_word' id='word_1_352' title='bbox 873 2708 1056 2744; x_wconf 83' lang='lat' dir='ltr'><strong>thronum.</strong></span> <span class='ocrx_word' id='word_1_353' title='bbox 1128 2711 1191 2742; x_wconf 77' lang='lat' dir='ltr'><strong>l’c-</strong></span> 
     </span>
    </p>
   </div>
   <div class='ocr_carea' id='block_1_3' title="bbox 758 105 1639 144">
    <p class='ocr_par' dir='ltr' id='par_1_5' title="bbox 758 105 1639 144">
     <span class='ocr_line' id='line_1_52' title="bbox 758 105 1639 144; baseline 0.001 -3"><span class='ocrx_word' id='word_1_354' title='bbox 758 107 880 142; x_wconf 85' lang='lat' dir='ltr'><strong>PHIL.</strong></span> <span class='ocrx_word' id='word_1_355' title='bbox 918 107 1028 141; x_wconf 87' lang='lat' dir='ltr'><strong>MEL.</strong></span> <span class='ocrx_word' id='word_1_356' title='bbox 1066 105 1268 142; x_wconf 80' lang='lat' dir='ltr'><strong>SCRIPTA</strong></span> <span class='ocrx_word' id='word_1_357' title='bbox 1302 108 1639 144; x_wconf 81' lang='lat' dir='ltr'><strong>PHILOLOGICA.</strong></span> 
     </span>
    </p>
   </div>
   <div class='ocr_carea' id='block_1_4' title="bbox 1203 221 1213 1191">
    <p class='ocr_par' dir='ltr' id='par_1_6' title="bbox 1203 221 1213 1191">
     <span class='ocr_line' id='line_1_53' title="bbox 1203 221 1213 1191; baseline 0 0"><span class='ocrx_word' id='word_1_358' title='bbox 1203 221 1213 1191; x_wconf 95' lang='lat' dir='ltr'><strong> </strong></span> 
     </span>
    </p>
   </div>
   <div class='ocr_carea' id='block_1_5' title="bbox 2162 109 2233 145">
    <p class='ocr_par' dir='ltr' id='par_1_7' title="bbox 2162 109 2233 145">
     <span class='ocr_line' id='line_1_54' title="bbox 2162 109 2233 145; baseline 0.042 -3"><span class='ocrx_word' id='word_1_359' title='bbox 2162 109 2233 145; x_wconf 89' lang='grc'><strong>196</strong></span> 
     </span>
    </p>
   </div>
   <div class='ocr_carea' id='block_1_6' title="bbox 1230 193 2234 434">
    <p class='ocr_par' dir='ltr' id='par_1_8' title="bbox 1230 193 2234 434">
     <span class='ocr_line' id='line_1_55' title="bbox 1230 193 2233 244; baseline 0.005 -16"><span class='ocrx_word' id='word_1_360' title='bbox 1230 196 1304 229; x_wconf 83' lang='lat' dir='ltr'><strong>leus</strong></span> <span class='ocrx_word' id='word_1_361' title='bbox 1337 202 1369 228; x_wconf 87' lang='lat' dir='ltr'><strong>ct</strong></span> <span class='ocrx_word' id='word_1_362' title='bbox 1394 195 1549 229; x_wconf 85' lang='lat' dir='ltr'><strong>Cadmus</strong></span> <span class='ocrx_word' id='word_1_363' title='bbox 1581 195 1672 228; x_wconf 88' lang='lat' dir='ltr'><strong>inter</strong></span> <span class='ocrx_word' id='word_1_364' title='bbox 1703 193 1768 229; x_wconf 86' lang='lat' dir='ltr'><strong>bos</strong></span> <span class='ocrx_word' id='word_1_365' title='bbox 1799 202 2053 230; x_wconf 78' lang='lat' dir='ltr'><strong>numerantur:</strong></span> <span class='ocrx_word' id='word_1_366' title='bbox 2099 207 2170 244; x_wconf 82' lang='lat' dir='ltr'><strong>quo</strong></span> <span class='ocrx_word' id='word_1_367' title='bbox 2199 204 2233 233; x_wconf 87' lang='lat' dir='ltr'><strong>et</strong></span> 
     </span>
     <span class='ocr_line' id='line_1_56' title="bbox 1230 244 2233 295; baseline 0.005 -16"><span class='ocrx_word' id='word_1_368' title='bbox 1230 245 1403 279; x_wconf 84' lang='lat' dir='ltr'><strong>Achillem</strong></span> <span class='ocrx_word' id='word_1_369' title='bbox 1423 244 1548 280; x_wconf 86' lang='lat' dir='ltr'><strong>Thetis</strong></span> <span class='ocrx_word' id='word_1_370' title='bbox 1564 247 1778 287; x_wconf 78' lang='lat' dir='ltr'><strong>transvexit,</strong></span> <span class='ocrx_word' id='word_1_371' title='bbox 1807 260 1885 280; x_wconf 90' lang='lat' dir='ltr'><strong>cum</strong></span> <span class='ocrx_word' id='word_1_372' title='bbox 1904 246 1996 282; x_wconf 92' lang='lat' dir='ltr'><strong>lovis</strong></span> <span class='ocrx_word' id='word_1_373' title='bbox 2015 255 2135 293; x_wconf 88' lang='lat' dir='ltr'><strong>pectus</strong></span> <span class='ocrx_word' id='word_1_374' title='bbox 2153 263 2233 295; x_wconf 87' lang='lat' dir='ltr'><strong>pre-</strong></span> 
     </span>
     <span class='ocr_line' id='line_1_57' title="bbox 1233 297 2231 345; baseline 0.004 -15"><span class='ocrx_word' id='word_1_375' title='bbox 1233 298 1329 332; x_wconf 91' lang='lat' dir='ltr'><strong>cibus</strong></span> <span class='ocrx_word' id='word_1_376' title='bbox 1344 298 1513 338; x_wconf 76' lang='lat' dir='ltr'><strong>flexisset,</strong></span> <span class='ocrx_word' id='word_1_377' title='bbox 1537 298 1628 343; x_wconf 82' lang='lat' dir='ltr'><strong>(Str.</strong></span> <span class='ocrx_word' id='word_1_378' title='bbox 1641 297 1693 344; x_wconf 86' lang='lat'><strong>5.)</strong></span> <span class='ocrx_word' id='word_1_379' title='bbox 1712 299 1772 345; x_wconf 89' lang='lat' dir='ltr'><strong>qui</strong></span> <span class='ocrx_word' id='word_1_380' title='bbox 1788 299 1998 341; x_wconf 86' lang='lat' dir='ltr'><strong>Hectorem,</strong></span> <span class='ocrx_word' id='word_1_381' title='bbox 2026 301 2231 334; x_wconf 83' lang='lat' dir='ltr'><strong>columnam</strong></span> 
     </span>
     <span class='ocr_line' id='line_1_58' title="bbox 1232 350 2234 397; baseline 0.003 -14"><span class='ocrx_word' id='word_1_382' title='bbox 1232 350 1365 383; x_wconf 83' lang='lat' dir='ltr'><strong>Troiae</strong></span> <span class='ocrx_word' id='word_1_383' title='bbox 1386 355 1539 390; x_wconf 86' lang='lat' dir='ltr'><strong>rectam,</strong></span> <span class='ocrx_word' id='word_1_384' title='bbox 1574 351 1718 390; x_wconf 87' lang='lat' dir='ltr'><strong>evertit,</strong></span> <span class='ocrx_word' id='word_1_385' title='bbox 1756 356 1789 383; x_wconf 82' lang='lat' dir='ltr'><strong>et</strong></span> <span class='ocrx_word' id='word_1_386' title='bbox 1818 351 1993 385; x_wconf 85' lang='lat' dir='ltr'><strong>interfecit</strong></span> <span class='ocrx_word' id='word_1_387' title='bbox 2018 351 2176 397; x_wconf 87' lang='lat' dir='ltr'><strong>Cycnum</strong></span> <span class='ocrx_word' id='word_1_388' title='bbox 2200 359 2234 386; x_wconf 85' lang='lat' dir='ltr'><strong>et</strong></span> 
     </span>
     <span class='ocr_line' id='line_1_59' title="bbox 1233 401 1478 434; baseline 0 0"><span class='ocrx_word' id='word_1_389' title='bbox 1233 401 1478 434; x_wconf 82' lang='lat' dir='ltr'><strong>Memnonem.</strong></span> 
     </span>
    </p>
   </div>
   <div class='ocr_carea' id='block_1_7' title="bbox 1233 466 2235 771">
    <p class='ocr_par' dir='ltr' id='par_1_9' title="bbox 1233 466 2235 771">
     <span class='ocr_line' id='line_1_60' title="bbox 1336 466 2234 514; baseline 0.003 -13"><span class='ocrx_word' id='word_1_390' title='bbox 1336 468 1469 502; x_wconf 83' lang='lat' dir='ltr'><strong>Multas</strong></span> <span class='ocrx_word' id='word_1_391' title='bbox 1498 466 1613 502; x_wconf 82' lang='lat' dir='ltr'><strong>adime</strong></span> <span class='ocrx_word' id='word_1_392' title='bbox 1642 481 1726 513; x_wconf 86' lang='lat' dir='ltr'><strong>gero</strong></span> <span class='ocrx_word' id='word_1_393' title='bbox 1762 470 1906 514; x_wconf 83' lang='lat' dir='ltr'><strong>sagittas</strong></span> <span class='ocrx_word' id='word_1_394' title='bbox 1940 471 2004 504; x_wconf 88' lang='lat' dir='ltr'><strong>sub</strong></span> <span class='ocrx_word' id='word_1_395' title='bbox 2041 471 2160 504; x_wconf 89' lang='lat' dir='ltr'><strong>cubito</strong></span> <span class='ocrx_word' id='word_1_396' title='bbox 2197 471 2234 504; x_wconf 90' lang='lat' dir='ltr'><strong>in</strong></span> 
     </span>
     <span class='ocr_line' id='line_1_61' title="bbox 1233 518 2234 568; baseline 0.003 -15"><span class='ocrx_word' id='word_1_397' title='bbox 1233 518 1431 565; x_wconf 84' lang='lat' dir='ltr'><strong>pharetris,</strong></span> <span class='ocrx_word' id='word_1_398' title='bbox 1467 526 1634 554; x_wconf 86' lang='lat' dir='ltr'><strong>sonantes</strong></span> <span class='ocrx_word' id='word_1_399' title='bbox 1659 521 1955 565; x_wconf 82' lang='lat' dir='ltr'><strong>intelligentibus,</strong></span> <span class='ocrx_word' id='word_1_400' title='bbox 1995 534 2086 568; x_wconf 85' lang='lat' dir='ltr'><strong>quae</strong></span> <span class='ocrx_word' id='word_1_401' title='bbox 2110 522 2147 555; x_wconf 88' lang='lat' dir='ltr'><strong>in</strong></span> <span class='ocrx_word' id='word_1_402' title='bbox 2171 535 2234 567; x_wconf 90' lang='lat' dir='ltr'><strong>po-</strong></span> 
     </span>
     <span class='ocr_line' id='line_1_62' title="bbox 1234 571 2235 619; baseline 0 -14"><span class='ocrx_word' id='word_1_403' title='bbox 1234 572 1319 617; x_wconf 93' lang='lat' dir='ltr'><strong>pulo</strong></span> <span class='ocrx_word' id='word_1_404' title='bbox 1342 572 1503 614; x_wconf 81' lang='lat' dir='ltr'><strong>indigent</strong></span> <span class='ocrx_word' id='word_1_405' title='bbox 1528 572 1733 616; x_wconf 82' lang='lat' dir='ltr'><strong>interprete.</strong></span> <span class='ocrx_word' id='word_1_406' title='bbox 1799 571 1863 605; x_wconf 90' lang='lat' dir='ltr'><strong>Hic</strong></span> <span class='ocrx_word' id='word_1_407' title='bbox 1887 573 2027 617; x_wconf 90' lang='lat' dir='ltr'><strong>sapiens</strong></span> <span class='ocrx_word' id='word_1_408' title='bbox 2059 580 2130 616; x_wconf 87' lang='lat' dir='ltr'><strong>est,</strong></span> <span class='ocrx_word' id='word_1_409' title='bbox 2173 573 2235 619; x_wconf 87' lang='lat' dir='ltr'><strong>qui</strong></span> 
     </span>
     <span class='ocr_line' id='line_1_63' title="bbox 1233 622 2235 669; baseline 0.001 -13"><span class='ocrx_word' id='word_1_410' title='bbox 1233 629 1363 657; x_wconf 86' lang='lat' dir='ltr'><strong>natura</strong></span> <span class='ocrx_word' id='word_1_411' title='bbox 1387 623 1498 656; x_wconf 87' lang='lat' dir='ltr'><strong>multa</strong></span> <span class='ocrx_word' id='word_1_412' title='bbox 1525 623 1600 656; x_wconf 89' lang='lat' dir='ltr'><strong>scit.</strong></span> <span class='ocrx_word' id='word_1_413' title='bbox 1670 622 1761 663; x_wconf 89' lang='lat' dir='ltr'><strong>Alii,</strong></span> <span class='ocrx_word' id='word_1_414' title='bbox 1797 623 1858 669; x_wconf 90' lang='lat' dir='ltr'><strong>qui</strong></span> <span class='ocrx_word' id='word_1_415' title='bbox 1881 630 2020 658; x_wconf 88' lang='lat' dir='ltr'><strong>tantum</strong></span> <span class='ocrx_word' id='word_1_416' title='bbox 2046 625 2235 658; x_wconf 81' lang='lat' dir='ltr'><strong>imitantur</strong></span> 
     </span>
     <span class='ocr_line' id='line_1_64' title="bbox 1234 674 2235 720; baseline 0 -13"><span class='ocrx_word' id='word_1_417' title='bbox 1234 675 1371 714; x_wconf 89' lang='lat' dir='ltr'><strong>aliena,</strong></span> <span class='ocrx_word' id='word_1_418' title='bbox 1409 681 1495 716; x_wconf 27' lang='lat' dir='ltr'><strong>,sunt</strong></span> <span class='ocrx_word' id='word_1_419' title='bbox 1524 674 1621 707; x_wconf 70' lang='lat' dir='ltr'><strong>velut</strong></span> <span class='ocrx_word' id='word_1_420' title='bbox 1651 675 1747 707; x_wconf 87' lang='lat' dir='ltr'><strong>corvi</strong></span> <span class='ocrx_word' id='word_1_421' title='bbox 1786 675 1985 718; x_wconf 83' lang='lat' dir='ltr'><strong>petulantes</strong></span> <span class='ocrx_word' id='word_1_422' title='bbox 2019 682 2052 709; x_wconf 86' lang='lat' dir='ltr'><strong>et</strong></span> <span class='ocrx_word' id='word_1_423' title='bbox 2088 675 2235 720; x_wconf 84' lang='lat' dir='ltr'><strong>garruli,</strong></span> 
     </span>
     <span class='ocr_line' id='line_1_65' title="bbox 1235 723 1874 771; baseline -0.002 -11"><span class='ocrx_word' id='word_1_424' title='bbox 1235 723 1406 771; x_wconf 75' lang='lat' dir='ltr'><strong>(Ant.5.)</strong></span> <span class='ocrx_word' id='word_1_425' title='bbox 1434 732 1609 760; x_wconf 81' lang='lat' dir='ltr'><strong>certantes</strong></span> <span class='ocrx_word' id='word_1_426' title='bbox 1636 738 1715 759; x_wconf 89' lang='lat' dir='ltr'><strong>cum</strong></span> <span class='ocrx_word' id='word_1_427' title='bbox 1742 726 1874 771; x_wconf 85' lang='lat' dir='ltr'><strong>aquila.</strong></span> 
     </span>
    </p>
   </div>
   <div class='ocr_carea' id='block_1_8' title="bbox 1236 793 2238 1301">
    <p class='ocr_par' dir='ltr' id='par_1_10' title="bbox 1236 793 2238 1301">
     <span class='ocr_line' id='line_1_66' title="bbox 1336 793 2237 839; baseline -0.001 -11"><span class='ocrx_word' id='word_1_428' title='bbox 1336 793 1440 828; x_wconf 85' lang='lat' dir='ltr'><strong>Nunc</strong></span> <span class='ocrx_word' id='word_1_429' title='bbox 1466 793 1577 837; x_wconf 81' lang='lat' dir='ltr'><strong>dirige</strong></span> <span class='ocrx_word' id='word_1_430' title='bbox 1604 806 1726 827; x_wconf 87' lang='lat' dir='ltr'><strong>arcum</strong></span> <span class='ocrx_word' id='word_1_431' title='bbox 1749 795 1794 826; x_wconf 89' lang='lat' dir='ltr'><strong>ad</strong></span> <span class='ocrx_word' id='word_1_432' title='bbox 1819 800 1971 834; x_wconf 89' lang='lat' dir='ltr'><strong>metam,</strong></span> <span class='ocrx_word' id='word_1_433' title='bbox 2016 806 2125 839; x_wconf 86' lang='lat' dir='ltr'><strong>quam</strong></span> <span class='ocrx_word' id='word_1_434' title='bbox 2148 794 2237 838; x_wconf 89' lang='lat' dir='ltr'><strong>peti-</strong></span> 
     </span>
     <span class='ocr_line' id='line_1_67' title="bbox 1236 845 2235 889; baseline 0.002 -12"><span class='ocrx_word' id='word_1_435' title='bbox 1236 857 1334 884; x_wconf 89' lang='lat' dir='ltr'><strong>mus,</strong></span> <span class='ocrx_word' id='word_1_436' title='bbox 1371 845 1552 879; x_wconf 86' lang='lat' dir='ltr'><strong>mittentes</strong></span> <span class='ocrx_word' id='word_1_437' title='bbox 1575 845 1729 889; x_wconf 81' lang='lat' dir='ltr'><strong>gloriosa</strong></span> <span class='ocrx_word' id='word_1_438' title='bbox 1759 846 1827 878; x_wconf 75' lang='lat' dir='ltr'><strong>tela</strong></span> <span class='ocrx_word' id='word_1_439' title='bbox 1850 858 1891 878; x_wconf 88' lang='lat' dir='ltr'><strong>ex</strong></span> <span class='ocrx_word' id='word_1_440' title='bbox 1913 845 2088 878; x_wconf 91' lang='lat' dir='ltr'><strong>benevolo</strong></span> <span class='ocrx_word' id='word_1_441' title='bbox 2117 846 2235 879; x_wconf 85' lang='lat' dir='ltr'><strong>corde.</strong></span> 
     </span>
     <span class='ocr_line' id='line_1_68' title="bbox 1236 895 2236 940; baseline 0 -11"><span class='ocrx_word' id='word_1_442' title='bbox 1236 896 1380 929; x_wconf 84' lang='lat' dir='ltr'><strong>Tendas</strong></span> <span class='ocrx_word' id='word_1_443' title='bbox 1395 897 1439 928; x_wconf 89' lang='lat' dir='ltr'><strong>ad</strong></span> <span class='ocrx_word' id='word_1_444' title='bbox 1458 895 1704 940; x_wconf 78' lang='lat' dir='ltr'><strong>Agrigentum.</strong></span> <span class='ocrx_word' id='word_1_445' title='bbox 1758 896 1848 930; x_wconf 90' lang='lat' dir='ltr'><strong>Dico</strong></span> <span class='ocrx_word' id='word_1_446' title='bbox 1869 897 2012 937; x_wconf 91' lang='lat' dir='ltr'><strong>iurans,</strong></span> <span class='ocrx_word' id='word_1_447' title='bbox 2039 896 2134 929; x_wconf 86' lang='lat' dir='ltr'><strong>intra</strong></span> <span class='ocrx_word' id='word_1_448' title='bbox 2157 908 2236 929; x_wconf 90' lang='lat' dir='ltr'><strong>cen-</strong></span> 
     </span>
     <span class='ocr_line' id='line_1_69' title="bbox 1237 948 2237 992; baseline 0 -12"><span class='ocrx_word' id='word_1_449' title='bbox 1237 954 1311 981; x_wconf 89' lang='lat' dir='ltr'><strong>tum</strong></span> <span class='ocrx_word' id='word_1_450' title='bbox 1330 959 1443 981; x_wconf 85' lang='lat' dir='ltr'><strong>annos</strong></span> <span class='ocrx_word' id='word_1_451' title='bbox 1461 948 1596 980; x_wconf 84' lang='lat' dir='ltr'><strong>nullam</strong></span> <span class='ocrx_word' id='word_1_452' title='bbox 1614 948 1792 981; x_wconf 80' lang='lat' dir='ltr'><strong>civitatem</strong></span> <span class='ocrx_word' id='word_1_453' title='bbox 1817 948 1994 992; x_wconf 88' lang='lat' dir='ltr'><strong>peperisse</strong></span> <span class='ocrx_word' id='word_1_454' title='bbox 2019 948 2138 981; x_wconf 87' lang='lat' dir='ltr'><strong>virum</strong></span> <span class='ocrx_word' id='word_1_455' title='bbox 2162 960 2237 980; x_wconf 86' lang='lat' dir='ltr'><strong>ma-</strong></span> 
     </span>
     <span class='ocr_line' id='line_1_70' title="bbox 1238 997 2236 1044; baseline 0.002 -14"><span class='ocrx_word' id='word_1_456' title='bbox 1238 999 1288 1042; x_wconf 83' lang='lat' dir='ltr'><strong>gis</strong></span> <span class='ocrx_word' id='word_1_457' title='bbox 1314 1000 1511 1032; x_wconf 83' lang='lat' dir='ltr'><strong>beneficum</strong></span> <span class='ocrx_word' id='word_1_458' title='bbox 1545 999 1686 1039; x_wconf 85' lang='lat' dir='ltr'><strong>amicis,</strong></span> <span class='ocrx_word' id='word_1_459' title='bbox 1729 1006 1762 1032; x_wconf 89' lang='lat' dir='ltr'><strong>et</strong></span> <span class='ocrx_word' id='word_1_460' title='bbox 1794 999 2036 1033; x_wconf 82' lang='lat' dir='ltr'><strong>liberaliorem</strong></span> <span class='ocrx_word' id='word_1_461' title='bbox 2075 998 2155 1044; x_wconf 84' lang='lat' dir='ltr'><strong>(Ep.</strong></span> <span class='ocrx_word' id='word_1_462' title='bbox 2183 997 2236 1044; x_wconf 89' lang='lat'><strong>5.)</strong></span> 
     </span>
     <span class='ocr_line' id='line_1_71' title="bbox 1238 1048 2237 1095; baseline 0.001 -13"><span class='ocrx_word' id='word_1_463' title='bbox 1238 1048 1418 1083; x_wconf 86' lang='lat' dir='ltr'><strong>Therone.</strong></span> <span class='ocrx_word' id='word_1_464' title='bbox 1473 1050 1540 1083; x_wconf 89' lang='lat' dir='ltr'><strong>Sed</strong></span> <span class='ocrx_word' id='word_1_465' title='bbox 1562 1063 1712 1094; x_wconf 79' lang='lat' dir='ltr'><strong>magnae</strong></span> <span class='ocrx_word' id='word_1_466' title='bbox 1733 1051 1831 1083; x_wconf 87' lang='lat' dir='ltr'><strong>laudi</strong></span> <span class='ocrx_word' id='word_1_467' title='bbox 1855 1051 2023 1095; x_wconf 89' lang='lat' dir='ltr'><strong>opposuit</strong></span> <span class='ocrx_word' id='word_1_468' title='bbox 2047 1062 2083 1084; x_wconf 89' lang='lat' dir='ltr'><strong>se</strong></span> <span class='ocrx_word' id='word_1_469' title='bbox 2108 1050 2237 1083; x_wconf 88' lang='lat' dir='ltr'><strong>iniuste</strong></span> 
     </span>
     <span class='ocr_line' id='line_1_72' title="bbox 1237 1101 2238 1145; baseline 0 -12"><span class='ocrx_word' id='word_1_470' title='bbox 1237 1101 1425 1135; x_wconf 84' lang='lat' dir='ltr'><strong>insolentia</strong></span> <span class='ocrx_word' id='word_1_471' title='bbox 1444 1101 1657 1145; x_wconf 71' lang='lat' dir='ltr'><strong>ignavorum</strong></span> <span class='ocrx_word' id='word_1_472' title='bbox 1675 1102 1835 1135; x_wconf 82' lang='lat' dir='ltr'><strong>virorum</strong></span> <span class='ocrx_word' id='word_1_473' title='bbox 1850 1129 1858 1143; x_wconf 90' lang='lat'><strong>,</strong></span> <span class='ocrx_word' id='word_1_474' title='bbox 1889 1102 2013 1136; x_wconf 83' lang='lat' dir='ltr'><strong>volens</strong></span> <span class='ocrx_word' id='word_1_475' title='bbox 2037 1102 2238 1134; x_wconf 86' lang='lat' dir='ltr'><strong>obtrectan-</strong></span> 
     </span>
     <span class='ocr_line' id='line_1_73' title="bbox 1238 1150 2238 1187; baseline 0 -2"><span class='ocrx_word' id='word_1_476' title='bbox 1238 1153 1284 1185; x_wconf 91' lang='lat' dir='ltr'><strong>do</strong></span> <span class='ocrx_word' id='word_1_477' title='bbox 1302 1150 1450 1186; x_wconf 88' lang='lat' dir='ltr'><strong>honesta</strong></span> <span class='ocrx_word' id='word_1_478' title='bbox 1468 1153 1619 1185; x_wconf 87' lang='lat' dir='ltr'><strong>obruere</strong></span> <span class='ocrx_word' id='word_1_479' title='bbox 1636 1153 1738 1186; x_wconf 90' lang='lat' dir='ltr'><strong>malis</strong></span> <span class='ocrx_word' id='word_1_480' title='bbox 1755 1153 1866 1187; x_wconf 82' lang='lat' dir='ltr'><strong>factis.</strong></span> <span class='ocrx_word' id='word_1_481' title='bbox 1921 1153 1971 1186; x_wconf 91' lang='lat' dir='ltr'><strong>Ut</strong></span> <span class='ocrx_word' id='word_1_482' title='bbox 1992 1159 2109 1187; x_wconf 88' lang='lat' dir='ltr'><strong>autem</strong></span> <span class='ocrx_word' id='word_1_483' title='bbox 2130 1163 2238 1186; x_wconf 84' lang='lat' dir='ltr'><strong>arena</strong></span> 
     </span>
     <span class='ocr_line' id='line_1_74' title="bbox 1237 1203 2238 1249; baseline 0 -13"><span class='ocrx_word' id='word_1_484' title='bbox 1237 1216 1313 1237; x_wconf 91' lang='lat' dir='ltr'><strong>non</strong></span> <span class='ocrx_word' id='word_1_485' title='bbox 1338 1210 1455 1248; x_wconf 85' lang='lat' dir='ltr'><strong>potest</strong></span> <span class='ocrx_word' id='word_1_486' title='bbox 1479 1203 1681 1236; x_wconf 86' lang='lat' dir='ltr'><strong>numerari:</strong></span> <span class='ocrx_word' id='word_1_487' title='bbox 1717 1204 1765 1237; x_wconf 87' lang='lat' dir='ltr'><strong>sic</strong></span> <span class='ocrx_word' id='word_1_488' title='bbox 1789 1216 1896 1237; x_wconf 87' lang='lat' dir='ltr'><strong>nemo</strong></span> <span class='ocrx_word' id='word_1_489' title='bbox 1920 1204 2111 1244; x_wconf 88' lang='lat' dir='ltr'><strong>beneficia,</strong></span> <span class='ocrx_word' id='word_1_490' title='bbox 2147 1215 2238 1249; x_wconf 87' lang='lat' dir='ltr'><strong>quae</strong></span> 
     </span>
     <span class='ocr_line' id='line_1_75' title="bbox 1239 1254 2084 1301; baseline 0 -13"><span class='ocrx_word' id='word_1_491' title='bbox 1239 1254 1387 1288; x_wconf 86' lang='lat' dir='ltr'><strong>Theron</strong></span> <span class='ocrx_word' id='word_1_492' title='bbox 1405 1255 1482 1288; x_wconf 86' lang='lat' dir='ltr'><strong>aliis</strong></span> <span class='ocrx_word' id='word_1_493' title='bbox 1502 1255 1729 1300; x_wconf 79' lang='lat' dir='ltr'><strong>praebuit3)‚</strong></span> <span class='ocrx_word' id='word_1_494' title='bbox 1757 1267 1949 1289; x_wconf 87' lang='lat' dir='ltr'><strong>numerare</strong></span> <span class='ocrx_word' id='word_1_495' title='bbox 1966 1261 2084 1301; x_wconf 84' lang='lat' dir='ltr'><strong>queat.</strong></span> 
     </span>
    </p>
   </div>
   <div class='ocr_carea' id='block_1_9' title="bbox 1426 1365 2053 1479">
    <p class='ocr_par' dir='ltr' id='par_1_11' title="bbox 1426 1365 2053 1479">
     <span class='ocr_line' id='line_1_76' title="bbox 1646 1365 1827 1405; baseline -0.006 0"><span class='ocrx_word' id='word_1_496' title='bbox 1646 1365 1736 1405; x_wconf 88' lang='lat' dir='ltr'><strong>Ode</strong></span> <span class='ocrx_word' id='word_1_497' title='bbox 1754 1366 1827 1404; x_wconf 83' lang='grc' dir='ltr'>ΙΙΙ.</span> 
     </span>
     <span class='ocr_line' id='line_1_77' title="bbox 1426 1438 2053 1479; baseline 0.003 -7"><span class='ocrx_word' id='word_1_498' title='bbox 1426 1441 1542 1473; x_wconf 67' lang='lat' dir='ltr'><strong>Eidem</strong></span> <span class='ocrx_word' id='word_1_499' title='bbox 1575 1440 1629 1473; x_wconf 78' lang='lat' dir='ltr'><strong>Th</strong></span> <span class='ocrx_word' id='word_1_500' title='bbox 1643 1442 1768 1473; x_wconf 70' lang='lat' dir='ltr'><strong>erona&#39;</strong></span> <span class='ocrx_word' id='word_1_501' title='bbox 1793 1440 1842 1479; x_wconf 70' lang='grc' dir='ltr'><strong>εἷς</strong></span> <span class='ocrx_word' id='word_1_502' title='bbox 1870 1438 2053 1479; x_wconf 69' lang='grc' dir='ltr'><strong>θεοξένια.</strong></span> 
     </span>
    </p>
   </div>
   <div class='ocr_carea' id='block_1_10' title="bbox 1241 1515 2243 2537">
    <p class='ocr_par' dir='ltr' id='par_1_12' title="bbox 1241 1515 2243 2537">
     <span class='ocr_line' id='line_1_78' title="bbox 1345 1515 2240 1563; baseline -0.003 -12"><span class='ocrx_word' id='word_1_503' title='bbox 1345 1516 1436 1560; x_wconf 83' lang='lat' dir='ltr'><strong>(Str.</strong></span> <span class='ocrx_word' id='word_1_504' title='bbox 1456 1516 1504 1563; x_wconf 90' lang='lat'><strong>1.)</strong></span> <span class='ocrx_word' id='word_1_505' title='bbox 1529 1516 1665 1549; x_wconf 86' lang='lat' dir='ltr'><strong>Castori</strong></span> <span class='ocrx_word' id='word_1_506' title='bbox 1692 1522 1725 1548; x_wconf 85' lang='lat' dir='ltr'><strong>et</strong></span> <span class='ocrx_word' id='word_1_507' title='bbox 1744 1515 1884 1549; x_wconf 86' lang='lat' dir='ltr'><strong>Polluci</strong></span> <span class='ocrx_word' id='word_1_508' title='bbox 1909 1521 1943 1548; x_wconf 87' lang='lat' dir='ltr'><strong>et</strong></span> <span class='ocrx_word' id='word_1_509' title='bbox 1960 1515 2116 1549; x_wconf 84' lang='lat' dir='ltr'><strong>Helenae</strong></span> <span class='ocrx_word' id='word_1_510' title='bbox 2142 1521 2240 1560; x_wconf 89' lang='lat' dir='ltr'><strong>opto,</strong></span> 
     </span>
     <span class='ocr_line' id='line_1_79' title="bbox 1241 1565 2242 1612; baseline 0 -12"><span class='ocrx_word' id='word_1_511' title='bbox 1241 1566 1425 1601; x_wconf 87' lang='lat' dir='ltr'><strong>honorans</strong></span> <span class='ocrx_word' id='word_1_512' title='bbox 1448 1567 1701 1612; x_wconf 80' lang='lat' dir='ltr'><strong>Agrigentum,</strong></span> <span class='ocrx_word' id='word_1_513' title='bbox 1743 1573 1776 1600; x_wconf 87' lang='lat' dir='ltr'><strong>et</strong></span> <span class='ocrx_word' id='word_1_514' title='bbox 1805 1567 1940 1601; x_wconf 87' lang='lat' dir='ltr'><strong>faciens</strong></span> <span class='ocrx_word' id='word_1_515' title='bbox 1965 1565 2160 1612; x_wconf 85' lang='lat' dir='ltr'><strong>hymnum,</strong></span> <span class='ocrx_word' id='word_1_516' title='bbox 2203 1572 2242 1600; x_wconf 88' lang='lat' dir='ltr'><strong>ut</strong></span> 
     </span>
     <span class='ocr_line' id='line_1_80' title="bbox 1241 1616 2241 1663; baseline -0.001 -11"><span class='ocrx_word' id='word_1_517' title='bbox 1241 1619 1284 1652; x_wconf 90' lang='lat' dir='ltr'><strong>sit</strong></span> <span class='ocrx_word' id='word_1_518' title='bbox 1301 1625 1554 1652; x_wconf 89' lang='lat' dir='ltr'><strong>ornamentum</strong></span> <span class='ocrx_word' id='word_1_519' title='bbox 1574 1630 1748 1663; x_wconf 88' lang='lat' dir='ltr'><strong>equorum</strong></span> <span class='ocrx_word' id='word_1_520' title='bbox 1774 1618 2031 1652; x_wconf 84' lang='lat' dir='ltr'><strong>indefessorum</strong></span> <span class='ocrx_word' id='word_1_521' title='bbox 2050 1616 2241 1652; x_wconf 88' lang='lat' dir='ltr'><strong>Theronis.</strong></span> 
     </span>
     <span class='ocr_line' id='line_1_81' title="bbox 1241 1668 2242 1709; baseline -0.002 -6"><span class='ocrx_word' id='word_1_522' title='bbox 1241 1670 1350 1704; x_wconf 86' lang='lat' dir='ltr'><strong>Adest</strong></span> <span class='ocrx_word' id='word_1_523' title='bbox 1374 1668 1464 1703; x_wconf 91' lang='lat' dir='ltr'><strong>mihi</strong></span> <span class='ocrx_word' id='word_1_524' title='bbox 1485 1670 1587 1704; x_wconf 83' lang='lat' dir='ltr'><strong>Musa</strong></span> <span class='ocrx_word' id='word_1_525' title='bbox 1610 1669 1809 1702; x_wconf 78' lang='lat' dir='ltr'><strong>invenienti</strong></span> <span class='ocrx_word' id='word_1_526' title='bbox 1834 1682 1968 1703; x_wconf 87' lang='lat' dir='ltr'><strong>novum</strong></span> <span class='ocrx_word' id='word_1_527' title='bbox 1998 1671 2168 1709; x_wconf 89' lang='lat' dir='ltr'><strong>modum,</strong></span> <span class='ocrx_word' id='word_1_528' title='bbox 2202 1675 2242 1702; x_wconf 92' lang='lat' dir='ltr'><strong>ut</strong></span> 
     </span>
     <span class='ocr_line' id='line_1_82' title="bbox 1242 1718 2242 1766; baseline -0.001 -12"><span class='ocrx_word' id='word_1_529' title='bbox 1242 1723 1370 1754; x_wconf 74' lang='lat' dir='ltr'><strong>laetam</strong></span> <span class='ocrx_word' id='word_1_530' title='bbox 1390 1734 1512 1755; x_wconf 71' lang='lat' dir='ltr'><strong>vocem</strong></span> <span class='ocrx_word' id='word_1_531' title='bbox 1531 1722 1798 1754; x_wconf 90' lang='lat' dir='ltr'><strong>accommodem</strong></span> <span class='ocrx_word' id='word_1_532' title='bbox 1811 1721 1945 1754; x_wconf 87' lang='lat' dir='ltr'><strong>Dorico</strong></span> <span class='ocrx_word' id='word_1_533' title='bbox 1966 1721 2059 1766; x_wconf 88' lang='lat' dir='ltr'><strong>pedi.</strong></span> <span class='ocrx_word' id='word_1_534' title='bbox 2081 1718 2242 1766; x_wconf 74' lang='lat' dir='ltr'><strong>(Ant-1.)</strong></span> 
     </span>
     <span class='ocr_line' id='line_1_83' title="bbox 1243 1770 2243 1817; baseline -0.003 -11"><span class='ocrx_word' id='word_1_535' title='bbox 1243 1774 1332 1807; x_wconf 79' lang='lat' dir='ltr'><strong>Nam</strong></span> <span class='ocrx_word' id='word_1_536' title='bbox 1352 1786 1506 1806; x_wconf 88' lang='lat' dir='ltr'><strong>coronae</strong></span> <span class='ocrx_word' id='word_1_537' title='bbox 1524 1773 1614 1806; x_wconf 88' lang='lat' dir='ltr'><strong>iubis</strong></span> <span class='ocrx_word' id='word_1_538' title='bbox 1638 1773 1781 1806; x_wconf 86' lang='lat' dir='ltr'><strong>additae</strong></span> <span class='ocrx_word' id='word_1_539' title='bbox 1809 1772 1955 1817; x_wconf 85' lang='lat' dir='ltr'><strong>exigunt</strong></span> <span class='ocrx_word' id='word_1_540' title='bbox 1976 1785 1994 1806; x_wconf 87' lang='lat' dir='ltr'><strong>a</strong></span> <span class='ocrx_word' id='word_1_541' title='bbox 2018 1784 2076 1806; x_wconf 91' lang='lat' dir='ltr'><strong>me</strong></span> <span class='ocrx_word' id='word_1_542' title='bbox 2099 1770 2167 1805; x_wconf 89' lang='lat' dir='ltr'><strong>hoc</strong></span> <span class='ocrx_word' id='word_1_543' title='bbox 2190 1770 2243 1804; x_wconf 89' lang='lat' dir='ltr'><strong>di-</strong></span> 
     </span>
     <span class='ocr_line' id='line_1_84' title="bbox 1245 1822 2239 1865; baseline -0.003 -8"><span class='ocrx_word' id='word_1_544' title='bbox 1245 1825 1365 1858; x_wconf 84' lang='lat' dir='ltr'><strong>vinum</strong></span> <span class='ocrx_word' id='word_1_545' title='bbox 1385 1825 1564 1865; x_wconf 88' lang='lat' dir='ltr'><strong>debitum,</strong></span> <span class='ocrx_word' id='word_1_546' title='bbox 1593 1831 1631 1858; x_wconf 91' lang='lat' dir='ltr'><strong>ut</strong></span> <span class='ocrx_word' id='word_1_547' title='bbox 1647 1822 1819 1857; x_wconf 87' lang='lat' dir='ltr'><strong>citharam</strong></span> <span class='ocrx_word' id='word_1_548' title='bbox 1840 1830 1873 1857; x_wconf 93' lang='lat' dir='ltr'><strong>et</strong></span> <span class='ocrx_word' id='word_1_549' title='bbox 1895 1824 2000 1858; x_wconf 82' lang='lat' dir='ltr'><strong>tibias</strong></span> <span class='ocrx_word' id='word_1_550' title='bbox 2023 1829 2058 1857; x_wconf 87' lang='lat' dir='ltr'><strong>et</strong></span> <span class='ocrx_word' id='word_1_551' title='bbox 2082 1822 2239 1855; x_wconf 85' lang='lat' dir='ltr'><strong>carmina</strong></span> 
     </span>
     <span class='ocr_line' id='line_1_85' title="bbox 1243 1874 2241 1910; baseline -0.004 -1"><span class='ocrx_word' id='word_1_552' title='bbox 1243 1874 1404 1910; x_wconf 88' lang='lat' dir='ltr'><strong>Theroni</strong></span> <span class='ocrx_word' id='word_1_553' title='bbox 1433 1878 1598 1910; x_wconf 88' lang='lat' dir='ltr'><strong>decenter</strong></span> <span class='ocrx_word' id='word_1_554' title='bbox 1627 1876 1808 1909; x_wconf 84' lang='lat' dir='ltr'><strong>misceam.</strong></span> <span class='ocrx_word' id='word_1_555' title='bbox 1873 1874 1918 1907; x_wconf 83' lang='lat' dir='ltr'><strong>Et</strong></span> <span class='ocrx_word' id='word_1_556' title='bbox 1942 1874 2024 1908; x_wconf 79' lang='lat' dir='ltr'><strong>Pisa</strong></span> <span class='ocrx_word' id='word_1_557' title='bbox 2057 1874 2155 1907; x_wconf 89' lang='lat' dir='ltr'><strong>iubet</strong></span> <span class='ocrx_word' id='word_1_558' title='bbox 2185 1885 2241 1906; x_wconf 87' lang='lat' dir='ltr'><strong>me</strong></span> 
     </span>
     <span class='ocr_line' id='line_1_86' title="bbox 1244 1923 2242 1973; baseline -0.004 -12"><span class='ocrx_word' id='word_1_559' title='bbox 1244 1940 1389 1967; x_wconf 83' lang='lat' dir='ltr'><strong>canere,</strong></span> <span class='ocrx_word' id='word_1_560' title='bbox 1417 1940 1435 1960; x_wconf 87' lang='lat' dir='ltr'><strong>a</strong></span> <span class='ocrx_word' id='word_1_561' title='bbox 1458 1940 1526 1973; x_wconf 92' lang='lat' dir='ltr'><strong>qua</strong></span> <span class='ocrx_word' id='word_1_562' title='bbox 1554 1927 1696 1960; x_wconf 82' lang='lat' dir='ltr'><strong>divinae</strong></span> <span class='ocrx_word' id='word_1_563' title='bbox 1724 1926 1906 1959; x_wconf 87' lang='lat' dir='ltr'><strong>cantiones</strong></span> <span class='ocrx_word' id='word_1_564' title='bbox 1932 1927 1975 1958; x_wconf 89' lang='lat' dir='ltr'><strong>ad</strong></span> <span class='ocrx_word' id='word_1_565' title='bbox 1999 1923 2163 1958; x_wconf 85' lang='lat' dir='ltr'><strong>homines</strong></span> <span class='ocrx_word' id='word_1_566' title='bbox 2189 1937 2242 1957; x_wconf 94' lang='lat' dir='ltr'><strong>re-</strong></span> 
     </span>
     <span class='ocr_line' id='line_1_87' title="bbox 1243 1976 2241 2026; baseline -0.004 -14"><span class='ocrx_word' id='word_1_567' title='bbox 1243 1981 1373 2019; x_wconf 88' lang='lat' dir='ltr'><strong>deunt,</strong></span> <span class='ocrx_word' id='word_1_568' title='bbox 1413 1978 1492 2026; x_wconf 81' lang='lat' dir='ltr'><strong>(Ep.</strong></span> <span class='ocrx_word' id='word_1_569' title='bbox 1513 1979 1563 2023; x_wconf 90' lang='lat'><strong>1.)</strong></span> <span class='ocrx_word' id='word_1_570' title='bbox 1598 1978 1726 2023; x_wconf 76' lang='lat' dir='ltr'><strong>quibus</strong></span> <span class='ocrx_word' id='word_1_571' title='bbox 1751 1977 1806 2009; x_wconf 74' lang='lat' dir='ltr'><strong>vir</strong></span> <span class='ocrx_word' id='word_1_572' title='bbox 1829 1976 1977 2010; x_wconf 86' lang='lat' dir='ltr'><strong>Aetolus</strong></span> <span class='ocrx_word' id='word_1_573' title='bbox 2002 1977 2107 2010; x_wconf 82' lang='lat' dir='ltr'><strong>iudex</strong></span> <span class='ocrx_word' id='word_1_574' title='bbox 2131 1982 2241 2009; x_wconf 84' lang='lat' dir='ltr'><strong>certa-</strong></span> 
     </span>
     <span class='ocr_line' id='line_1_88' title="bbox 1245 2027 2241 2070; baseline -0.004 -7"><span class='ocrx_word' id='word_1_575' title='bbox 1245 2031 1349 2064; x_wconf 90' lang='lat' dir='ltr'><strong>minis</strong></span> <span class='ocrx_word' id='word_1_576' title='bbox 1376 2030 1508 2062; x_wconf 86' lang='lat' dir='ltr'><strong>faciens</strong></span> <span class='ocrx_word' id='word_1_577' title='bbox 1533 2030 1702 2062; x_wconf 84' lang='lat' dir='ltr'><strong>mandata</strong></span> <span class='ocrx_word' id='word_1_578' title='bbox 1725 2027 1904 2067; x_wconf 88' lang='lat' dir='ltr'><strong>Herculis,</strong></span> <span class='ocrx_word' id='word_1_579' title='bbox 1947 2028 2108 2070; x_wconf 80' lang='lat' dir='ltr'><strong>glaucam</strong></span> <span class='ocrx_word' id='word_1_580' title='bbox 2141 2039 2241 2060; x_wconf 85' lang='lat' dir='ltr'><strong>coro-</strong></span> 
     </span>
     <span class='ocr_line' id='line_1_89' title="bbox 1244 2078 2241 2124; baseline -0.004 -10"><span class='ocrx_word' id='word_1_581' title='bbox 1244 2094 1325 2114; x_wconf 87' lang='lat' dir='ltr'><strong>nam</strong></span> <span class='ocrx_word' id='word_1_582' title='bbox 1352 2093 1393 2114; x_wconf 84' lang='lat' dir='ltr'><strong>ex</strong></span> <span class='ocrx_word' id='word_1_583' title='bbox 1414 2081 1490 2113; x_wconf 88' lang='lat' dir='ltr'><strong>olea</strong></span> <span class='ocrx_word' id='word_1_584' title='bbox 1521 2080 1692 2124; x_wconf 83' lang='lat' dir='ltr'><strong>imponit,</strong></span> <span class='ocrx_word' id='word_1_585' title='bbox 1729 2091 1835 2124; x_wconf 87' lang='lat' dir='ltr'><strong>quam</strong></span> <span class='ocrx_word' id='word_1_586' title='bbox 1863 2079 1982 2113; x_wconf 87' lang='lat' dir='ltr'><strong>attulit</strong></span> <span class='ocrx_word' id='word_1_587' title='bbox 2004 2079 2174 2112; x_wconf 86' lang='lat' dir='ltr'><strong>Hercules</strong></span> <span class='ocrx_word' id='word_1_588' title='bbox 2197 2078 2241 2110; x_wconf 89' lang='lat' dir='ltr'><strong>ab</strong></span> 
     </span>
     <span class='ocr_line' id='line_1_90' title="bbox 1245 2129 2240 2177; baseline -0.003 -12"><span class='ocrx_word' id='word_1_589' title='bbox 1245 2133 1345 2177; x_wconf 91' lang='lat' dir='ltr'><strong>opaci</strong></span> <span class='ocrx_word' id='word_1_590' title='bbox 1361 2131 1438 2166; x_wconf 85' lang='lat' dir='ltr'><strong>lstri</strong></span> <span class='ocrx_word' id='word_1_591' title='bbox 1455 2132 1611 2165; x_wconf 87' lang='lat' dir='ltr'><strong>sontibus</strong></span> <span class='ocrx_word' id='word_1_592' title='bbox 1623 2158 1631 2170; x_wconf 89' lang='lat'><strong>,</strong></span> <span class='ocrx_word' id='word_1_593' title='bbox 1659 2137 1698 2163; x_wconf 64' lang='lat' dir='ltr'><strong>ut,</strong></span> <span class='ocrx_word' id='word_1_594' title='bbox 1716 2137 1804 2164; x_wconf 88' lang='lat' dir='ltr'><strong>esset</strong></span> <span class='ocrx_word' id='word_1_595' title='bbox 1826 2137 2099 2164; x_wconf 88' lang='lat' dir='ltr'><strong>monumentum</strong></span> <span class='ocrx_word' id='word_1_596' title='bbox 2118 2129 2240 2175; x_wconf 85' lang='lat' dir='ltr'><strong>Olym-</strong></span> 
     </span>
     <span class='ocr_line' id='line_1_91' title="bbox 1247 2180 2241 2229; baseline -0.003 -13"><span class='ocrx_word' id='word_1_597' title='bbox 1247 2185 1405 2228; x_wconf 87' lang='lat' dir='ltr'><strong>picorum</strong></span> <span class='ocrx_word' id='word_1_598' title='bbox 1426 2183 1679 2221; x_wconf 80' lang='lat' dir='ltr'><strong>certaminmn;</strong></span> <span class='ocrx_word' id='word_1_599' title='bbox 1708 2182 1798 2227; x_wconf 78' lang='lat' dir='ltr'><strong>(Str.</strong></span> <span class='ocrx_word' id='word_1_600' title='bbox 1816 2182 1869 2229; x_wconf 74' lang='lat'><strong>2.)</strong></span> <span class='ocrx_word' id='word_1_601' title='bbox 1898 2183 2042 2228; x_wconf 86' lang='lat' dir='ltr'><strong>quando</strong></span> <span class='ocrx_word' id='word_1_602' title='bbox 2064 2180 2241 2226; x_wconf 84' lang='lat' dir='ltr'><strong>persuasit</strong></span> 
     </span>
     <span class='ocr_line' id='line_1_92' title="bbox 1246 2232 2238 2282; baseline -0.005 -14"><span class='ocrx_word' id='word_1_603' title='bbox 1246 2235 1546 2282; x_wconf 52' lang='lat' dir='ltr'><strong>llyperboreiffl),</strong></span> <span class='ocrx_word' id='word_1_604' title='bbox 1590 2240 1623 2266; x_wconf 83' lang='lat' dir='ltr'><strong>et</strong></span> <span class='ocrx_word' id='word_1_605' title='bbox 1656 2234 1792 2279; x_wconf 82' lang='lat' dir='ltr'><strong>placide</strong></span> <span class='ocrx_word' id='word_1_606' title='bbox 1826 2233 1952 2278; x_wconf 85' lang='lat' dir='ltr'><strong>petivit</strong></span> <span class='ocrx_word' id='word_1_607' title='bbox 1982 2232 2074 2267; x_wconf 86' lang='lat' dir='ltr'><strong>lovis</strong></span> <span class='ocrx_word' id='word_1_608' title='bbox 2105 2232 2238 2276; x_wconf 87' lang='lat' dir='ltr'><strong>templo</strong></span> 
     </span>
     <span class='ocr_line' id='line_1_93' title="bbox 1245 2282 2239 2331; baseline -0.006 -10"><span class='ocrx_word' id='word_1_609' title='bbox 1245 2289 1451 2322; x_wconf 90' lang='lat' dir='ltr'><strong>umbrosum</strong></span> <span class='ocrx_word' id='word_1_610' title='bbox 1471 2298 1635 2329; x_wconf 77' lang='lat' dir='ltr'><strong>germen,</strong></span> <span class='ocrx_word' id='word_1_611' title='bbox 1662 2287 1757 2331; x_wconf 91' lang='lat' dir='ltr'><strong>quod</strong></span> <span class='ocrx_word' id='word_1_612' title='bbox 1782 2292 1871 2319; x_wconf 81' lang='lat' dir='ltr'><strong>esset</strong></span> <span class='ocrx_word' id='word_1_613' title='bbox 1895 2284 2095 2319; x_wconf 88' lang='lat' dir='ltr'><strong>communis</strong></span> <span class='ocrx_word' id='word_1_614' title='bbox 2124 2282 2239 2317; x_wconf 89' lang='lat' dir='ltr'><strong>homi-</strong></span> 
     </span>
     <span class='ocr_line' id='line_1_94' title="bbox 1245 2334 2239 2373; baseline -0.004 -2"><span class='ocrx_word' id='word_1_615' title='bbox 1245 2340 1348 2373; x_wconf 88' lang='lat' dir='ltr'><strong>nibus</strong></span> <span class='ocrx_word' id='word_1_616' title='bbox 1366 2338 1505 2371; x_wconf 80' lang='lat' dir='ltr'><strong>virtutis</strong></span> <span class='ocrx_word' id='word_1_617' title='bbox 1523 2350 1667 2371; x_wconf 86' lang='lat' dir='ltr'><strong>corona.</strong></span> <span class='ocrx_word' id='word_1_618' title='bbox 1720 2336 1792 2370; x_wconf 85' lang='lat' dir='ltr'><strong>lam</strong></span> <span class='ocrx_word' id='word_1_619' title='bbox 1819 2338 1911 2369; x_wconf 88' lang='lat' dir='ltr'><strong>enim</strong></span> <span class='ocrx_word' id='word_1_620' title='bbox 1928 2335 2002 2369; x_wconf 88' lang='lat' dir='ltr'><strong>Iovi</strong></span> <span class='ocrx_word' id='word_1_621' title='bbox 2028 2335 2097 2368; x_wconf 89' lang='lat' dir='ltr'><strong>aris</strong></span> <span class='ocrx_word' id='word_1_622' title='bbox 2121 2334 2239 2368; x_wconf 84' lang='lat' dir='ltr'><strong>initia-</strong></span> 
     </span>
     <span class='ocr_line' id='line_1_95' title="bbox 1245 2384 2239 2433; baseline -0.006 -8"><span class='ocrx_word' id='word_1_623' title='bbox 1245 2392 1300 2431; x_wconf 85' lang='lat' dir='ltr'><strong>tis,</strong></span> <span class='ocrx_word' id='word_1_624' title='bbox 1316 2392 1397 2424; x_wconf 81' lang='lat' dir='ltr'><strong>luna</strong></span> <span class='ocrx_word' id='word_1_625' title='bbox 1421 2390 1520 2433; x_wconf 73' lang='lat' dir='ltr'><strong>plena</strong></span> <span class='ocrx_word' id='word_1_626' title='bbox 1542 2401 1685 2433; x_wconf 80' lang='lat' dir='ltr'><strong>vespere</strong></span> <span class='ocrx_word' id='word_1_627' title='bbox 1704 2389 1905 2433; x_wconf 87' lang='lat' dir='ltr'><strong>complebat</strong></span> <span class='ocrx_word' id='word_1_628' title='bbox 1920 2388 2056 2427; x_wconf 89' lang='lat' dir='ltr'><strong>orbem,</strong></span> <span class='ocrx_word' id='word_1_629' title='bbox 2073 2384 2173 2433; x_wconf 79' lang='lat' dir='ltr'><strong>(Ant.</strong></span> <span class='ocrx_word' id='word_1_630' title='bbox 2185 2385 2239 2432; x_wconf 78' lang='lat'><strong>2.)</strong></span> 
     </span>
     <span class='ocr_line' id='line_1_96' title="bbox 1245 2438 2238 2485; baseline -0.006 -9"><span class='ocrx_word' id='word_1_631' title='bbox 1245 2450 1278 2476; x_wconf 79' lang='lat' dir='ltr'><strong>et</strong></span> <span class='ocrx_word' id='word_1_632' title='bbox 1295 2454 1504 2485; x_wconf 81' lang='lat' dir='ltr'><strong>magnorum</strong></span> <span class='ocrx_word' id='word_1_633' title='bbox 1525 2440 1758 2475; x_wconf 83' lang='lat' dir='ltr'><strong>certaminum</strong></span> <span class='ocrx_word' id='word_1_634' title='bbox 1778 2440 1929 2474; x_wconf 85' lang='lat' dir='ltr'><strong>instabat</strong></span> <span class='ocrx_word' id='word_1_635' title='bbox 1946 2438 2130 2479; x_wconf 91' lang='lat' dir='ltr'><strong>iudicium,</strong></span> <span class='ocrx_word' id='word_1_636' title='bbox 2158 2449 2238 2471; x_wconf 90' lang='lat' dir='ltr'><strong>cum</strong></span> 
     </span>
     <span class='ocr_line' id='line_1_97' title="bbox 1245 2489 2237 2537; baseline -0.007 -9"><span class='ocrx_word' id='word_1_637' title='bbox 1245 2494 1411 2528; x_wconf 85' lang='lat' dir='ltr'><strong>Hercules</strong></span> <span class='ocrx_word' id='word_1_638' title='bbox 1445 2493 1682 2526; x_wconf 81' lang='lat' dir='ltr'><strong>constituisset</strong></span> <span class='ocrx_word' id='word_1_639' title='bbox 1711 2491 2015 2537; x_wconf 82' lang='lat' dir='ltr'><strong>quinquennalem</strong></span> <span class='ocrx_word' id='word_1_640' title='bbox 2042 2490 2166 2523; x_wconf 88' lang='lat' dir='ltr'><strong>ludum</strong></span> <span class='ocrx_word' id='word_1_641' title='bbox 2193 2489 2237 2521; x_wconf 85' lang='lat' dir='ltr'><strong>ad</strong></span> 
     </span>
    </p>
   </div>
   <div class='ocr_carea' id='block_1_11' title="bbox 1276 2631 2238 2667">
    <p class='ocr_par' dir='ltr' id='par_1_13' title="bbox 1276 2631 2238 2667">
     <span class='ocr_line' id='line_1_98' title="bbox 1276 2631 2238 2667; baseline -0.002 -8"><span class='ocrx_word' id='word_1_642' title='bbox 1276 2638 1307 2667; x_wconf 80' lang='lat'><strong>3)</strong></span> <span class='ocrx_word' id='word_1_643' title='bbox 1329 2637 1466 2666; x_wconf 72' lang='lat' dir='ltr'><strong>prm-huit}</strong></span> <span class='ocrx_word' id='word_1_644' title='bbox 1500 2638 1537 2661; x_wconf 74' lang='lat' dir='ltr'><strong>sic</strong></span> <span class='ocrx_word' id='word_1_645' title='bbox 1572 2639 1602 2666; x_wconf 67' lang='lat' dir='ltr'><strong>(z</strong></span> <span class='ocrx_word' id='word_1_646' title='bbox 1643 2636 1719 2661; x_wconf 79' lang='lat' dir='ltr'><strong>l‘inri.</strong></span> <span class='ocrx_word' id='word_1_647' title='bbox 1745 2634 1857 2666; x_wconf 59' lang='grc' dir='ltr'><strong>ἔθηκεν)</strong></span> <span class='ocrx_word' id='word_1_648' title='bbox 1892 2635 1939 2658; x_wconf 73' lang='lat' dir='ltr'><strong>Ed.</strong></span> <span class='ocrx_word' id='word_1_649' title='bbox 1962 2634 2050 2663; x_wconf 49' lang='lat'><strong>¹5:184</strong></span> <span class='ocrx_word' id='word_1_650' title='bbox 2092 2632 2139 2656; x_wconf 77' lang='lat' dir='ltr'><strong>Ed.</strong></span> <span class='ocrx_word' id='word_1_651' title='bbox 2162 2631 2238 2657; x_wconf 78' lang='lat'><strong>156³.</strong></span> 
     </span>
    </p>
   </div>
   <div class='ocr_carea' id='block_1_12' title="bbox 1276 2673 2150 2754">
    <p class='ocr_par' dir='ltr' id='par_1_14' title="bbox 1276 2673 2150 2754">
     <span class='ocr_line' id='line_1_99' title="bbox 1309 2673 1429 2702; baseline 0.008 -8"><span class='ocrx_word' id='word_1_652' title='bbox 1309 2673 1429 2702; x_wconf 73' lang='lat' dir='ltr'><strong>praebet.</strong></span> 
     </span>
     <span class='ocr_line' id='line_1_100' title="bbox 1276 2721 2150 2754; baseline -0.005 -7"><span class='ocrx_word' id='word_1_653' title='bbox 1276 2725 1306 2753; x_wconf 66' lang='grc'><strong>4)</strong></span> <span class='ocrx_word' id='word_1_654' title='bbox 1326 2724 1530 2754; x_wconf 66' lang='lat' dir='ltr'><strong>Hyperboreis]</strong></span> <span class='ocrx_word' id='word_1_655' title='bbox 1551 2724 1589 2748; x_wconf 66' lang='lat' dir='ltr'><strong>sic</strong></span> <span class='ocrx_word' id='word_1_656' title='bbox 1610 2724 1647 2747; x_wconf 78' lang='lat' dir='ltr'><strong>Ed</strong></span> <span class='ocrx_word' id='word_1_657' title='bbox 1675 2723 1764 2753; x_wconf 46' lang='lat'><strong>1563,</strong></span> <span class='ocrx_word' id='word_1_658' title='bbox 1784 2723 1829 2746; x_wconf 78' lang='lat' dir='ltr'><strong>Ed.</strong></span> <span class='ocrx_word' id='word_1_659' title='bbox 1851 2722 1922 2747; x_wconf 62' lang='lat'><strong>155⁸.</strong></span> <span class='ocrx_word' id='word_1_660' title='bbox 1943 2721 2150 2752; x_wconf 73' lang='lat' dir='ltr'><strong>uyperboreos.</strong></span> 
     </span>
    </p>
   </div>
  </div>
 </body>
</html>
