2421 3005
58 101 133 136 765
346 98 449 134 XCII.

57 188 202 234 dippus,
224 188 270 220 ad
295 186 491 221 tumultum
511 185 717 229 augendum
735 184 833 225 facit,
856 190 889 217 et
907 189 946 217 ut
961 182 1052 216 Pam
1096 178 1099 216 !

57 238 178 286 philus
194 251 345 273 uxorem
368 237 528 283 recipere
543 243 706 281 cogatur.

165 290 228 326 Vs.
250 292 282 325 1.
311 287 442 337 Perit]
466 288 642 324 Resciscit
663 289 706 322 de
724 298 839 332 puero
855 284 1071 330 Phidippus.
1098 297 1099 300 ¹

59 341 101 377 Id
132 343 239 376 etiam
268 343 313 376 ad
343 342 548 386 augendum
584 341 779 374 tumultum
812 339 898 372 facit
916 365 925 378 ,
968 343 1004 370 et
1033 342 1071 370 ut
1098 332 1101 372 l

60 393 276 440 Pamphilus
307 399 456 438 cogatur
480 394 663 427 reducere.
804 390 864 425 Vs.
887 392 921 425 8.
949 385 1072 435 Heus]
1098 378 1102 450 ι

61 446 233 481 Ostendit
247 459 329 480 eum
357 445 640 489 cogitabundum
670 445 713 477 de
738 443 821 477 filia.
928 440 990 475 Vs.
1014 442 1072 476 12.

61 500 179 533 Istkuc
198 495 363 546 patrem]
392 497 486 530 Mira
513 496 701 531 calliditas.
815 494 876 529 Vs.
898 493 957 528 17.
984 495 1074 526 Pue-

15 564 19 568 ’
50 548 168 598 .rum.]
199 550 339 583 Invidia
366 550 410 582 ab
435 549 581 587 infantis
609 555 736 582 aetate.
856 546 899 581 V.
916 547 978 582 21.
1005 545 1075 579 Sed

61 604 182 648 nana]
212 603 478 646 Argumentum
510 614 528 634 a
562 601 663 646 prius
693 599 808 633 dictis.
933 597 994 631 Vs.
1012 596 1073 632 29.

62 656 152 696 Sed,
180 660 217 688 ut
233 654 340 699 olim]
357 653 548 687 Accusatio
566 666 584 686 a
600 650 883 698 perseverantia.
933 649 994 684 Vs.
1013 650 1074 684 32.

64 708 127 742 Gm'
150 707 290 751 maten]
316 707 584 750 Argumentum
611 717 629 737 a
653 702 860 742 verisimili.
890 708 924 735 et
950 714 969 735 a
995 714 1075 746 per-

62 770 151 794 sona
178 758 322 792 idonea.
443 757 503 792 Vs.
520 756 582 791 34.
619 759 713 791 Teme
733 751 955 801 prospicere]
982 753 1075 787 Ora-

62 811 156 844 torie
189 810 421 844 autoritatem
453 809 631 844 iudicibus
664 807 803 841 adimit.
929 806 990 840 Vs.
1013 805 1073 840 39.

51 865 156 897 Nam
178 859 242 909 si.]
267 861 413 895 Laudat
444 859 513 895 hoc
541 861 681 906 ipsum,
718 871 790 905 quo
818 865 1005 892 accusatus
1024 864 1076 892 est

61 912 289 959 Pamphilus.
409 913 470 948 Vs.
490 913 551 950 42.
577 915 620 947 Et
647 924 732 958 quae
759 908 841 958 me.]
867 910 931 945 His
957 910 1076 944 verbis

64 966 313 1000 commentitia
346 972 558 1010 argumenta
586 963 797 998 contemnit.
934 961 996 997 Vs.
1013 960 1075 997 45.

62 1020 106 1054 Si
131 1020 265 1065 quidem
286 1017 373 1063 ille]
480 1017 545 1051 Hic
573 1029 614 1050 eo
641 1022 782 1049 accusat
807 1026 908 1054 eam,
939 1028 1011 1060 quo
1040 1027 1075 1048 se

63 1070 179 1116 ipsam
204 1070 316 1104 tutari
341 1069 465 1103 credit.
597 1068 657 1102 Vs.
676 1067 737 1102 46.
767 1068 919 1101 Aderam
944 1065 1074 1115 cuius]

63 1120 135 1156 hoc
159 1129 232 1162 est,
260 1133 342 1155 meo
364 1121 540 1161 consilio,
568 1121 631 1167 qui
653 1132 822 1166 praesens
840 1132 959 1159 eram,
989 1118 1076 1152 haec

64 1173 251 1220 provideri
277 1174 480 1208 debuerant
494 1172 553 1219 17).
670 1172 730 1207 Vs.
748 1170 809 1206 57.
836 1171 968 1216 Qm‘ta]
1003 1172 1077 1205 An-
1102 1170 1106 1217 l

66 1226 166 1273 tique
185 1226 335 1260 dictum.
1103 1219 1106 1243 ἶ

288 1311 398 1346 Actus
414 1310 473 1347 lv.
499 1311 611 1345 Scena
630 1309 672 1346 ll.
698 1311 849 1354 Argum.
1104 1330 1107 1346 2

172 1380 356 1415 Sostratae
380 1381 549 1426 purgatio
568 1381 611 1414 de
630 1378 873 1414 Philumenae
900 1380 1076 1414 abscessu.

66 1432 207 1467 Eadem
225 1432 390 1467 Sostrata
411 1445 473 1467 rus
505 1433 686 1467 abituram
714 1445 749 1467 se
775 1432 848 1466 filio
874 1431 1080 1477 pollicetur,

67 1486 112 1518 ne
138 1484 401 1530 impedimento
435 1484 502 1525 sit,
544 1497 617 1531 quo
651 1484 770 1518 minus
804 1485 928 1518 redeat
953 1483 1079 1518 Philu-

67 1548 187 1576 mena.
240 1536 355 1571 Filius
373 1542 500 1570 contra
520 1536 651 1577 matri,
673 1548 719 1570 ne
738 1536 774 1569 id
789 1536 918 1577 faciat,
943 1537 1080 1571 dissua-

68 1589 154 1622 dere
172 1595 338 1622 conatur.

172 1639 233 1674 Vs.
253 1641 285 1674 1.
309 1643 389 1675 Non
406 1637 525 1688 clam]
550 1638 711 1673 Sostrata
727 1646 928 1674 excusatur.
982 1639 1082 1685 Myr-

68 1690 176 1726 rhina
213 1692 323 1737 paulo
352 1699 435 1737 post
469 1691 696 1726 accusabitur
727 1693 842 1724 donec
870 1692 991 1736 palam
1022 1693 1082 1725 fiet

69 1750 263 1790 utramque
288 1756 415 1777 vacare
439 1745 555 1789 culpa.
671 1742 731 1777 Vs.
750 1743 785 1777 7.
814 1743 1080 1788 Praepositam]

68 1796 102 1830 A
120 1796 214 1831 iusto
233 1802 268 1830 et
281 1794 446 1830 honesto.
554 1794 615 1830 Vs.
632 1794 667 1830 9.
690 1797 747 1830 Mi
767 1796 970 1841 Pamphila]
992 1795 1081 1829 Ver-

68 1848 124 1882 bis
158 1848 367 1893 praemollit
398 1860 475 1881 rem
509 1848 662 1888 duram,
710 1860 818 1892 quain
853 1848 992 1881 dictura
1018 1854 1080 1882 est.

68 1900 132 1935 Vs.
145 1900 203 1935 14.
220 1902 323 1935 Hand
334 1897 472 1947 facies]
496 1899 683 1934 Dissuasio
701 1911 719 1931 a
737 1911 906 1943 persona,
927 1912 946 1932 a
963 1911 1081 1939 causa,

71 1964 91 1986 a
108 1952 209 1993 loco,
237 1966 255 1985 a
280 1954 387 1986 facto.
484 1951 544 1986 Vs.
566 1952 624 1986 18.
647 1954 741 1985 Dum
758 1948 912 1999 aetatis]
941 1951 1079 1985 Omnia

69 2002 256 2050 Pamphili
275 2011 487 2050 argumenta
506 2004 646 2038 refellit.
737 2003 795 2038 Vs,
814 2006 875 2039 22.
905 2006 967 2039 Se'e
993 2006 1081 2048 opti-

71 2053 152 2104 me.]
187 2055 309 2090 Mores
344 2063 449 2092 notas
480 2057 743 2090 detractorum.
928 2056 988 2091 Vs.
1017 2054 1079 2092 25.

73 2110 181 2150 Quam
214 2107 443 2152 fortunatus]
483 2108 590 2154 Quod
627 2109 761 2154 absque
790 2106 859 2141 hoc
888 2115 996 2149 esset,
1043 2109 1080 2140 in

72 2160 234 2205 Captivis
254 2161 415 2201 Plautus,
432 2167 465 2194 et
481 2160 574 2193 infra
593 2161 629 2193 in
646 2159 883 2195 Phormione.
937 2160 998 2195 Vs.
1017 2160 1078 2196 26.

74 2213 216 2248 Obsecro
230 2213 305 2258 mi]
328 2212 427 2245 Dura
448 2213 628 2257 patienter
644 2214 790 2246 ferenda
814 2219 907 2248 sunt.

282 2299 392 2332 Actus
410 2297 469 2333 IV.
495 2299 606 2333 Scena
626 2298 684 2334 ΙΙΙ.
709 2301 859 2346 Argum.

173 2368 492 2409 Reconcssiantur,
534 2375 569 2402 et
605 2382 712 2403 omne
748 2371 882 2404 bellum
919 2370 1014 2403 inter
1041 2383 1077 2405 se

70 2428 297 2468 componunt
325 2422 382 2454 vir
409 2428 443 2455 et
475 2433 577 2456 uxor.
652 2421 826 2456 Monetur
849 2420 1076 2469 Pamphilus7

68 2480 108 2507 ut
136 2487 284 2509 uxorem
302 2475 462 2508 reducat.

172 2526 233 2562 Vs,
256 2530 288 2562 1.
327 2528 431 2569 Quem
459 2539 533 2560 cum
568 2526 698 2572 isthoc]
741 2524 878 2561 Laches
912 2526 1075 2561 audierat

69 2579 180 2612 verba
199 2579 383 2614 Sostratae
402 2580 447 2612 ad
465 2579 576 2614 filium
596 2577 730 2613 habita.
820 2578 880 2614 Vs.
899 2578 934 2613 4.
959 2577 1074 2628 Fors.]

106 2707 151 2740 17)
179 2708 238 2732 Hoc
258 2709 342 2733 schol.
364 2709 391 2733 in
414 2710 464 2734 Ed.
486 2711 563 2736 1546.
596 2709 757 2741 exhibetur3
785 2709 811 2734 in
838 2711 922 2735 Editt.
942 2711 1017 2735 1540.
1032 2711 1072 2741 B..

140 2743 233 2768 1543..
257 2744 349 2771 1548„
372 2746 446 2769 1551.
468 2746 554 2770 deest.

502 89 791 134 ENARRATIO
828 92 1196 132 COMOEDIARUM
1226 92 1472 130 TERENTII.

1528 91 1563 129 5.
1590 92 1833 131 HECYRAE.
2059 97 2137 133 766

1110 179 1228 214 Bona
1248 182 1392 215 fortuna
1415 188 1477 215 est.

1126 233 1291 268 verbum.

1127 291 1236 329 portu
1247 298 1304 320 ne.

1596 181 1656 216 Vs.
1674 183 1709 217 6.
1736 180 1858 230 Dia-22]
1882 183 2132 219 perorationis

1420 232 1480 268 Vs.
1511 233 1567 267 16.
1606 237 1673 268 Per
1701 233 1863 283 tempus]
1900 236 1935 269 id
1964 243 2034 282 est,
2076 249 2140 281 op-

1346 356 1458 389 Actus
1476 353 1536 390 IV.
1559 354 1672 388 Scena
1689 354 1747 390 lv.
1770 356 1920 400 Argum.

1232 422 1366 457 Natum
1395 435 1547 468 puerum
1572 421 1711 458 Laches
1738 424 1922 463 resciscit;
1964 424 2138 470 Pamphi-

1128 475 1203 508 lum
1225 476 1269 508 ad
1294 476 1539 520 recipiendam
1567 489 1613 509 ux
1626 488 1719 509 orem
1738 477 1848 510 ambo
1870 489 1971 511 senes
1989 475 2139 511 hortan-

1130 534 1208 567 tur,
1236 527 1295 560 ille
1313 534 1438 571 negat;
1464 528 1664 561 meretricis
1684 540 1846 561 amorem
1866 528 2006 562 incusat
2024 536 2137 574 pater.

1233 578 1293 613 Vs.
1322 580 1354 613 1.
1401 581 1480 614 Tibi
1505 577 1662 626 quoque]
1695 580 1932 614 Transfertur
1964 581 2066 626 culpa
2102 583 2138 615 in

1130 631 1278 664 alteram
1307 643 1430 666 anum.
1501 633 1716 666 Ostenditur
1747 640 1782 666 et
1814 633 1920 666 matri
1955 640 1991 666 et
2019 633 2140 667 socrui

1130 695 1203 716 esse
1249 683 1382 723 iratus,
1431 686 1527 729 quod
1574 684 1644 717 filia
1685 697 1701 716 a
1747 685 1878 718 marito
1925 685 2139 719 discesserit.

1128 734 1188 768 Vs.
1211 735 1267 768 10.
1294 733 1519 783 NIyrrhiua]
1549 736 1747 769 Traductio
1767 736 1939 771 criminis.
1996 737 2054 771 Vs.
2080 737 2140 771 13.

1130 784 1228 834 Eyo.]
1258 787 1388 821 Gravis
1414 788 1590 822 orationis
1609 788 1764 822 initium.
1871 788 1930 824 Vs.
1956 789 2012 823 16.
2038 792 2140 824 Acci-

1127 841 1205 882 pias
1238 837 1420 887 pnerum.]
1473 840 1562 874 Nam
1610 840 1711 872 liberi
1750 847 1888 885 patrem
1927 849 2140 887 sequuntur.

1130 890 1262 925 Vs.21.
1289 894 1358 926 Sed
1373 894 1456 937 quid
1472 890 1658 940 nudior-is]
1681 890 1933 937 Reprehensio
1954 905 2032 926 cum
2056 906 2140 927 con-

1130 949 1282 988 temptu.
1411 944 1470 978 Vs.
1488 944 1549 980 29.
1583 941 1705 991 Persa]
1742 944 1901 989 Urgetur
1923 943 2137 990 Pamphilus

1129 996 1233 1039 pueri
1266 996 1464 1031 mentione.
1628 996 1688 1030 Vs.
1715 996 1775 1030 33.
1821 999 1942 1037 Pater,
1983 1000 2015 1031 εἰ
2048 995 2140 1045 illm]

1131 1047 1297 1081 Tandem
1333 1048 1439 1081 aliam
1474 1048 1612 1082 dissidii
1647 1061 1790 1082 causam
1820 1057 2048 1084 commentus
2077 1057 2141 1084 est.

1130 1099 1191 1133 Vs.
1209 1100 1269 1135 38.
1294 1098 1442 1148 Muten]
1471 1102 1502 1133 A
1522 1101 1749 1134 derivatione
1767 1113 1906 1136 causae.
2002 1101 2064 1136 Vs.
2080 1102 2141 1137 44.

1136 1155 1233 1186 saror
1252 1154 1333 1198 quid
1344 1153 1474 1196 faciat,
1506 1151 1574 1200 im]
1601 1153 1635 1186 id
1656 1159 1726 1193 est,
1754 1166 1830 1186 mea
1858 1165 1950 1187 uxor
1976 1154 2062 1199 quid
2083 1167 2141 1188 ve-

1132 1206 1173 1238 lit
1197 1206 1313 1238 facere
1341 1207 1376 1238 iu
1402 1218 1533 1244 manu,
1575 1204 1644 1239 hoc
1671 1212 1740 1245 est,
1776 1212 1952 1250 potestate
1974 1218 2037 1239 sua
2066 1219 2140 1240 non

1133 1256 1261 1295 habet3
1290 1259 1487 1291 secundum
1509 1256 1593 1298 hos,
1621 1259 1790 1298 aderam,
1815 1258 1915 1292 cuius
1931 1258 2082 1292 consilio
2103 1271 2143 1292 ea

1134 1321 1199 1354 par
1216 1309 1332 1343 fuerat
1351 1310 1509 1356 prospici
1528 1310 1586 1356 ¹³).
1692 1309 1753 1344 Vs.
1774 1308 1834 1345 45.
1860 1314 1997 1345 IVeuira
2017 1313 2052 1344 ἱη
2072 1308 2143 1358 re.]

1133 1361 1319 1395 Promittit
1338 1362 1546 1396 facilitatem
1566 1375 1679 1396 suam.
1803 1362 1862 1396 Vs.
1880 1361 1942 1396 55.
1972 1365 2143 1404 Prirnum,

1135 1415 1190 1448 ubi
1208 1411 1324 1462 hano]
1342 1414 1511 1448 Extrema
1535 1415 1754 1448 conflictatio
1776 1416 1965 1460 epitaseos.
2014 1415 2145 1449 Vs.61.

1134 1468 1331 1512 Aliquando
1348 1467 1515 1512 tandem]
1545 1468 1599 1500 Ab
1619 1473 1699 1500 ante
1717 1467 1816 1502 actis.
1892 1466 1953 1501 Vs.
1971 1467 2031 1502 64.
2050 1465 2146 1515 Eye']

1134 1519 1237 1563 Agit,
1267 1520 1329 1564 qui
1351 1520 1527 1553 instanter
1544 1519 1653 1564 petit;
1685 1526 1783 1559 orat,
1813 1519 1876 1566 qui
1892 1520 2045 1554 demisse
2064 1532 2146 1565 pre-

1136 1577 1249 1606 catur.
1376 1571 1437 1606 γε.
1456 1571 1516 1607 72.
1545 1575 1676 1606 Testem
1700 1568 1821 1619 hana]
1853 1571 1999 1606 Testem
2027 1579 2146 1612 vocat,

1135 1635 1211 1656 non
1238 1624 1514 1669 impeditricem.
1652 1624 1712 1658 Vs.
1734 1624 1794 1658 76.
1827 1626 1942 1658 Reduc
1966 1621 2144 1671 umorem]

1136 1674 1274 1709 Relicta
1314 1677 1524 1722 quaestione
1568 1677 1611 1709 ad
1650 1689 1726 1710 rem
1764 1676 1869 1710 redit.
2016 1676 2058 1711 V.
2083 1676 2144 1712 79.

1139 1729 1301 1762 Omnibus
1325 1729 1460 1773 modes]
1489 1728 1626 1761 Anxius
1647 1726 1861 1772 Pamphilus
1888 1728 2065 1767 abscedit,
2100 1741 2146 1761 ne

1136 1792 1211 1812 rem
1230 1780 1370 1824 aperire
1389 1786 1549 1823 cogatur.
1612 1779 1671 1814 Vs.
1691 1779 1751 1814 88.
1778 1777 1902 1827 Haec]
1931 1780 2145 1813 Pellicatum

1136 1831 1271 1865 scilicet
1302 1838 1336 1865 et
1361 1832 1591 1866 adulterium.
1724 1831 1772 1865 Vs
1791 1831 1851 1866 94.
1888 1834 1979 1873 Quid
2001 1831 2140 1880 ayas?]

1136 1883 1248 1916 Poeta
1266 1884 1410 1917 festinat
1430 1885 1474 1916 ad
1494 1896 1614 1917 rerum
1635 1884 1893 1928 cognitionem.
2000 1884 2060 1919 Vs.
2081 1884 2143 1919 98.

1140 1934 1328 1983 Vicinum]
1360 1936 1517 1971 Honeste
1535 1936 1642 1977 dixit,
1670 1943 1709 1969 ut
1730 1937 1803 1970 seni
1829 1936 2009 1980 congruit.

1365 2023 1475 2057 Actus
1492 2021 1535 2056 V.
1562 2022 1674 2056 Scena
1695 2021 1737 2056 V.
1762 2022 1914 2067 Argum.

1238 2088 1389 2126 Bacchis
1414 2098 1448 2125 et
1466 2089 1605 2125 Laches
1624 2091 1895 2137 colloquuntur.
1950 2089 2017 2124 Hic
2038 2090 2136 2123 illam

1134 2150 1296 2184 accusat,
1325 2145 1423 2189 quod
1442 2145 1486 2177 ad
1502 2156 1537 2177 se
1555 2143 1705 2188 recipiat
1721 2143 1854 2181 filium3
1891 2143 1952 2176 illa
1971 2150 2140 2176 constan-

1135 2201 1188 2227 ter
1207 2202 1325 2240 negat.
1380 2195 1505 2229 Mitem
1535 2202 1654 2230 autem
1681 2208 1823 2236 senem,
1853 2202 1887 2229 et
1911 2195 2138 2229 meretricem

1134 2247 1443 2287 bonam>inducit;
1473 2255 1507 2281 et
1525 2247 1664 2282 occasio
1682 2254 1733 2282 est
1753 2245 2012 2293 catastrophes.

1236 2298 1297 2334 Vs.
1320 2301 1352 2335 1.
1384 2304 1463 2336 Non
1488 2301 1603 2335 hoerle
1621 2298 1759 2348 nihilo]
1789 2300 1941 2334 Occasio
1966 2305 2139 2333 catastro-

1133 2349 1232 2395 phes.
1358 2352 1419 2387 Vs.
1440 2353 1473 2387 6.
1506 2355 1612 2388 Credo
1634 2354 1800 2397 aedepol]
1837 2352 1935 2385 Lene
1965 2358 1999 2384 et
2030 2349 2137 2383 molle

1132 2404 1373 2448 prooemium.
1488 2404 1548 2438 Vs.
1568 2406 1601 2440 8.
1629 2407 1762 2452 Quoque
1785 2402 1921 2451 etiam]
1950 2401 2137 2450 παρέλκων

1132 2456 1290 2491 tertium.
1414 2456 1471 2491 Vs.
1495 2458 1552 2491 10.
1582 2460 1625 2493 Si
1648 2470 1727 2491 vera
1748 2454 1865 2504 dicis]
1894 2454 2137 2500 Ambiguitas.

1130 2507 1189 2542 Vs.
1217 2510 1275 2543 ll.
1327 2512 1417 2544 Nam
1449 2512 1553 2544 etiam
1588 2506 1732 2556 aetate]
1778 2509 1906 2542 Cautio
1956 2504 2137 2541 Lachetis.

1131 2560 1188 2595 Vs.
1211 2560 1269 2596 14.
1296 2561 1496 2610 Inscitum]
1526 2563 1558 2595 id
1579 2569 1648 2601 est,
1680 2563 1859 2605 inelegans
1879 2567 1941 2594 est.
1997 2559 2055 2593 Vs.
2078 2557 2138 2591 17.

1168 2713 1212 2744 18)
1232 2712 1291 2735 Hoc
1327 2708 1414 2733 schol.
1432 2709 1525 2733 exstat
1540 2707 1565 2732 in
1581 2707 1630 2732 Ed.
1650 2706 1740 2737 1546.;
1761 2707 1793 2730 ab
1810 2705 1894 2730 Editt.
1910 2704 1985 2728 1540.
1997 2704 2036 2729 B..
2058 2701 2146 2731 1543..

1201 2747 1292 2773 2518..
1318 2746 1391 2770 1551.
1416 2746 1503 2768 abest.
