2341 2973
199 177 385 224 ponticum
424 175 477 207 vel
507 172 769 208 rhabarbarum
802 188 983 209 vocamus.
1060 173 1100 207 Id
1136 172 1193 208 bit

198 229 376 268 nascitur,
419 226 509 260 sicut
534 238 598 270 ego
623 225 766 270 Lipsiae
796 227 881 261 vidi.
951 226 1193 259 Ceutaureum

198 281 318 314 minus
334 284 482 311 vocatur
499 277 712 312 Germanice
732 278 1019 321 tausentgulden.
1072 276 1119 310 Et
1142 277 1194 309 di-

199 333 290 365 citur
313 336 543 363 centaureum
570 330 673 369 inde,
709 331 804 375 quod
835 330 909 363 eius
935 340 1086 372 magnus
1111 341 1195 362 usus

198 389 250 417 est
273 382 311 414 in
335 381 503 414 curandis
528 381 747 414 vulneribus.
804 380 1047 414 Centaureum
1076 379 1195 414 miuus

197 435 305 468 etiam
330 430 551 466 Chironeum
586 438 756 470 vocatur,
802 432 885 477 quia
919 432 1042 464 dicunt
1067 429 1195 464 Chiro-

196 497 299 524 nem,
334 490 602 528 praeceptorem
626 480 796 522 Achillis,
839 489 1031 516 eentaureo
1054 495 1195 516 curasse

196 549 259 572 sua
286 536 448 567 vulnera.
519 533 714 578 Utriusque
748 534 929 568 centaurei
961 541 1012 568 est
1044 546 1195 577 magnus

197 599 281 622 usus
298 586 334 618 in
351 585 569 629 glutinandis
585 585 804 618 vulneribus.
876 585 1067 619 Praeterea
1091 585 1129 618 in
1145 587 1195 618 se-

195 639 319 673 hribus
339 636 533 669 maximam
554 635 625 667 vim
644 633 789 669 habent.

300 687 359 721 Vs.
386 687 474 722 271.
514 688 661 732 Amello]
695 687 822 721 Nullus
846 693 898 722 est
922 691 1093 731 scriptor,
1133 687 1195 732 qui

195 741 305 774 faciat
329 739 553 771 mentionem
577 736 683 772 buius
706 738 806 772 floris
830 746 976 782 excepto
995 738 1193 772 Columella

196 799 230 826 et
244 789 411 833 Virgilio.
466 789 682 823 Hermolaus
698 789 882 823 Barbarus
900 796 1002 834 putat
1018 801 1091 822 esse
1116 801 1195 833 spe—

197 845 285 877 ciem
304 841 625 885 camamyllorum,
655 853 746 886 quae
768 846 910 873 vocant.

299 892 360 926 Vs.
379 890 466 927 275.
498 889 627 939 Violcee]
657 893 693 925 id
712 898 781 933 est,
809 892 894 925 folia
914 891 1102 925 imitantur
1118 891 1195 924 vio-

198 947 268 987 las,
297 956 389 988 quae
410 949 493 976 sunt
510 955 725 987 purpureae.

299 994 360 1028 Vs.
379 994 466 1030 276.
499 991 702 1041 Torqm'bus]
731 995 764 1027 id
785 1001 856 1033 est,
884 993 1040 1027 coronis.

299 1046 360 1079 Vs.
378 1046 466 1081 277.
494 1048 606 1089 Asper
624 1049 660 1079 in
681 1058 738 1079 ore
761 1046 878 1089 sapor]
906 1045 998 1077 Octo
1026 1049 1109 1079 sunt
1134 1056 1196 1088 ap-

198 1099 411 1144 pellationes
449 1108 648 1140 saporum,
698 1108 789 1142 quae
827 1102 910 1130 sunt
944 1097 1126 1139 regulares
1162 1101 1197 1128 et

197 1149 421 1196 praecipuae.
478 1149 512 1182 1.
540 1148 684 1189 Dulcis,
712 1148 847 1182 Graece
867 1145 1025 1195 γλυκὺς,
1050 1154 1090 1181 ut
1114 1147 1195 1187 mel,

197 1203 334 1235 vinum.
403 1202 437 1235 2.
464 1199 633 1243 Pinguis,
670 1200 778 1244 vulgo
802 1206 1019 1240 ominosas,
1060 1199 1195 1233 Graece

198 1249 369 1298 λιπαρὸς,
404 1257 443 1285 ut
469 1252 607 1292 oleum,
634 1252 817 1297 butyrum.
872 1251 907 1284 3.
936 1250 1110 1291 Amarus,
1137 1262 1196 1284 πι-

197 1303 306 1350 κρὸς,
334 1303 536 1338 contrarius
552 1303 667 1344 dulci,
691 1310 731 1337 ut
749 1304 812 1343 sel,
839 1302 988 1336 nitrum.
1032 1301 1068 1336 4.
1092 1303 1196 1341 Acer,

199 1356 335 1390 Graece
353 1351 508 1399 δριμὺς,
536 1361 575 1388 ut
592 1355 714 1400 piper,
743 1355 910 1388 zinziber.
964 1351 1000 1388 5.
1027 1354 1197 1392 Acerbus,

201 1407 308 1450 vulgo
325 1405 509 1446 Ponticus,
537 1407 621 1439 item
641 1407 815 1451 stipticus,
843 1406 980 1439 Graece
998 1403 1198 1451 στρυφνὸς,

200 1465 241 1492 ut
260 1457 372 1490 acatia
392 1459 496 1491 sorba
511 1484 521 1497 ,
548 1458 583 1490 id
603 1465 674 1498 est,
702 1471 809 1503 poma
836 1457 1050 1497 immatura,
1077 1468 1197 1489 nuces.

202 1510 237 1544 6.
265 1508 417 1549 Acidus,
446 1510 582 1543 Graece
602 1507 706 1554 ὀξὺς,
732 1510 840 1553 vulgo
860 1515 1039 1548 acetosus,
1067 1513 1199 1541 utace-

202 1568 278 1594 tosa
296 1558 421 1593 herba.
477 1560 510 1594 7.
537 1561 731 1601 Austerus,
759 1558 896 1594 Grae'ce
916 1557 1121 1605 αὐστηρὸς,
1148 1564 1200 1592 est

204 1612 344 1644 vicinus
362 1611 512 1651 acerbo,
539 1618 580 1645 ut
595 1618 678 1645 sunt
694 1612 777 1645 vina
797 1618 950 1645 austera.
1005 1611 1040 1644 8.
1068 1610 1199 1650 salsus,

202 1660 369 1708 ἆλμυρὲς
385 1662 541 1701 Graece,
570 1669 635 1696 etc.

304 1713 365 1747 Vs.
381 1714 469 1749 278.
497 1711 703 1761 Mellae¹⁷)]
728 1713 761 1746 id
781 1720 852 1753 est,
880 1712 1008 1746 Gallici
1030 1712 1200 1746 fluminis.

303 1765 363 1798 Vs.
382 1766 469 1800 281.
497 1767 566 1800 Sed
585 1768 616 1798 si
633 1766 744 1811 quem]
768 1764 818 1798 De
835 1764 1060 1797 restitutione
1080 1776 1200 1808 apum,

201 1817 347 1862 quando
369 1817 511 1861 penitus
527 1817 701 1849 extinctae
718 1823 812 1850 sunt.
875 1815 992 1848 Etiam
1018 1816 1055 1848 iu
1081 1815 1201 1860 parvis

202 1869 307 1902 rebus
334 1868 510 1901 mirabilis
530 1868 758 1912 providentia
782 1867 850 1900 Dei
880 1867 1119 1912 conspicitur,
1162 1873 1203 1900 ut

204 1921 465 1953 admoneamur
495 1917 588 1952 hanc
623 1926 790 1952 naturam
824 1931 898 1952 non
925 1919 1078 1953 extitisse
1108 1931 1201 1952 casu.

203 1970 260 2003 Sic
279 1972 453 2016 quaedam
473 1971 687 2004 animalcula
706 1977 902 2005 nascuntur
930 1971 1087 2004 mirabili
1114 1983 1202 2017 quo—

205 2022 288 2054 dam
309 2023 436 2062 modo,
464 2029 503 2056 ut
527 2035 610 2067 apes
637 2035 677 2056 ex
703 2035 787 2056 rore
814 2023 985 2062 collecto,
1020 2023 1077 2056 cui
1104 2023 1202 2055 incu-

205 2074 294 2105 bant
328 2073 365 2105 in
400 2074 470 2107 suis
508 2075 756 2115 domunculis,
802 2074 893 2108 sicut
924 2074 1076 2117 gallinae
1114 2074 1202 2105 ovis.

205 2123 291 2157 lnde
324 2125 482 2158 nascitur
513 2126 669 2169 primum
702 2126 848 2172 quidam
880 2125 1115 2164 vermiculus,
1162 2136 1203 2156 ex

205 2188 278 2220 quo
298 2182 419 2219 postea
439 2177 475 2208 fit
493 2177 580 2220 apis.
639 2176 707 2210 lsta
734 2183 786 2210 est
809 2176 992 2210 ordinaria
1018 2175 1202 2219 generatio

206 2239 328 2271 apum.
382 2227 528 2259 Praeter
545 2226 637 2261 hanc
655 2236 706 2262 est
726 2227 1033 2267 extraordinaria,
1066 2227 1128 2261 ubi
1154 2226 1204 2258 vi-

207 2278 337 2311 delicet
360 2290 444 2322 apes
470 2286 663 2312 nascuntur
688 2293 729 2313 ex
750 2281 841 2312 bove
864 2280 1083 2324 putrefacto,
1121 2291 1203 2312 con-

208 2330 300 2362 iecto
318 2329 355 2361 in
377 2330 531 2374 aliquem
557 2331 674 2363 locuni
701 2332 880 2371 clausum,
916 2330 979 2363 ubi
1006 2330 1119 2375 putris
1145 2343 1204 2362 va-

208 2393 277 2424 por
294 2392 369 2413 non
386 2387 502 2425 potest
519 2380 695 2415 exhalare.
749 2383 817 2414 Sed
838 2382 884 2415 ibi
910 2389 994 2416 sunt
1018 2383 1203 2415 addendae

209 2430 341 2464 herbae
361 2434 561 2477 quaedam,
589 2440 628 2465 ut
653 2431 797 2478 thymus
824 2434 956 2474 casiae,
989 2440 1029 2467 ut
1054 2434 1117 2468 iste
1144 2445 1203 2466 va-

209 2489 524 2527 portemperetur.
576 2484 693 2524 Haec,
729 2484 818 2517 sicut
841 2485 1001 2529 proxime
1025 2486 1117 2526 dixi,
1153 2490 1204 2518 est

211 2531 450 2577 pulcherrima
470 2535 587 2579 imago
606 2542 639 2569 et
657 2537 793 2580 pictura
812 2535 1010 2576 Ecclesiae,
1038 2548 1129 2583 quae
1152 2542 1203 2570 est

211 2590 296 2617 nata
322 2598 362 2617 ex
385 2586 475 2620 bove
499 2594 677 2629 mactato,
712 2587 749 2621 id
767 2593 837 2628 est,
872 2600 913 2620 ex
930 2586 1072 2622 Christo
1091 2588 1202 2623 cruci-

249 2702 295 2734 17)
314 2702 435 2735 Mellae]
456 2704 497 2728 sic
515 2705 564 2730 Ed.
580 2705 672 2737 1544.;
694 2705 745 2731 Ed.
764 2705 901 2737 wagner.
921 2706 1034 2732 Mellea.

945 88 1058 123 MEL.
1090 88 1293 124 SCRIPTA
1328 87 1667 124 PHILOLOGICA.

2172 91 2248 128 428

1248 175 1331 208 fixo.
1384 173 1432 207 Et
1448 174 1538 208 sicut
1555 186 1637 219 apes
1656 173 1769 208 halitu
1788 181 1822 208 et
1836 175 1994 208 mirabili
2015 176 2172 210 stridore
2196 177 2248 210 vi-

1248 227 1393 259 vificant
1408 238 1491 260 suos
1509 226 1642 270 pullos:
1672 226 1720 259 ita
1738 226 1893 260 Ecclesia
1912 227 2037 260 crescit
2060 228 2182 262 sonitu
2210 235 2247 262 et

1249 279 1372 312 verbo.
1425 277 1553 311 Postea
1573 290 1615 311 ex
1632 278 1731 324 equis
1748 284 1944 311 nascuntur
1971 279 2182 320 crabrones,
2210 279 2249 313 id

1249 335 1322 369 est,
1351 341 1392 362 ex
1410 326 1553 361 heroica
1572 329 1759 363 nobilitate
1776 329 1874 362 venit
1891 330 2046 374 degener
2064 330 2250 372 nobilitas,

1249 382 1286 413 in
1303 393 1371 426 qua
1391 392 1465 413 non
1482 386 1533 414 est
1550 380 1662 414 virtus
1688 380 1747 413 illa
1772 381 1973 421 maiorum,
2008 381 2099 415 sicut
2121 381 2250 416 videtis

1249 444 1290 465 ex
1325 432 1638 476 praestantissimis
1661 432 1881 476 principibus
1905 438 2009 465 natos
2033 444 2106 465 esse
2131 430 2251 465 homi-

1249 495 1311 517 nes
1330 483 1591 527 ignavissimos.
1642 481 1697 515 llli
1713 485 1904 517 crabrones
1923 489 2006 517 sunt
2020 482 2158 516 inimici
2173 483 2250 528 api-

1249 535 1332 574 bus,
1361 535 1443 580 quia
1457 534 1612 568 Ecclesia
1629 531 1737 567 habet
1752 534 1911 578 duplices
1928 532 2066 574 hostes,
2095 534 2251 568 Centau-

1248 598 1308 619 ros
1332 592 1366 619 et
1393 583 1611 630 hypocritas.
1682 584 1853 628 Centauri
1878 591 1961 618 sunt
1985 586 2153 630 tyranni,
2187 585 2252 631 qui

1249 637 1436 670 manifesta
1460 637 1497 669 vi
1519 642 1751 680 oppugnant,
1782 642 1822 669 ut
1843 635 1962 676 Nem,
1997 642 2063 670 etc.
2124 635 2251 682 Hypo·

1249 688 1359 721 critae
1376 694 1459 721 sunt
1473 685 1641 720 monachi
1660 693 1695 720 et
1714 687 1866 727 similes,
1903 687 1966 732 qui
1988 693 2113 720 serunt
2137 687 2250 732 impia

1249 740 1418 783 dogmata
1431 766 1439 779 ,
1467 744 1502 772 et
1517 738 1717 772 adsciscunt
1733 738 1799 772 sibi
1819 736 2003 772 cohortem
2016 764 2026 779 ‚
2053 744 2093 771 ut
2111 738 2252 782 possint

1249 791 1341 823 tueri
1356 802 1457 824 suam
1477 790 1697 834 impietatem
1711 816 1720 829 ,
1752 790 1835 836 quia
1853 788 1959 824 Iudas
1980 801 2121 833 semper
2142 787 2252 824 habet

1248 854 1350 875 suam
1369 839 1567 875 cohortem.
1620 841 1720 875 Talis
1738 839 1867 875 cohors
1889 847 1942 875 est
1967 842 2122 884 degener
2145 841 2251 874 nobi-

1249 892 1342 926 litas.
1382 892 1436 925 Ex
1452 893 1560 926 asinis
1576 899 1773 926 nascuntur
1788 893 1961 933 scarabei,
1989 892 2041 925 illi
2058 892 2126 937 ipsi
2142 892 2251 937 signi-

1249 944 1357 977 ficant
1373 941 1578 989 hypocritas
1597 950 1632 977 et
1655 942 1864 978 monachos.
1916 943 1965 977 Et
1986 945 2111 977 dicunt.
2132 956 2251 978 scara-

1249 995 1357 1029 beum
1384 1007 1458 1029 esse
1485 1007 1627 1040 pugnax
1657 996 1812 1035 animal,
1853 1002 2035 1028 armatum
2067 995 2251 1037 cornibus,

1250 1046 1286 1079 id
1305 1053 1357 1080 est
1369 1072 1377 1086 ,
1405 1059 1447 1079 ex
1464 1044 1661 1092 hypocritis
1678 1047 1775 1080 venit
1790 1047 1883 1080 istud
1900 1059 2010 1091 genus
2032 1047 2251 1091 persecutio-

1249 1110 1357 1138 num,
1386 1099 1483 1143 quod
1508 1098 1619 1131 multo
1644 1098 1758 1142 magis
1786 1104 1891 1131 nocet
1908 1098 2105 1138 Ecclesiae,
2139 1110 2249 1144 quam

1251 1149 1434 1184 Centauri.
1488 1149 1541 1183 Ex
1556 1156 1701 1183 mortuo
1721 1147 1864 1197 Christo
1882 1151 2074 1183 evolarunt
2091 1149 2251 1194 ingentia

1251 1202 1394 1246 agmina
1416 1213 1544 1246 apum,
1573 1201 1610 1234 id
1636 1207 1707 1241 est,
1735 1201 1971 1245 Evangelium
1991 1199 2126 1235 Christi
2149 1212 2252 1246 spat-

1251 1266 1329 1287 sum
1349 1259 1401 1286 est
1418 1265 1482 1298 per
1501 1259 1615 1286 totum
1636 1254 1758 1286 orbem
1778 1259 1969 1288 terrarum.

1353 1303 1413 1336 Vs.
1431 1305 1519 1338 283.
1555 1307 1700 1336 Arcadii
1725 1306 1898 1345 mayfotri]
1927 1305 1962 1334 id
1987 1311 2058 1341 est,
2083 1302 2253 1338 Aristaei.

1250 1354 1336 1388 Fuit
1352 1354 1459 1388 etiam
1477 1366 1569 1387 uuus
1586 1366 1627 1387 ex
1644 1353 1958 1398 praestantissimis
1975 1351 2124 1385 ducibus
2140 1351 2254 1384 Grae-

1252 1407 1349 1446 ciae,
1378 1419 1485 1452 quem
1504 1406 1627 1439 dicunt
1644 1404 1821 1438 iuvenisse
1839 1404 1958 1437 niella.
2010 1402 2095 1436 Fuit
2118 1402 2253 1448 aliquis

1253 1458 1400 1492 celebris
1420 1458 1603 1502 princeps,
1632 1457 1694 1501 qui
1715 1468 1770 1489 res
1788 1467 1935 1499 magnas
1952 1454 2080 1499 gessit,
2106 1454 2175 1488 fuit
2196 1466 2252 1488 sa-

1253 1511 1356 1555 piens
1374 1510 1606 1553 gubernator.

1355 1561 1416 1594 Vs.
1434 1559 1521 1595 285.
1552 1560 1699 1603 Tederit]
1728 1559 1763 1591 id
1783 1564 1852 1599 est,
1878 1557 2123 1603 progenuerit.

1358 1612 1419 1646 Vs.
1435 1612 1524 1648 287.
1566 1614 1657 1645 Nam
1684 1608 1769 1657 qua]
1805 1610 1840 1642 id
1876 1617 1946 1650 est,
1986 1608 2056 1643 boc
2089 1609 2182 1643 solet
2214 1607 2254 1642 in

1254 1664 1418 1709 Aegypto
1451 1663 1540 1697 fieri.
1670 1663 1814 1706 Canopi]
1850 1661 1985 1696 Civitas
2013 1661 2049 1694 in
2077 1660 2255 1705 Aegypto.

1256 1713 1444 1763 Pellei¹⁸)]
1476 1716 1600 1753 idest,
1627 1713 1883 1753 Alexandrini,
1918 1713 1974 1746 vel
1999 1712 2119 1757 potius
2136 1711 2253 1745 Mace-

1255 1767 1376 1800 donici
1389 1794 1398 1807 ,
1426 1767 1486 1799 ubi
1504 1772 1744 1809 regnaverunt
1762 1764 1985 1798 Macedonici
2005 1777 2104 1809 reges
2119 1763 2191 1797 orti
2212 1775 2256 1796 ex

1255 1819 1376 1858 Pella,
1404 1817 1538 1862 oppido
1556 1817 1802 1850 Macedoniae.
1856 1815 1931 1849 Illic
1954 1828 2100 1862 quoque
2127 1827 2255 1859 regna-

1256 1870 1568 1909 vitl‘tolemaeus,
1597 1870 1661 1902 der
1679 1869 1735 1901 ein
1755 1869 1890 1901 bastart
1903 1866 2060 1912 Philippi
2078 1868 2121 1900 ist
2136 1878 2255 1910 gewe·

1255 1934 1330 1955 sen.
1383 1922 1549 1965 Regnum
1566 1921 1739 1965 Aegypti,
1775 1919 1819 1953 ist
1846 1919 1902 1951 die
1930 1925 2009 1963 zeyt
2032 1920 2096 1952 (las
2121 1917 2256 1961 gewal-

1257 1973 1359 2016 tigest
1391 1985 1541 2014 reguum
1573 1984 1740 2014 gewesen
1774 1971 1889 2001 neben
1923 1971 1993 2001 ‹lc-n
2018 1966 2255 2009 Monarchiis,

1256 2026 1347 2058 sicut
1363 2022 1470 2056 bodie
1493 2034 1641 2065 reguum
1662 2020 1813 2053 Galliae.

1362 2074 1422 2108 Vs.
1440 2073 1527 2109 289.
1564 2073 1720 2106 Phaselis
1733 2069 1800 2118 19)]
1839 2070 1873 2103 id
1898 2077 1970 2111 cst,
2005 2070 2173 2105 lintribus
2197 2071 2256 2105 vel

1258 2126 1405 2171 cymbis.
1485 2127 1558 2159 Sua
1580 2124 1681 2167 rura]
1712 2124 1803 2167 Quia
1825 2122 1860 2155 in
1876 2124 2040 2168 Aegypto
2059 2135 2132 2155 non
2151 2123 2255 2167 pluit,

1257 2178 1347 2211 sicut
1363 2179 1399 2210 in
1412 2176 1697 2209 Deuteronomio
1717 2175 1822 2207 etiam
1843 2175 2055 2215 ostenditur,
2081 2175 2141 2208 sed
2151 2175 2254 2209 Nilus

1258 2230 1363 2263 certis
1389 2227 1610 2271 temporibus
1636 2228 1813 2266 exundat,
1857 2233 1891 2259 ct
1913 2227 1981 2260 illis
2002 2226 2255 2260 exundationi-

1258 2282 1323 2314 bus
1349 2287 1442 2313 terra
1466 2280 1640 2312 foecunda
1668 2280 1716 2312 sit.
1787 2277 1971 2311 Interdum
1997 2290 2070 2311 non
2097 2279 2255 2311 exundat

1258 2332 1359 2367 Nilus
1377 2344 1441 2365 suo
1460 2337 1641 2375 tempore,
1675 2337 1710 2363 et
1735 2336 1817 2363 tunc
1840 2331 1951 2364 fames
1980 2329 2181 2375 impendet,
2213 2335 2254 2362 ut

1259 2383 1480 2427 temporibus
1509 2380 1648 2426 loscplii
1675 2388 1709 2415 ct
1734 2382 1896 2416 Traiani.
1962 2381 2026 2415 Est
2054 2381 2160 2426 plane
2184 2377 2253 2414 hoc

1258 2435 1470 2467 miraculum
1497 2435 1672 2468 divinum.
1742 2435 1829 2467 Post
1853 2433 2061 2467 Caniculam
2089 2445 2169 2466 cum
2199 2438 2252 2466 est

1257 2499 1394 2520 summa
1427 2487 1573 2520 ariditas
1610 2486 1644 2518 in
1678 2486 1843 2520 omnibus
1874 2485 1981 2525 locis,
2031 2490 2116 2518 tunc
2148 2483 2252 2518 Nilus

1257 2540 1433 2579 exundat,
1484 2544 1517 2571 et
1550 2538 1674 2581 irrigat
1705 2550 1826 2582 agros,
1871 2537 2032 2569 videlicet
2068 2536 2131 2570 illo
2163 2541 2251 2570 tem·

1293 2661 1338 2692 18)
1362 2661 1464 2689 Penei]
1484 2659 1524 2684 sic
1542 2661 1592 2684 Ed.
1607 2659 1698 2689 ¹544.·,
1724 2659 1773 2682 Ed.
1793 2659 1931 2689 wagner.
1956 2658 2074 2684 Pellaei.

1292 2704 1337 2732 19)
1357 2703 1503 2732 Phaselis]
1523 2703 1563 2726 sic
1582 2703 1630 2727 12:11.
1648 2703 1741 2732 1544.;
1764 2701 1813 2725 Ed.
1834 2701 1974 2731 Wagner.
1993 2700 2106 2732 saccum
