2421 3005
77 90 155 130 425
537 88 759 124 LXXXVIII.

182 177 243 211 Vs.
261 175 350 211 234.
378 179 451 212 Aut
464 178 597 222 eadem]
626 177 792 211 Alterum
812 183 955 222 tempus
972 182 1024 210 est
1050 175 1089 208 in
1146 176 1291 220 Blattis]
1318 175 1481 216 Blattae‚
1505 183 1665 217 motten,

80 236 259 265 autumno
281 229 528 264 occidentibus
538 229 746 263 Pleiadibus
766 230 918 263 cosmice
936 227 1091 262 inOcto-

75 282 144 316 bri.
249 284 382 329 Aquosz'
408 283 537 328 Piscis]
563 281 600 314 id
628 288 698 322 est,
736 281 835 322 Ceti,
870 281 953 327 quia
982 280 1089 314 Cetus

81 333 198 368 oritur
216 340 251 367 et
268 334 399 368 occidit
417 346 498 368 cuin
514 333 734 368 Pleiadibus.

821 87 1110 125 ENARRATIO
1150 86 1438 123 GEORGICON
1475 88 1686 126 VIRGILII.

786 333 859 368 Alii
885 333 1091 377 intelligunt
1146 343 1188 364 ex
1212 344 1342 375 genere
1369 344 1492 377 apum.

2080 97 2156 134 426

1694 178 1868 224 quiddam
1895 181 2011 216 simile
2036 183 2156 220 tineis.

1147 227 1204 261 Sic
1221 227 1392 261 dicimus:
1421 226 1507 261 Illae
1525 227 1671 263 chartae
1690 238 1774 265 sunt
1792 245 1809 265 a
1825 233 1946 268 blattis
1973 247 2155 272 corrosae.

1242 278 1311 329 *Vs.
1332 278 1422 315 244.
1463 282 1633 316 Immanis
1653 282 1770 330 fucus]
1805 284 1922 321 Fucus
1946 294 1997 321 est
2022 287 2157 323 nothus

1546 335 1736 378 Immanis,
1773 336 1809 370 id
1835 344 1905 383 est,
1934 341 2065 384 gaudet
2089 341 2158 374 irn-

79 387 123 420 de
141 385 253 420 Notio
278 386 395 431 pisce,
431 386 515 432 quia
542 398 615 420 una
644 399 723 420 cum
743 386 951 419 Pleiadibus
975 385 1092 418 oritur
1116 394 1119 401 ¹
1145 383 1385 424 munitatem,
1413 385 1530 419 nullas
1546 386 1710 430 publicas
1729 400 1858 433 operas
1883 392 2056 433 sustinet,
2089 395 2158 426 im-

80 436 302 484 acronyche.
357 438 428 471 Sed
445 439 558 472 altera
586 439 762 484 expositio
789 445 841 472 est
867 437 982 483 magis
1010 449 1091 482 per-

79 490 218 536 spicua.

183 540 245 575 Vs.
269 538 359 576 235.
400 541 598 587 Hybernas]
633 548 674 576 ut
698 541 922 586 intelligatur
949 547 1091 585 tempus

79 592 261 627 Octobris.
317 592 400 626 Duo
420 599 503 626 sunt
518 599 682 637 tempora
710 594 947 634 mellationis,
976 605 1089 626 unum

79 651 132 679 est
147 650 229 690 post
245 650 364 678 ortum
386 645 580 678 cosmicum
598 644 810 685 Pleiadum,
835 646 989 679 alterum
1009 650 1093 689 post

80 708 247 731 occasum
266 697 462 730 cosmicum
485 697 688 731 Pleiadum.

184 747 246 783 Vs.
274 748 362 784 236.
405 751 467 783 Ira
488 751 621 783 modum
646 760 753 792 supra
776 748 842 793 est]
875 747 1090 782 Aristoteles
1116 751 1119 760 ¹

79 799 166 834 dicit
181 800 274 834 iram
291 813 364 835 esse
382 801 500 834 calcar
525 800 772 840 fortitudinis,
807 806 841 833 et
866 807 962 833 recte
992 799 1089 833 dicit.

77 852 163 888 Non
180 852 316 887 debetis
332 852 528 897 imaginari
547 864 673 887 omnes
691 852 839 886 affectus
857 865 930 886 esse
952 851 1089 896 simpli-

79 905 168 938 citer
183 911 218 938 et
234 917 300 950 per
319 917 355 939 se
373 905 534 940 vitiosos.
589 904 698 939 Multi
719 911 803 938 sunt
826 905 914 938 boni
940 905 1089 938 affectus

77 956 117 990 in
136 963 269 991 natura
288 962 323 990 et
340 955 509 1006 στοργαί.
562 957 621 991 Sic
643 957 832 991 iracundia
859 954 1007 990 heroica
1038 962 1090 990 est

76 1010 196 1044 bonus
216 1009 383 1050 affectus,
417 1009 534 1056 qualis
559 1009 732 1043 tribuitur
745 1007 891 1044 Achilli.
944 1008 991 1043 Et
1007 1009 1089 1042 Vir—

77 1061 184 1106 gilius
205 1062 250 1095 de
275 1061 398 1095 Aenea
426 1061 565 1108 inquit:
597 1062 733 1107 Magna
758 1074 794 1096 se
819 1061 994 1096 exuscitat
1020 1061 1088 1101 ira,

77 1119 142 1148 etc.

76 1164 129 1199 Ita
145 1166 294 1201 affectus
312 1166 350 1199 in
369 1179 500 1210 genere
518 1172 603 1200 sunt
620 1171 747 1210 jmotus
773 1166 880 1200 inditi
903 1165 1089 1200 divinitus.

77 1218 148 1252 Sed
164 1225 297 1252 natura
315 1225 439 1253 nostra
459 1225 512 1252 est
528 1218 658 1253 vitiosa
676 1225 711 1252 et
728 1219 951 1253 inordinata.

77 1370 165 1405 tiam
181 1370 399 1405 nesciebam.
453 1371 570 1405 Vocat
585 1371 914 1417 concupiscentiam
931 1369 1091 1413 ἀταξίαν

79 1423 243 1458 omnium
263 1422 457 1457 affectuum
477 1430 511 1457 et
527 1430 693 1458 motuum
712 1424 749 1458 in
766 1431 910 1459 natura.
951 1425 1089 1470 Quam-
1114 1453 1117 1476 Ι

79 1488 187 1524 quam
207 1474 318 1520 igitur
339 1482 392 1510 est
417 1476 499 1510 talis
523 1474 677 1519 ἀταξία,
713 1483 835 1511 tamen
867 1477 975 1511 etiarn
1005 1483 1089 1511 sunt
1114 1477 1118 1513 Ι

77 1528 183 1563 multi
198 1528 287 1561 boni
306 1528 475 1570 affectus,
504 1535 544 1562 ut
561 1536 753 1574 parentum
782 1543 864 1575 erga
891 1542 975 1565 suos
1000 1530 1088 1563 libe-

76 1595 156 1621 r0s;
184 1580 270 1613 item
289 1579 478 1614 iracundia
505 1581 677 1616 adversus
702 1583 980 1628 turpitudinem.
1034 1581 1087 1615 Ita

76 1634 131 1667 illi
148 1632 388 1673 animaculo,
417 1633 503 1678 quia
531 1633 638 1668 debet
664 1632 798 1669 habere
822 1634 1088 1676 fortitudinem,

79 1692 132 1720 est
151 1684 260 1719 etiam
280 1683 436 1718 inditum
455 1685 572 1718 calcar
586 1687 825 1722 fortitudinis.

179 1735 241 1770 Vs.
258 1735 346 1772 236.
379 1737 567 1782 Venenum]
594 1736 710 1772 Iratae
730 1751 813 1784 apes
832 1739 1015 1773 interdum
1033 1739 1088 1772 in-

77 1788 261 1822 terficiunt
288 1786 467 1823 homines.
537 1787 708 1834 Inprimis
739 1797 917 1836 appetunt
951 1792 1087 1825 olentes

76 1946 305 1980 diocritatem
325 1952 360 1979 et
381 1944 612 1980 munditiem.

181 1997 242 2030 Vs.
261 1997 350 2031 238.
391 1999 437 2030 In
468 1998 606 2030 vulnere
627 1996 776 2044 ponunt]
813 1999 891 2031 Hoc
917 2004 970 2031 est
995 1998 1087 2031 anti-

77 2060 190 2094 quum
210 2047 346 2081 dictum
362 2047 586 2082 Romanum.

74 2099 192 2140 mori,
218 2098 256 2132 id
275 2105 346 2139 est,
374 2099 470 2133 inter
485 2099 752 2145 praeliandum.
805 2101 851 2134 Et
869 2101 978 2135 illud:
1016 2100 1085 2135 Im-

74 2158 284 2198 peratorem
311 2157 457 2196 oportet
478 2158 633 2186 stantem
667 2153 781 2194 mori,
824 2160 890 2188 etc.

73 2217 143 2238 nos
173 2203 306 2248 singuli
338 2204 377 2237 in
408 2210 535 2238 nostro
566 2217 717 2239 munere
751 2206 922 2240 debemus
948 2206 1085 2240 imitari

74 2256 174 2289 illam
195 2267 306 2301 apum
323 2255 597 2297 fortitudinem,
625 2257 744 2292 subire
771 2265 898 2293 cuncta
921 2260 1081 2304 pericula

73 2321 142 2354 pro
161 2307 370 2353 defensione
387 2308 573 2353 religionis
591 2315 625 2342 et
637 2310 789 2354 patriae.

178 2359 240 2395 Vs.
258 2360 346 2396 239.
375 2362 567 2408 Parcesque
589 2361 724 2407 fiduro]
753 2363 791 2397 Si
815 2362 883 2396 erit
904 2364 995 2398 dura
1017 2361 1083 2410 hy·
1109 2380 1111 2402 ;
1137 2371 1278 2398 tantum
1304 2366 1410 2399 tertia
1434 2379 1518 2411 pars
1543 2367 1783 2414 relinquatur.

1107 2405 1111 2478 ἐ
1136 2417 1294 2451 retinent
1314 2418 1476 2451 nativam
1494 2419 1735 2455 dulcedinem.

1108 2482 1110 2487 ·
1135 2483 1223 2504 uvas
1241 2482 1384 2514 passas,
1413 2482 1431 2503 a
1453 2471 1546 2505 loco.

75 2424 172 2455 ems,
199 2413 280 2458 plus
297 2414 479 2459 relinques
500 2414 549 2448 eis
566 2414 635 2447 cibi
654 2415 691 2448 in
707 2415 886 2450 alveariis.

176 2465 338 2502 Vs.241.
371 2468 516 2513 Thymo]
544 2466 678 2500 scilicet
694 2468 739 2500 ad
756 2468 911 2512 sugenda
929 2480 1081 2503 venena.

176 2517 239 2554 Vs.
254 2518 344 2555 243.
372 2520 510 2566 Stellio]
538 2519 608 2553 Ein
627 2517 758 2554 moldo..
813 2520 877 2554 Est
896 2521 1080 2555 maculosa

73 2569 220 2605 lacerta.
274 2570 361 2606 Inde
380 2573 626 2607 iurisconsulti
644 2578 777 2605 vocant
795 2573 931 2606 crimen
948 2574 1080 2608 stellio-

73 2628 180 2656 natus
197 2649 208 2663 ,
256 2623 337 2657 dem
377 2637 464 2659 man
498 2626 641 2672 keynen
677 2638 810 2659 namen
846 2626 919 2659 kan
955 2627 1080 2672 geben.

111 2740 160 2772 16)
179 2742 258 2768 Rom.
276 2742 302 2774 7,
322 2741 347 2767 7.

1116 908 1117 929 ἒ
1144 906 1324 938 doctores.

198 1113 297 1148 Haec
313 1113 368 1148 ira
387 1126 464 1148 non
482 1120 534 1149 est
551 1114 701 1156 vitiosa,
738 1114 823 1160 quia
849 1121 902 1148 est
928 1111 1088 1147 heroica.
1115 1119 1118 1133 l

1004 1217 1089 1252 Ideo
1116 1240 1117 1243 =

76 1268 188 1304 hahet
211 1271 345 1305 multos
368 1271 518 1305 vitiosos
541 1271 706 1312 affectus,
749 1271 812 1317 qui
835 1277 919 1305 sunt
943 1270 1019 1305 sine
1047 1270 1091 1303 ti-
1116 1300 1119 1316 :

76 1334 181 1353 more
198 1328 234 1352 et
249 1323 331 1353 fide.
375 1321 428 1352 Ita
443 1323 493 1353 Po
502 1323 579 1354 ulus
589 1322 636 1367 ¹⁶)
655 1321 792 1366 inquIt:
824 1320 1089 1365 Concupiscen-
1116 1319 1118 1333 ¹

641 2047 777 2083 Milites
794 2055 937 2094 oportet
957 2049 993 2082 in
1010 2051 1086 2082 acie
1111 2067 1114 2084 z

957 2153 1084 2200 Itaque
1108 2199 1109 2202 Ἴ

1133 2679 1320 2714 inimicum
1349 2687 1383 2714 et
1404 2681 1554 2715 noxium
1581 2680 1730 2714 cerebri,

1145 435 1258 468 mittit
1275 448 1310 469 se
1332 436 1369 468 in
1388 436 1447 469 illa
1466 450 1552 470 cava
1570 438 1669 479 loca,
1697 446 1738 473 ut
1752 442 1949 485 praedetur
1969 445 2089 479 mella.

1250 486 1310 521 Vs.
1329 486 1417 523 245.
1462 491 1609 535 Crabra]
1645 491 1703 524 die
1730 505 1892 538 wespen.
1953 494 2008 529 Ex
2033 503 2156 540 putre-

1144 538 1239 572 facto
1257 540 1350 573 bove
1379 548 1580 575 nascuntur
1604 554 1710 588 apes,
1744 544 1782 578 id
1809 552 1881 585 est,
1912 558 1997 591 apes
2022 548 2157 592 signifi-

1146 597 1229 624 cant
1252 590 1474 633 Ecclesiam,
1518 606 1610 639 quae
1644 608 1686 628 ex
1717 595 1778 630 illa
1812 597 1980 639 victima,
2021 600 2157 635 scilicet

1147 641 1305 684 Christo,
1326 644 1499 679 nascitur.
1553 645 1607 678 Ex
1625 649 1826 691 putrefacto
1848 662 1941 696 equo
1958 660 2158 687 nascuntur

1146 695 1360 736 crabrones,
1389 695 1425 729 id
1446 702 1517 737 est,
1547 709 1588 731 ex
1606 696 1762 734 heroicis
1781 701 1869 736 viris
1894 709 1928 737 et
1954 706 2156 748 praestanti

1144 747 1336 781 nobilitate
1368 748 1486 781 oritur
1519 749 1676 793 degener
1706 753 1895 795 nobilitas,
1945 756 2001 790 die
2032 757 2156 791 saulen

1143 796 1410 834 Junckherreu.
1484 799 1539 833 Ex
1579 803 1680 836 asino
1722 807 1924 849 putrefacto
1956 817 2156 844 nascuntur

1143 851 1324 892 scarabei,
1366 851 1403 885 id
1436 858 1506 893 est,
1545 865 1587 886 ex
1617 853 1807 890 monachis
1835 867 2033 894 nascuntur
2068 863 2156 895 mali

1378 903 1489 938 Plura
1510 904 1670 941 dicemus
1688 908 1731 941 de
1749 905 1817 942 hac
1833 921 1884 945 re.

1247 954 1413 990 Vs.246.
1448 959 1592 1000 Tineae]
1621 959 1776 995 Motten.

1247 1007 1307 1042 Vs.
1325 1006 1413 1043 248.
1444 1010 1515 1050 Quo
1541 1012 1669 1056 mayis]
1703 1012 1740 1046 id
1766 1019 1836 1055 est,
1869 1015 1999 1050 volunt
2021 1016 2153 1051 sarcire

1143 1072 1207 1095 sua
1226 1060 1412 1104 diligentia
1433 1061 1490 1093 illa
1509 1062 1603 1095 furta
1624 1070 1658 1096 et
1672 1065 1832 1110 rapinas.

1247 1111 1308 1146 Vs.
1325 1109 1412 1147 250.
1439 1113 1558 1158 Foros]
1587 1114 1623 1147 id
1644 1123 1714 1158 est,
1741 1117 1879 1152 sedilia.

1248 1164 1309 1198 Vs.
1328 1162 1416 1200 251.
1445 1167 1489 1199 Si
1505 1163 1598 1214 vero]
1616 1167 1669 1201 De
1686 1170 1824 1204 morbis
1845 1182 1968 1215 apum.

1144 1218 1181 1251 id
1205 1223 1277 1257 est,
1310 1218 1472 1252 morbos.
1542 1219 1642 1254 Sicut
1664 1219 1831 1256 homines
1857 1230 2068 1267 aegrotant,
2104 1225 2154 1258 ita

1145 1283 1230 1315 apes
1254 1269 1451 1304 interdum.
1522 1270 1586 1305 Est
1611 1273 1718 1306 etiam
1746 1274 1939 1320 singularis
1966 1276 2154 1321 diligentia

1145 1321 1364 1355 conveniens
1384 1322 1493 1356 statui
1509 1323 1751 1368 reipublicae,
1779 1328 1878 1373 quod
1898 1340 1982 1373 apes
2006 1329 2155 1362 eiiciunt

1144 1374 1320 1407 cadavera
1342 1386 1384 1406 ex
1407 1375 1623 1412 alvearibus.

1246 1424 1307 1459 Vs.
1324 1424 1413 1461 259.
1441 1429 1544 1461 Fumo
1564 1428 1616 1478 et]
1647 1430 1682 1463 id
1701 1437 1772 1472 est,
1800 1431 1973 1465 laborant
1988 1431 2153 1466 fastidiis.

1247 1477 1307 1512 Vs.
1326 1477 1415 1514 258.
1444 1481 1516 1514 Aut
1540 1483 1648 1527 intus]
1677 1483 1713 1516 id
1733 1490 1803 1524 est,
1831 1496 1907 1516 non
1924 1484 2082 1517 evolant.

1246 1530 1307 1565 Vs.
1323 1531 1412 1566 263.
1440 1531 1600 1582 Aestuat]
1630 1535 1665 1567 id
1691 1542 1762 1575 cst,
1792 1536 1898 1582 quale
1917 1542 1968 1570 est
1986 1548 2153 1569 murmur

1142 1583 1272 1624 maris,
1301 1584 1357 1616 vel
1375 1584 1466 1618 sicut
1483 1585 1575 1629 ignis
1593 1587 1630 1619 in
1646 1587 1793 1621 fornace
1823 1588 1943 1621 reddit
1969 1589 2151 1634 quendam

1141 1636 1345 1680 strepitum.

1247 1687 1308 1722 Vs.
1336 1687 1426 1723 264.
1484 1690 1628 1735 odores]
1672 1691 1709 1724 id
1749 1697 1819 1732 est,
1873 1691 2151 1727 medicamenta.

1143 1741 1352 1785 Galbanum]
1391 1741 1486 1774 Puto
1514 1755 1588 1776 esse
1614 1743 1702 1777 illud
1726 1751 1892 1778 nostrum
1920 1742 2019 1785 thus,
2066 1745 2150 1790 quia

2031 1170 2154 1221 Casus]

1114 1824 1115 1827 ,
1141 1792 1230 1826 illud
1246 1793 1444 1837 pretiosum
1466 1791 1568 1834 thus,
1597 1797 1694 1840 quod
1713 1796 1799 1829 olim
1818 1797 1904 1836 fuit,
1935 1803 1987 1829 est
2013 1797 2050 1829 in
2075 1809 2150 1829 ma-

77 1841 273 1874 immodice
291 1841 348 1874 vel
365 1841 471 1874 bonis
487 1841 545 1874 vel
563 1843 665 1876 malis
686 1844 870 1883 odoribus,
894 1843 977 1889 quia
995 1841 1088 1876 nihil
1112 1837 1116 1858 ἴ

75 1900 230 1939 possunt
244 1893 339 1926 ferre
354 1893 658 1936 immoderatum,
693 1902 776 1929 sunt
800 1896 916 1929 factae
943 1896 989 1928 ad
1012 1908 1088 1929 me·
1112 1917 1115 1922 ·

1111 1923 1115 2006 ε
1140 1951 1314 1992 Suadebo]
1343 1949 1476 1983 scilicet
1495 1951 1643 1985 domino
1662 1949 1855 1992 hortante,
1883 1951 1919 1986 id
1936 1958 2007 1993 est,
2043 1964 2149 1986 mun—

1142 1857 1212 1889 gno
1238 1845 1378 1889 pretio,
1414 1845 1472 1878 vel
1493 1846 1522 1880 si
1550 1859 1624 1879 non
1651 1854 1703 1881 est
1727 1854 1893 1881 nostrum
1920 1846 2003 1882 thus
2027 1849 2150 1892 galba-

1141 1909 1249 1936 num,
1297 1904 1349 1931 est
1372 1903 1494 1930 tamen
1519 1898 1637 1944 aliqua
1664 1899 1798 1944 species
1822 1899 1992 1944 ignobilis
2020 1898 2149 1934 thuris.

1141 2001 1228 2034 ditie
1248 2008 1281 2035 et
1304 2001 1446 2043 nitore,
1481 2010 1515 2036 et
1537 2016 1634 2037 nox'o
1660 2004 1794 2049 pabulo
1820 2004 2035 2038 reficiendae
2065 2011 2149 2039 sunt

1141 2065 1238 2097 apes.

1243 2104 1304 2138 Vs.
1328 2105 1417 2140 267.
1471 2107 1607 2152 Gallae]
1651 2107 1688 2141 id
1724 2113 1795 2149 est,
1840 2108 1977 2155 aliquid
2015 2109 2147 2150 acerbi,

1140 2157 1238 2202 quod
1270 2157 1367 2191 valet
1400 2165 1523 2192 contra
1552 2159 1868 2204 putrefactionem.
1926 2161 1991 2195 Est
2016 2167 2145 2195 notum

1138 2208 1258 2248 vobis,
1288 2222 1358 2255 quo
1387 2216 1540 2243 utuntur
1560 2212 1595 2243 in
1615 2217 1832 2246 atramento.

1241 2260 1303 2295 Vs.
1326 2260 1415 2296 269.
1450 2260 1618 2311 Defruta]
1648 2270 1812 2309 gesotten
1837 2277 1966 2310 weyn,
2004 2265 2145 2305 vinum,

1139 2314 1237 2359 qnod
1261 2314 1461 2355 deferbuit,
1506 2315 1541 2348 id
1570 2322 1640 2356 est,
1677 2322 1818 2351 coctum
1845 2316 1992 2357 vinum,
2027 2317 2076 2351 ita
2105 2323 2144 2350 ut

1844 2368 1907 2402 Illa
1933 2375 2032 2402 cocta
2059 2368 2143 2401 vina

1841 2422 1995 2465 Psithia]
2021 2421 2056 2453 id
2077 2426 2143 2460 est,

1238 2521 1299 2556 Vs.
1310 2522 1399 2558 270.
1429 2524 1540 2558 Grave
1556 2525 1699 2570 olentia]
1716 2524 1899 2558 Differunt
1916 2534 2025 2566 grave
2041 2522 2141 2557 olens

1137 2580 1170 2607 et
1186 2574 1375 2609 foetidum.
1405 2574 1524 2610 Grave
1543 2577 1641 2611 olens
1661 2584 1724 2617 est,
1743 2576 1839 2622 qnod
1861 2574 2012 2608 offendit
2024 2575 2140 2608 nimio

1135 2627 1246 2660 odore
1265 2633 1298 2661 et
1314 2628 1437 2662 denso.
1489 2628 1681 2663 Foctidmn
1703 2634 1822 2662 autem
1848 2633 1900 2660 est
1922 2639 1984 2661 sua
2006 2633 2139 2660 natura

1840 2681 2046 2725 Centaurea]
2075 2678 2139 2712 Est

1134 2732 1265 2778 duplex
1284 2739 1537 2768 centaureum:
1565 2732 1701 2773 maius,
1729 2732 1828 2778 quod
1853 2744 1920 2767 nos
1946 2732 2054 2776 vulgo
2080 2742 2139 2764 ran
