2421 3005
39 1727 46 1730 “
97 1724 195 1753 runt.

560 79 766 116 LXXXVII.
819 79 884 116 EN
888 77 1108 114 ARRATIO

87 91 162 126 315

87 175 234 210 toritate
256 173 353 217 apud
372 171 572 216 Augustum
601 168 798 215 plurimum
826 169 986 209 valebat,
1014 179 1095 212 pre-

88 227 186 261 cibus
214 237 318 264 usus,
353 223 582 268 recuperavit
613 234 719 266 agros
749 234 831 255 suos
865 227 899 254 et
933 219 1094 254 retinuit.

86 279 159 313 Pro
197 277 259 310 illo
298 275 406 321 igitur
440 274 616 309 beneficio
654 279 953 319 recuperatorum
989 284 1094 316 agro—

86 342 168 364 rum
199 328 333 374 gratias
364 325 422 361 hic
452 327 545 372 agit,
581 333 615 360 et
651 324 740 360 haec
780 332 832 360 est
866 336 973 359 causa
1009 323 1095 358 scri-

86 382 291 416 bendorum
319 379 588 414 Bucolicorum.
656 378 720 413 Est
745 391 829 423 ergo
854 375 943 411 haec
974 376 1092 422 prima

86 433 219 479 Ecloga
255 433 433 479 quaedam
468 431 668 476 gratiarum
699 435 790 465 actio
820 442 887 475 pro
920 428 1094 463 restitutis

88 487 183 531 agris
215 485 387 531 paternis.
459 483 524 518 Est
550 490 669 518 autem
699 482 787 517 liaec
810 482 943 526 Ecloga
968 481 1093 521 mixta,

88 538 173 584 quia
209 543 261 572 est
295 549 337 570 ex
369 543 471 582 parte
507 534 699 583 αἶπολικὴ,
743 548 785 569 ex
819 540 919 580 parte
956 533 1123 581 (301)on

87 587 168 636 λική
191 588 248 636 ¹⁴²¹).

389 684 526 719 Aliud
562 684 776 719 eiusdem.

190 760 365 794 Poemata
384 760 528 805 Virgilii
545 761 615 794 alia
642 761 823 794 rationem
850 772 995 795 morum
1022 766 1096 793 tra—

88 814 198 854 dunt,
244 812 314 846 alia
348 811 636 859 physiologiam,
679 813 749 846 alia
782 813 995 859 simpliciter
1027 823 1095 857 pro

88 865 256 900 exercitio
276 864 408 910 scripta
426 872 521 900 sunt.
568 865 785 911 Exemplum
803 878 949 900 morum
965 864 1097 900 Aeneis

88 917 262 952 continet.
323 917 500 962 Georgica
523 915 660 952 habent
682 916 964 965 physiologiam.
1024 917 1097 951 Bu-

88 971 198 1005 colica
215 976 358 1006 tanturn
375 969 512 1015 ingenii
529 971 738 1005 exercitium
764 972 972 1005 ostendunt.
1025 969 1098 1003 Ha-

87 1024 173 1057 bent
197 1029 320 1057 tamen
341 1028 375 1056 et
398 1019 487 1056 haec
512 1023 681 1069 adspersa
708 1025 887 1070 quaedam
905 1028 1098 1069 praecepta

87 1087 245 1110 morum.
298 1074 397 1109 Fieri
421 1074 517 1108 enim
544 1087 621 1109 non
646 1082 782 1121 potest,
810 1082 850 1109 ut
877 1076 922 1111 sit
950 1074 1100 1121 aliquod

90 1127 284 1173 scriptum,
312 1127 350 1160 in
366 1139 438 1174 quo
454 1125 547 1160 nihil
564 1127 629 1169 sit,
658 1129 757 1174 quod
777 1129 822 1162 ad
844 1140 965 1162 mores
980 1126 1100 1161 faciat.

91 1180 307 1221 Caeterum,
333 1179 547 1213 Bucolicum
576 1177 645 1213 hoc
671 1192 838 1221 carmen,
867 1179 1101 1226 quantumvis

91 1232 129 1265 in
153 1231 309 1277 speciem
342 1231 508 1265 videatur
541 1229 698 1273 humile,
740 1233 843 1266 valde
877 1245 1002 1267 carum
1028 1244 1101 1266 esse

92 1284 198 1318 debet
222 1283 403 1318 studiosae
427 1282 620 1319 iuventuti.
690 1284 808 1318 Habet
836 1285 934 1318 enim
958 1290 1103 1330 praeter

40 1354 43 1359 Α
93 1335 236 1370 dicendi
252 1336 431 1369 rationem
450 1336 584 1370 multos
600 1336 778 1370 iucundos
798 1343 832 1370 et
849 1337 955 1371 utiles
972 1337 1083 1372 locos.

196 1405 343 1439 Primae
379 1404 536 1450 Eclogae
577 1398 709 1450 duplex
747 1413 799 1441 est
835 1413 1104 1452 argumentum.

94 1457 294 1492 Meliboeus
313 1457 356 1491 de
374 1469 438 1492 sua
464 1457 669 1491 calamitate
695 1465 731 1492 et
756 1458 959 1493 infortunio
985 1459 1105 1505 queri-

93 1517 152 1544 tur
172 1509 232 1557 ¹⁵).
299 1509 449 1555 Tityrus
480 1516 643 1545 recenset
674 1511 848 1545 beneficia
881 1519 1027 1557 accepta
1061 1512 1105 1546 ab

93 1563 257 1607 Augusto
283 1561 448 1597 Caesare.

93 1614 264 1648 Romano
282 1614 390 1647 militi
408 1614 609 1659 assignatus
633 1622 742 1657 esset,
770 1623 804 1649 et
823 1623 961 1651 veteres
986 1618 1108 1651 coloni

95 1664 335 1711 pellerentur,
370 1665 524 1710 Virgilio
547 1679 632 1704 suae
657 1681 714 1703 res
737 1668 938 1704 incolumes
966 1682 1108 1704 manse-

98 1770 205 1805 dicat.

97 1829 182 1858 sunt
213 1822 352 1861 salvae3
396 1834 498 1856 meae
530 1834 618 1858 vero
652 1823 811 1869 graviter
844 1825 1108 1868 periclitantur.

96 1875 221 1909 Prima
242 1874 447 1920 propositio
471 1876 514 1908 de
532 1875 703 1911 felicitate
721 1875 902 1920 copiosius
921 1879 1109 1921 repetitur.

97 1927 323 1973 Repetitioni
356 1927 516 1962 subiecta
549 1936 601 1963 est
634 1928 819 1969 narratio,
864 1941 935 1975 qua
961 1931 1110 1975 exponit

99 1980 248 2014 alteram
273 1979 565 2026 propositionem
593 1983 636 2016 de
665 1980 884 2016 infelicitate.
954 1981 1110 2017 Additur

101 2033 444 2078 amplificatiuncula
463 2041 607 2079 sumpta
631 2035 677 2069 ab
702 2032 883 2069 omnibus.
939 2034 1110 2083 Sequitur

101 2086 213 2119 altera
241 2085 405 2120 narratio
440 2087 705 2132 propositionis
738 2087 782 2121 de
811 2086 1002 2131 felicitate,
1038 2101 1109 2135 qua

101 2137 251 2184 exponit
276 2138 423 2179 ordine,
459 2142 645 2185 quomodo
674 2146 886 2175 consecutus
911 2141 957 2175 sit
983 2141 1110 2176 otium.

99 2189 206 2224 Hanc
231 2190 375 2224 orditur
409 2202 428 2224 a
456 2192 698 2238 descriptione
722 2193 886 2236 Romae,
931 2207 1024 2241 quae
1058 2202 1111 2229 est

102 2243 256 2287 figurata
275 2255 340 2288 per
356 2242 602 2280 collationem.
654 2245 791 2281 Inserta
811 2253 863 2281 est
889 2253 924 2280 et
947 2253 1111 2292 apostro-

103 2292 174 2340 phe
191 2295 237 2329 ad
252 2295 498 2341 Amaryllida,
525 2309 619 2342 quae
642 2305 693 2332 est
715 2305 861 2343 sumpta
887 2311 930 2333 ex
952 2300 1111 2333 admira-

103 2347 203 2382 tione
230 2347 421 2382 felicitatis.
491 2347 704 2384 Narrationi
727 2352 887 2386 subiecta
914 2358 967 2387 est
991 2359 1111 2397 gratu-

143 2474 189 2508 14)
210 2477 354 2507 Angustus
384 2475 454 2500 enIm
484 2476 576 2501 victor
603 2477 694 2503 Crem.
723 2493 757 2496 —
783 2485 817 2503 ex
840 2481 920 2510 parte
941 2478 1113 2512 βουκολικιζ]

176 2512 218 2535 sic
252 2511 337 2535 Editt.
363 2512 457 2540 1568,
490 2513 584 2543 1593.;
622 2514 669 2537 Ed.
688 2514 762 2538 1565.
781 2516 927 2545 Augustus
955 2515 1025 2539 enim
1053 2522 1113 2539 cuin

177 2546 239 2576 agri
262 2542 490 2571 Cremonensium
510 2553 564 2571 non
585 2549 746 2572 sufficerent
766 2549 826 2572 suis
852 2549 1003 2579 militibus,
1033 2551 1114 2574 iussit
1140 2544 1142 2582 Ῐ)

179 2580 261 2604 etiam
279 2581 440 2605 Mantuanis
459 2582 541 2606 adimi
562 2589 630 2607 suos
651 2590 744 2615 agros
782 2584 876 2614 ltaque
897 2584 1035 2616 Virgilius
1055 2587 1113 2609 Ro·
1141 2588 1142 2591 ’

807 2619 853 2649 qui
873 2619 964 2649 gratia
985 2624 1013 2643 et
1032 2623 1113 2644 auto·
1141 2630 1142 2633 ¹

179 2620 250 2638 mam
269 2616 425 2640 concedens
445 2623 613 2642 summorum
633 2619 773 2647 virorum,

179 2649 264 2673 ritate
289 2651 360 2680 apud
379 2653 534 2683 Augustum
560 2653 705 2682 plurimum
725 2654 872 2681 valebant,
902 2655 1027 2684 precibus
1048 2662 1114 2679 usus

181 2690 246 2708 suos
265 2690 351 2715 agros
371 2686 471 2711 iterum
492 2689 679 2717 recuperavit.

138 2738 192 2767 ³15)
212 2738 353 2769 queritur]
373 2740 422 2764 Ed,
440 2741 515 2766 1565.
536 2741 687 2771 quaeritur.

1143 75 1425 112 BUCOLlCON
1462 75 1669 113 VIRGILII.
2081 81 2156 116 314

1146 164 1256 205 latio,
1303 177 1395 211 quae
1421 162 1530 198 habet
1555 165 1836 210 descriptionem
1872 165 2011 210 praedii
2036 166 2156 211 Virgi-

1144 216 1254 258 liani,
1279 223 1313 251 et
1328 216 1641 252 enumerationem
1658 218 1856 252 multorum
1876 220 2155 253 commodorum

1147 282 1188 303 ex
1207 270 1370 314 praedio.
1426 269 1619 304 Conclusio
1638 270 1798 304 continet
1823 271 2023 315 gratiarum
2045 271 2157 305 actio-

1145 333 1231 355 nem
1254 323 1290 356 et
1312 321 1580 368 querimoniam
1611 329 1761 368 propter
1785 323 1965 368 duplicem
1988 323 2157 369 proposi-

1146 373 1298 408 tionem.
1353 373 1394 407 In
1412 375 1481 408 fine
1499 381 1551 409 est
1571 375 1692 409 addita
1717 375 1837 410 suavis
1864 381 1897 408 et
1925 375 2083 410 iucunda
2103 376 2158 408 in-

1149 425 1288 461 vitatio·

1497 530 1711 587 Ecloga
1753 531 1807 572 Π.

1175 612 1511 657 Argumentum
1546 613 1592 646 in
1628 616 1872 649 secundam
1908 615 2135 661 Eclogam.

1255 690 1419 725 Secunda
1447 691 1582 737 Ecloga
1606 699 1747 727 constat
1770 693 1880 727 ctiam
1904 702 2080 740 perpetuo
2102 707 2158 729 ar-

1152 749 1338 788 gumento.
1387 743 1561 789 Corydon
1580 745 1675 778 enim
1693 746 1807 779 ambit
1823 746 2020 780 amicitiam
2039 747 2160 781 Alexi-

1150 796 1226 837 dis,
1262 802 1297 829 et
1321 796 1450 829 recitat
1473 808 1616 837 causas,
1659 810 1771 843 quare
1795 810 1871 832 non
1897 799 1942 833 sit
1964 812 2161 844 aspernan-

1151 849 1229 882 dus.
1284 847 1382 881 Haec
1406 860 1547 882 summa
1583 855 1635 883 est
1663 852 1879 893 argumenti.
1949 851 2019 885 Sed
2048 853 2162 897 figura

1153 907 1205 934 est
1224 899 1394 934 Bucolica
1409 927 1418 941 ,
1454 907 1489 934 et
1504 900 1682 945 significat
1696 900 1891 946 Virgilium
1916 903 2054 937 ambire
2074 904 2164 937 ami-

1153 952 1273 987 citiam
1299 965 1362 987 seu
1390 953 1564 997 Augusti,
1602 966 1664 987 seu
1696 954 1843 989 alterius
1875 955 2096 1001 cuiuspiam,
2131 962 2165 989 et

1153 1011 1249 1039 certe
1277 1004 1393 1038 simile
1420 1005 1607 1051 quiddam.
1662 1005 1814 1042 Talibus
1843 1007 1939 1041 enim
1963 1007 2086 1053 figuris
2108 1020 2165 1042 so-

1154 1058 1229 1091 lent
1253 1056 1393 1090 involvi
1415 1057 1485 1090 alia
1510 1064 1744 1102 argumenta,
1773 1066 1813 1093 ut
1841 1061 1938 1105 apud
1955 1072 2023 1095 nos
2049 1060 2162 1094 canti-

1152 1110 1257 1143 lenae
1274 1115 1398 1142 extant
1416 1110 1612 1153 figuratae,
1641 1110 1678 1143 in
1701 1111 1832 1156 quibus
1849 1112 2067 1147 rusticarum
2084 1124 2166 1158 per-

1156 1172 1329 1196 sonarum
1365 1161 1521 1206 imagine
1565 1162 1656 1195 aliae
1691 1175 1868 1207 personae
1906 1164 2167 1209 significantur.

1155 1213 1220 1248 Est
1241 1220 1361 1247 autem
1389 1214 1529 1258 generis
1555 1214 1803 1257 deliberativi,
1838 1216 1922 1262 quia
1947 1223 1998 1251 est
2024 1216 2167 1262 petitio,

1157 1277 1229 1311 qua
1262 1272 1367 1310 rogat
1395 1265 1568 1311 Corydon
1601 1279 1637 1300 se
1668 1279 1744 1300 non
1775 1268 1909 1313 despici
1937 1269 1981 1303 ab
2005 1267 2168 1303 Alexide.

1157 1318 1304 1351 Priores
1329 1317 1490 1364 quinque
1523 1330 1646 1353 versus
1674 1326 1757 1353 sunt
1781 1327 2036 1365 argumentum
2062 1320 2169 1354 Eclo-

1158 1381 1235 1414 gae.
1303 1369 1444 1404 Deinde
1478 1370 1641 1417 sequitur
1675 1373 1899 1417 propositio:
1953 1372 2031 1418 (Vs.
2059 1373 2112 1421 6.)
2141 1376 2169 1408 0

1158 1422 1306 1457 crudelis
1322 1423 1432 1457 Alexi
1452 1429 1538 1464 etc.,
1569 1430 1603 1456 et
1626 1424 1822 1469 amplificat
1848 1437 1927 1459 eam
1956 1425 2103 1472 querela
2123 1424 2170 1471 1ιεῖ)

1158 1486 1224 1519 per
1249 1474 1502 1508 collationem:
1550 1474 1684 1510 Omnia
1720 1477 1790 1510 alia
1821 1475 1976 1519 habent,
2015 1490 2087 1523 quo
2116 1488 2171 1510 re-

1132 1543 1133 1555 :
1160 1532 1329 1560 creentur
1345 1526 1412 1573 ¹⁷),
1458 1534 1492 1560 et
1517 1527 1637 1561 levent
1661 1541 1744 1563 suos
1770 1529 1934 1569 labores;
1979 1541 2045 1574 ego
2075 1529 2172 1563 solus

520 1561 612 1596 Cum
645 1563 741 1597 enim
771 1575 857 1609 ager
880 1564 1106 1599 Mantuanus
1133 1578 1135 1618 ἱ
1162 1590 1237 1612 non
1257 1590 1405 1624 possum
1423 1579 1661 1626 acquiescere·

1716 1581 1890 1616 Rationes
1908 1581 2172 1627 propositionis

1160 1628 1310 1664 inchoat
1342 1631 1387 1663 ab
1421 1632 1679 1677 occupatione:
1724 1634 1958 1680 Quamquam
1991 1634 2174 1668 formosus

445 1718 452 1724 ,
645 1721 655 1728 ,
1134 1712 1135 1716 ,
1162 1695 1218 1724 es,
1254 1690 1377 1716 tamen
1401 1683 1510 1717 etiam
1537 1697 1683 1730 oppone
1702 1685 1747 1733 ¹⁸)
1771 1686 1840 1720 alia
1864 1687 1970 1731 plura
1994 1687 2092 1720 bona
2121 1685 2174 1718 illi

248 1716 288 1751 Id
302 1718 519 1752 beneficmm
543 1715 611 1752 hac
627 1720 761 1764 Leloga
785 1729 913 1755 narrat
938 1734 979 1755 ²¹⁰
1004 1735 1108 1767 prae·
1135 1750 1137 1777 ς
1161 1735 1283 1779 fragili
1302 1741 1337 1768 et
1354 1736 1488 1769 caduco
1507 1736 1619 1772 hono.

258 1769 402 1815 Duplex
426 1776 479 1804 est
501 1772 724 1815 propositio:
754 1772 857 1806 Tuae
876 1786 933 1807 res
956 1776 1107 1809 omnino
1136 1782 1137 1786 ’

1673 1737 1839 1773 Primum
1856 1739 1966 1783 igitur
1983 1749 2175 1783 argumen-

1162 1794 1240 1821 tum
1267 1787 1422 1821 sumitur
1445 1800 1464 1821 a
1491 1788 1644 1827 divitiis;
1681 1792 1880 1825 secundum
1907 1791 1951 1823 ab
1978 1797 2072 1828 arte3
2103 1796 2175 1823 ter-

1165 1839 1254 1872 tium
1275 1851 1294 1872 a
1314 1840 1452 1878 forma;
1481 1848 1650 1886 quartum
1678 1843 1722 1875 ab
1745 1843 1983 1883 utilitatibus,
2011 1841 2074 1875 ubi
2098 1841 2175 1874 obi-

1164 1897 1218 1924 ter
1235 1891 1330 1926 ruris
1349 1894 1540 1926 commoda
1560 1893 1695 1928 laudat.
1750 1894 1889 1927 Deinde
1907 1894 2001 1928 dona
2020 1893 2173 1939 promit-

1163 1942 1227 1983 tit,
1255 1949 1290 1976 et
1307 1943 1491 1978 intel-texit
1508 1945 1780 1980 venustissimos
1797 1946 1944 1981 affectus
1962 1945 2175 1992 zelotypiae.

1164 1994 1302 2040 Quinto
1332 1996 1497 2042 sequitur
1528 1997 1724 2039 correctio,
1750 2000 1849 2044 quod
1869 1998 1990 2033 Alexis
2016 2010 2092 2032 non
2118 2010 2175 2031 ca-

1163 2047 1287 2092 piatur
1309 2048 1534 2084 muneribus.
1598 2049 1705 2083 Sexto
1734 2051 1841 2085 diluit
1864 2050 2106 2084 obiectionem
2131 2051 2175 2083 de

1165 2099 1380 2144 indignitate
1394 2126 1404 2141 ,
1432 2107 1467 2134 et
1483 2109 1758 2146 argumentatur
1780 2103 1826 2137 ab
1850 2103 2034 2148 exemplo:
2063 2101 2175 2136 Habi-

1165 2157 1290 2186 tarunt
1306 2151 1367 2185 Dii
1395 2165 1541 2199 quoque
1568 2154 1686 2199 sylvas
1704 2154 1763 2202 19).
1832 2155 1994 2201 Septimo
2022 2154 2176 2200 amplifi-

1166 2204 1260 2238 catio
1299 2204 1421 2238 addita
1459 2212 1511 2239 est
1544 2218 1609 2251 per
1637 2206 1930 2242 similitudinem:
1974 2207 2047 2240 Alii
2077 2207 2175 2240 aliud

1166 2263 1311 2298 amant,
1347 2256 1519 2302 Corydon
1544 2258 1686 2294 Alexin.
1751 2259 1894 2294 Deinde
1930 2260 2030 2294 addit
2054 2270 2174 2293 corre-

1168 2309 1325 2344 ctionem
1346 2310 1456 2344 totius
1473 2311 1662 2356 querelae,
1691 2323 1762 2358 qua
1787 2314 1831 2346 ad
1856 2312 2048 2346 sanitatem
2068 2310 2175 2349 redit,

1167 2368 1201 2395 et
1225 2374 1260 2396 se
1287 2362 1405 2406 ipsum
1424 2363 1612 2408 obiurgat,
1641 2370 1675 2397 et
1696 2364 1992 2405 commonefacit,
2028 2369 2067 2396 ut
2093 2373 2174 2395 suas

1166 2426 1222 2448 res
1247 2420 1350 2458 agat,
1379 2427 1488 2461 seque
1515 2416 1560 2449 ab
1582 2413 1651 2449 hoc
1675 2416 1798 2450 furore
1826 2422 1981 2450 revocet.
2044 2413 2174 2447 Oratio

1167 2472 1219 2501 est
1242 2466 1453 2500 mollissima
1477 2473 1512 2501 et
1534 2468 1705 2513 propria,
1733 2469 1793 2503 sed
1811 2479 2001 2513 conspersa
2028 2465 2174 2512 quihus-

1206 2591 1252 2624 16)
1273 2593 1402 2623 querela]
1424 2592 1463 2617 sic
1483 2593 1566 2619 Editt.
1586 2594 1680 2623 15013„
1704 2593 1797 2616 1563:
1820 2592 1867 2615 Ed.
1885 2591 1958 2615 1593.
1980 2592 2132 2621 quereiam.

1206 2643 1250 2675 17)
1271 2643 1446 2676 recreentur]
1464 2645 1505 2669 sic
1520 2646 1602 2668 Editt.
1620 2646 1707 2672 1565„
1730 2644 1822 2669 1593:
1844 2644 1892 2667 Ed.
1912 2643 1985 2668 1565.
2001 2644 2173 2667 recreantur.

1204 2695 1252 2724 18)
1272 2694 1392 2727 oppone]
1414 2695 1455 2719 sic
1475 2696 1558 2720 Editt.
1579 2696 1670 2722 1568„
1693 2696 1786 2727 1593.;
1811 2695 1951 2720 Ed.1565.
1973 2700 2087 2725 oppono.

1209 2745 1250 2777 19)
1272 2748 1393 2777 sylvas]
1414 2748 1462 2771 Ed,
1482 2749 1557 2773 1565.
1577 2748 1666 2772 addit:
1687 2749 1738 2771 etc.
