2341 2973
222 68 243 100 Ox

247 67 269 101 (δι

803 72 925 108 PHlL.
964 73 1075 107 MEL.
1107 74 1308 110 SCRIPTA
1344 78 1680 116 PHILOLOGICA.

510 155 701 186 Epitaphium
718 157 884 183 Reverendi
902 159 963 183 viri
982 159 1111 190 Philippi
1129 160 1347 193 Melanthom's,
1373 163 1468 194 fidelis
1488 166 1568 189 servi
1589 167 1737 192 Ecclesiae
1758 169 1809 192 Dei
1829 169 1966 193 viz-entis.

837 210 905 234 Flos
925 210 995 234 iacet
1013 209 1056 233 hic
1075 211 1166 235 mellis
1184 212 1266 243 nigra
1285 214 1384 238 tellure
1402 215 1574 246 Melantbon‚

941 245 1015 274 Apes
1036 244 1126 268 dolete
1147 247 1276 272 sedulae:

838 279 915 302 Unde
934 280 1021 303 bouus
1041 279 1165 308 spirabat
1183 282 1267 312 odor,
1292 282 1336 312 pia
1354 284 1437 307 mella
1455 285 1594 316 fluebant,

942 313 1009 336 Piae
1029 313 1114 336 fleant
1134 315 1283 339 Ecclesiae.

837 347 926 370 Lenta
945 346 1033 370 febris
1054 348 1142 376 potuit
1160 355 1274 378 parvum
1293 352 1453 377 comburere
1471 355 1581 385 norem,

942 382 1047 411 Lugete
1067 382 1146 411 parvi
1165 385 1280 408 flosculi.

837 415 919 438 Nulla
938 415 992 438 viri
1013 415 1113 439 famam
1130 418 1234 446 poterit
1253 419 1346 444 delere
1368 424 1511 452 vetustas,

936 449 1001 472 Fuci
1021 450 1100 473 leves
1120 451 1262 476 facessite.

833 483 946 513 Semper
964 489 1030 512 apes
1050 485 1121 508 flavo
1141 486 1299 511 distendent
1318 491 1430 514 nectare
1449 491 1553 521 cellas,

940 518 1001 547 Qua
1021 524 1092 542 nuuc
1111 520 1189 543 stetit
1208 522 1258 545 flos
1280 523 1403 548 melleus.

835 552 948 581 Semper
967 552 1064 575 humus
1083 559 1183 577 suaves
1202 555 1259 578 illic
1278 556 1409 582 diffundet
1428 559 1545 589 odores,

940 587 998 614 Qua
1017 593 1089 610 nuuc
1106 587 1177 611 iacet
1195 590 1244 612 flos
1264 593 1406 620 parvulus.

833 619 887 643 Sed
906 626 966 643 cum
985 627 1091 644 summa
1109 622 1167 646 dies
1187 625 1280 652 optato
1303 626 1426 651 illuxerit
1445 630 1522 660 ortu,

941 654 1008 678 Flos
1027 655 1070 678 hic
1090 656 1189 680 virebit
1208 658 1305 684 denuo.

833 688 867 711 Et
887 688 1007 718 reliquas
1025 689 1098 713 inter
1119 692 1311 717 benevolentes
1331 696 1451 725 pulcrior
1470 697 1568 721 herbas

938 723 1043 747 Christi
1063 724 1162 748 nitebit
1180 727 1293 751 vertice.

1745 769 1833 792 lohan.
1854 772 2015 794 Mathesius.

767 823 801 847 In
825 825 969 849 annulum
989 826 1023 850 D.
1042 827 1171 858 Philippi
1191 827 1390 854 Melanthonis
1408 831 1550 856 Iohannis
1568 834 1716 864 seiqelius.

829 875 904 899 Fons
926 876 993 900 latet
1011 877 1061 900 hoc
1080 878 1199 902 tumulo:
1228 878 1291 908 quid
1310 882 1437 911 quaeris,
1456 883 1545 907 amice
1564 883 1676 908 viator?

934 911 1009 934 Fons
1030 911 1186 942 dogmatum
1205 913 1311 942 piorum
1331 917 1357 938 et
1378 917 1559 946 eloquentiae.

829 943 859 967 si
879 944 940 974 quis
959 945 992 968 ab
1010 945 1061 969 hoc
1083 946 1173 969 rivum
1194 948 1323 976 proprios
1343 949 1453 974 deduxit
1471 951 1497 975 in
1516 953 1629 977 hortos.

932 979 991 1002 Non
1010 985 1110 1003 aureas
1130 981 1190 1004 huic
1208 982 1347 1010 praeferat
1366 985 1536 1014 pyramides.

826 1011 903 1035 lllius
922 1014 1080 1037 obstructas
1099 1014 1190 1038 doleat
1208 1015 1356 1041 Germania
1376 1025 1479 1047 venas,

932 1047 1030 1070 Parem
1052 1048 1147 1071 futura
1164 1055 1219 1072 nou
1239 1050 1373 1076 habebunt
1391 1055 1493 1078 secula.

1696 1092 1736 1117 20.
1758 1094 1836 1121 Maii,
1866 1097 1943 1119 Anno
1966 1098 2037 1122 1560.

780 1148 895 1173 Veritas
912 1149 1035 1179 plorans
1057 1150 1096 1174 ad
1113 1151 1256 1176 tumulum
1274 1152 1402 1185 Philippi
1420 1156 1628 1182 Melanthonis.

813 1195 879 1223 “Ad‘'
898 1197 951 1230 ἐγώ
976 1198 992 1222 ἁ
1019 1198 1133 1233 τλάμων
1153 1200 1230 1233 naec}
1250 1202 1287 1235 τῷ
1307 1201 1334 1227 δ’
1355 1204 1480 1238 ιῖῑρέκεια
1500 1208 1641 1234 Φιλίππου

923 1232 1085 1266 πρόςκειμαι
1103 1233 1198 1268 τύμβῳ
1218 1236 1367 1270 κειράμενα
1386 1239 1562 1274 πλοκάμους·

823 1265 922 1299 θυμόν
941 1266 1002 1299 ἄχει
1019 1267 1132 1301 μεγάλῳ
1153 1270 1323 1302 βεβολημένα
1343 1271 1443 1299 οὕνεκα
1462 1277 1574 1305 πολλοῖς

928 1300 945 1325 ἁ
965 1300 1117 1335 κακόφρων
1135 1302 1229 1328 (imiza
1245 1307 1376 1337 κρεῖσσον
1394 1308 1465 1342 ἐμοῦ
1482 1311 1608 1343 κέκριται,

1717 1350 1822 1380 Caspar
1846 1353 1983 1376 Peuccrus
2004 1355 2034 1377 D.

782 1419 816 1444 ln
835 1422 956 1446 mortem
974 1422 1136 1448 Reverendi
1155 1424 1216 1448 υἰνί
1238 1422 1364 1453 Philippi
1382 1423 1589 1449 Melanthonis.

821 1472 968 1496 Flosculus
990 1480 1004 1497 e
1024 1474 1103 1505 nigra
1122 1475 1222 1499 tellure
1241 1476 1351 1498 creatus
1370 1475 1395 1497 in
1415 1480 1499 1499 auras

925 1507 1048 1538 Occidit,
1077 1510 1208 1539 exequias
1228 1510 1300 1533 ferte
1320 1509 1478 1539 frequenter
1498 1516 1575 1540 apes.

819 1539 899 1564 Flete
918 1541 954 1571 pii
973 1542 1071 1572 flores,
1095 1543 1222 1573 foliisque
1243 1543 1385 1567 inscribite
1405 1544 1509 1571 luctus,

925 1576 963 1599 Tu
983 1582 1089 1606 quoqne
1109 1578 1247 1601 litterulas
1267 1578 1309 1601 die
1327 1578 1474 1608 hyacinthe
1493 1581 1564 1602 tuas.

821 1609 940 1637 omnes,
967 1616 1036 1640 quae
1054 1611 1151 1635 Libani
1170 1612 1306 1636 frondetis
1327 1612 1443 1636 collibus
1462 1613 1578 1637 herbae:

924 1644 962 1667 Tu
983 1646 1073 1668 tamen
1092 1648 1155 1669 aute
1173 1647 1244 1670 alias
1264 1646 1360 1670 florida
1379 1648 1441 1670 ruta
1460 1647 1530 1670 dole.

819 1675 879 1700 Nou
900 1677 950 1700 fuit
969 1678 997 1701 in
1017 1679 1101 1702 terris
1120 1680 1215 1709 apibus
1235 1682 1285 1704 flos
1304 1681 1411 1709 gratior
1430 1686 1565 1711 unquam,

923 1712 1073 1742 Progenuit
1092 1714 1167 1737 foliis
1188 1716 1243 1738 tam
1263 1715 1305 1744 pia
1326 1716 1407 1738 mella
1426 1716 1494 1740 suis,

819 1744 841 1768 E
861 1744 936 1769 soliis
956 1749 1053 1777 gratos
1074 1749 1200 1772 Ecclesia
1219 1749 1309 1772 sensit
1328 1750 1444 1779 odores,

920 1780 1040 1811 Vitaque
1059 1783 1199 1806 confectos
1219 1783 1294 1806 venit
1314 1784 1339 1806 in
1358 1784 1495 1807 alveolos.

817 1813 877 1836 Heu
897 1815 1010 1838 valeant
1029 1818 1160 1846 quotquot
1180 1818 1254 1841 foliis
1274 1818 1380 1841 insecta
1399 1819 1507 1847 peresis

922 1849 993 1873 Hinc
1012 1853 1115 1880 sugunt
1135 1851 1204 1874 odiis
1225 1857 1310 1875 saeva
1329 1852 1459 1876 alimenta
1478 1853 1546 1879 suis.

815 1881 966 1913 Lucifugae
985 1884 1104 1913 blattae,
1131 1891 1286 1915 vespaeque
1303 1888 1367 1909 ante
1386 1893 1436 1910 ora
1454 1888 1627 1919 strepentes,

919 1917 955 1940 Et
973 1918 1018 1947 qui
1035 1918 1166 1942 Libanias
1184 1921 1275 1943 turbat
1293 1921 1400 1950 Asylus
1418 1926 1494 1951 apes.

814 1950 869 1973 Aut
888 1951 933 1980 qui
952 1957 1005 1975 non
1023 1953 1135 1982 paribus
1157 1953 1263 1978 Crabro
1283 1961 1314 1978 se
1334 1955 1479 1979 immiscuit
1497 1957 1598 1988 armis,

920 1986 1025 2015 Quique
1042 1987 1134 2010 aliena
1156 1987 1236 2017 piger
1256 1990 1353 2018 pabula
1372 1990 1450 2013 sucus
1470 1990 1534 2014 edit.

814 2019 871 2041 Aut
891 2019 1036 2048 picturatis
1056 2021 1146 2044 Eruca
1165 2021 1193 2044 in
1214 2023 1331 2051 pellibus
1352 2029 1466 2053 errans,

916 2054 993 2083 Eque
1011 2054 1070 2078 luto
1090 2055 1211 2079 volitans
1231 2063 1327 2080 musca
1346 2063 1394 2086 per
1414 2063 1463 2080 ora
1483 2057 1580 2084 virum.

812 2086 848 2110 Et
867 2092 919 2111 vos
939 2088 1094 2112 obscoenae
1113 2089 1259 2120 volucres,
1284 2091 1453 2121 pecudesque
1473 2093 1564 2116 valete

915 2121 1072 2146 Foedantes
1092 2124 1188 2146 vestro
1208 2125 1331 2155 germina
1349 2131 1430 2149 sacra
1448 2126 1526 2150 fimo:

812 2154 889 2183 Quae
907 2156 975 2185 pede
992 2157 1112 2187 galline,
1140 2163 1210 2187 quae
1227 2159 1303 2182 calce
1323 2159 1447 2183 rudentis
1466 2161 1554 2185 Aselli

914 2189 1020 2213 Eruitis
1040 2190 1144 2214 virides
1164 2197 1213 2220 per
1233 2199 1329 2216 nemus
1351 2199 1430 2217 omne
1448 2200 1549 2219 comas.

811 2221 870 2246 Vos
889 2223 981 2247 tamen
1000 2224 1049 2247 ille
1068 2230 1161 2248 omnes
1180 2227 1233 2250 tam
1254 2233 1356 2256 parvus
1377 2228 1452 2258 pavit
1471 2229 1498 2253 in
1518 2231 1630 2261 umbra,

914 2257 961 2281 Sic
979 2258 1072 2282 multis
1091 2259 1216 2289 probitas
1236 2261 1359 2285 officiosa
1377 2264 1466 2286 nocet.

809 2289 892 2314 Valle
910 2292 960 2314 sub
978 2292 1078 2322 Elysia
1094 2299 1176 2317 sacra
1194 2300 1289 2319 nemus
1312 2297 1411 2319 arbore
1429 2296 1554 2330 frondet,

913 2325 1054 2356 Laetaque
1071 2327 1183 2351 selectis
1202 2329 1314 2352 floribus
1334 2336 1404 2354 arva
1422 2331 1522 2357 virent.

809 2357 837 2381 Si
857 2364 910 2389 qua
928 2359 995 2384 fides
1015 2361 1157 2393 veterum,
1185 2362 1261 2386 locus
1284 2364 1332 2387 ille
1351 2365 1506 2390 salubribus
1524 2367 1616 2392 herbis

911 2393 963 2416 Est
982 2394 1077 2426 datus,
1103 2397 1258 2420 obscoenae
1276 2404 1328 2427 quo
1347 2399 1523 2428 prohibentur
1541 2408 1616 2428 aveS.

807 2424 869 2449 lllic
887 2427 1000 2452 assidue
1018 2429 1105 2453 libant
1124 2430 1249 2454 examina
1267 2437 1375 2463 rorem,

910 2461 946 2484 Et
966 2462 1070 2487 virides
1089 2464 1173 2488 laedit
1193 2465 1280 2488 bestia
1300 2467 1375 2490 nulla
1393 2474 1493 2492 comas,

808 2492 917 2524 Regnat
933 2500 1012 2520 amor
1030 2498 1143 2529 norum,
1170 2500 1197 2522 et
1215 2501 1367 2530 generandi
1385 2502 1477 2531 gloria
1495 2504 1601 2535 mellis⁷

910 2529 945 2552 Et
964 2531 1040 2554 venit
1057 2538 1074 2555 a
1092 2533 1148 2557 leni
1165 2539 1304 2557 murmure
1322 2535 1397 2559 facta
1415 2537 1502 2566 quies.

807 2560 953 2586 Flosculus
971 2563 1014 2588 hic
1032 2565 1104 2590 inter
1124 2568 1319 2592 benevolentes
1339 2570 1463 2594 consitus
1482 2572 1582 2598 herbas

909 2596 937 2619 ln
958 2603 1008 2621 sua
1026 2600 1167 2625 mellificas
1185 2602 1310 2631 germina
1328 2604 1412 2627 vertit
1430 2610 1513 2636 apes,

805 2628 888 2658 Inque
906 2630 963 2654 Deo
983 2634 1115 2659 occultam
1134 2636 1209 2666 degit
1228 2637 1278 2660 sub
1297 2638 1401 2667 cespite
1421 2639 1522 2672 vitam,

908 2665 962 2689 Nec
980 2668 1075 2692 metuit
1094 2669 1173 2694 sucos
1192 2669 1220 2693 in
1239 2676 1290 2694 sua
1309 2672 1367 2696 sata
1385 2673 1473 2699 leves.

2208 85 2257 120 56
