2341 2973
217 101 292 138 7³9

218 187 291 220 imo
310 187 345 219 in
366 198 400 220 se
418 186 545 230 ipsum.

218 238 345 283 Syrum
364 237 518 281 instigat.
572 235 632 270 Vs.
646 235 706 271 34.
734 239 911 271 fabricam
924 238 1052 281 finyit]
1078 238 1211 272 Trans-

218 290 304 321 latio
325 301 341 320 a
363 287 536 322 machinis
555 288 701 322 bellicis.
804 288 865 323 Vs.
887 289 947 322 38.
980 292 1089 323 Tanto
1103 290 1213 324 hercle

218 336 367 385 melion]
394 339 633 373 Calliditatem
652 340 745 373 servi
764 340 896 373 laudat.
1001 340 1060 374 Vs.
1076 340 1137 375 39.
1165 344 1213 375 At

218 392 298 425 heus
321 392 385 435 im]
413 391 660 424 Praemonitio
686 392 728 423 de
748 391 808 423 filii
834 403 968 424 amore.
1071 391 1132 426 Vs.
1152 392 1211 426 43.

218 444 334 488 Neque
366 454 402 476 eo
436 455 526 476 mmo
558 440 659 489 dica]
709 442 821 475 Tollit
863 442 1077 486 obiurgandi
1113 455 1213 477 occa-

219 494 370 528 sionem.

432 580 540 613 Actus
557 577 615 613 Ill.
644 578 755 612 scena
774 577 832 612 ΙΙΙ.
858 578 1008 622 Argum.

324 645 494 680 Chremes
509 647 620 680 filium
642 646 809 690 obiurgat
827 653 861 679 et
886 646 1134 680 immodestiae
1158 658 1214 679 ar-

222 698 316 742 guit,
365 711 471 743 quem
507 711 587 731 cum
623 696 800 731 Bacchide
840 699 1023 732 ludentem
1062 698 1213 732 viderat.

222 749 331 795 Syrus
357 747 445 783 hero
468 750 504 783 id
530 750 674 789 suadet,
718 751 815 795 quod
844 749 997 782 maxime
1028 750 1073 782 ad
1098 756 1214 782 extor-

221 802 403 847 quendum
429 801 512 835 facit
532 807 732 845 argentum.

324 852 384 886 Vs.
411 853 443 886 1.
487 854 576 894 Quid
596 853 732 897 isthuc]
768 852 993 892 Periculum,
1027 863 1090 896 per
1116 852 1214 897 quod

221 904 351 938 sensim
372 905 415 936 ad
433 904 595 948 epitasin]
614 904 789 948 pervenit.
827 903 951 948 Neque
968 903 1063 936 enim
1083 903 1214 943 subito,

221 957 280 990 sed
293 957 496 1000 pergradus
508 957 683 1000 quosdam
703 956 747 987 ad
764 955 867 987 talem
887 961 1026 991 motum
1046 956 1214 988 acceden-

221 1008 306 1040 dum
325 1014 411 1040 erat.
519 1005 578 1040 Vs.
597 1006 632 1040 9.
659 1009 860 1042 Amantium
876 1009 1009 1040 animos
1019 1004 1096 1054 ²⁹).]
1121 1006 1212 1040 Nam

221 1059 426 1091 amantibus
447 1058 566 1090 onmia
583 1065 665 1091 sunt
685 1064 859 1102 suspecta.
944 1057 1003 1091 Vs.
1023 1058 1079 1091 13.
1108 1062 1216 1092 Nemo

219 1110 297 1153 est]
324 1110 379 1143 Ab
398 1109 560 1152 exerriplo
581 1115 743 1153 paterno.
823 1109 883 1142 νε.
906 1109 963 1142 17.
990 1109 1213 1153 Intelligere]

218 1158 365 1208 γνώμη.
462 1159 521 1194 νε.
539 1161 599 1195 21.
628 1162 722 1194 Mihi
739 1162 909 1194 molestum
925 1161 1001 1204 est]
1029 1162 1123 1194 Mihi
1142 1173 1214 1193 em-

219 1210 358 1256 phasim
376 1210 495 1245 habet.

219 1263 297 1296 titio
327 1276 389 1307 per
416 1263 713 1306 indignationem.

218 1316 357 1359 dicent]
386 1314 599 1358 lmprecatio
620 1315 656 1346 in
675 1315 817 1359 Syrum.
911 1314 971 1348 Vs.
987 1315 1047 1348 30.
1078 1316 1214 1349 Censen’

218 1378 293 1399 vero
304 1364 335 1410 ἲ]
364 1366 471 1399 Recte
491 1372 614 1398 monet
630 1367 673 1398 de
693 1366 765 1398 filio
780 1366 971 1399 servando.
1076 1365 1136 1400 Vs.
1153 1366 1213 1399 33.

218 1419 308 1451 Nam
336 1419 420 1452 milei
445 1419 541 1462 ium-J
570 1420 678 1458 lVam,
709 1418 887 1450 accusatio
911 1414 1212 1462 amphiliologica.

217 1468 276 1502 Vs.
301 1469 361 1503 36.
405 1471 510 1512 Frugi
533 1469 597 1512 esu]
633 1468 775 1501 Laudat
806 1469 924 1500 denuo
958 1468 1119 1502 fallacem
1142 1482 1213 1503 ser-

217 1532 313 1553 vum.
420 1520 479 1553 νε.
499 1519 559 1553 40.
594 1523 684 1554 Huic
707 1521 978 1562 drachmarum]
1008 1519 1125 1564 Caput
1150 1521 1214 1553 fal-

217 1571 340 1604 laciae.
435 1571 494 1604 νε.
512 1571 572 1605 41.
598 1570 925 1618 ΑάοΙεεεειιίαΙαιη.]
958 1571 1089 1604 Valens
1108 1584 1211 1605 causa

217 1623 262 1654 ad
290 1623 575 1666 extorquendum
605 1629 804 1666 argentum.

215 1674 303 1707 hanc
324 1675 422 1718 essa]
458 1673 650 1706 Fallaciam
678 1674 803 1716 aperit.

217 1722 343 1771 muna]
373 1726 482 1757 Parat
499 1738 534 1758 se
553 1726 596 1757 ad
615 1725 721 1757 aliam
741 1736 895 1757 scenam.

434 1808 544 1842 Actus
561 1807 620 1842 IV.
649 1809 760 1841 Scena
779 1807 804 1842 I.
832 1807 980 1852 Argum.

320 1876 416 1911 Haec
439 1889 542 1911 scena
560 1875 769 1923 Antiphilae
788 1877 947 1911 continet
971 1875 1209 1921 agnitionem:

216 1929 311 1961 unde
347 1929 501 1973 iurgium
538 1929 631 1962 inter
666 1931 783 1962 virum
821 1936 855 1962 et
890 1941 1036 1962 uxorein
1075 1929 1209 1966 oritur;

217 1978 387 2014 Chremes
408 1981 502 2013 enim
528 1981 678 2015 iusserat
704 1981 834 2024 exponi
859 1987 1023 2025 partum,
1056 1979 1084 2013 si
1112 1979 1209 2023 puel—

215 2031 286 2064 lam
306 2032 499 2076 peperisset
517 2032 613 2076 ipsa,
643 2034 740 2078 quod
758 2034 889 2065 sactum
907 2045 981 2065 non
999 2037 1061 2065 est.

319 2082 379 2116 Vs.
406 2084 438 2117 1.
481 2086 562 2118 Nisa·
586 2097 637 2118 me
660 2081 825 2132 (eninm-9]
863 2084 957 2117 Haec
982 2079 1208 2126 catastrophe

215 2147 334 2168 rerum
356 2135 492 2168 Cliniae
509 2143 577 2177 cst,
607 2143 640 2170 et
663 2137 801 2169 occasio
822 2136 996 2180 epitas‹·os
1018 2146 1133 2168 novae
1156 2146 1207 2166 re-

214 2199 293 2219 rum
317 2184 544 2230 Clitiphonis.
635 2187 694 2221 Vs.
716 2188 772 2221 10.
798 2190 870 2221 Hoc
884 2193 915 2221 ie
932 2185 1019 2233 orm]
1050 2185 1208 2218 lusiuua—

215 2238 265 2271 tio
284 2251 301 2271 a
320 2238 543 2283 purgatione.
645 2239 703 2273 Vs.
725 2237 783 2272 15.
812 2239 1023 2282 Sustulisti]
1053 2236 1207 2276 Tollere,

214 2287 271 2323 hic
298 2297 347 2324 est
375 2290 523 2323 nutrire.
627 2289 687 2323 νε.
710 2291 765 2323 18.
801 2293 842 2324 Se}
863 2291 1023 2334 peccavi]
1055 2288 1205 2321 Excusat

214 2342 508 2384 imprudentiam.
617 2341 677 2374 νε.
708 2341 762 2374 19.
798 2344 839 2375 Id
861 2344 992 2388 ιμιῖιίιήι
1013 2337 1098 2387 θρα]
1133 2340 1206 2372 Ol)-

215 2393 368 2437 iurgatio
388 2395 550 2426 mordax.
656 2392 715 2426 νε.
734 2392 794 2427 24.
824 2395 939 2434 Sina]
968 2393 1001 2425 id
1020 2399 1089 2431 cst,
1124 2404 1206 2424 con-

214 2448 321 2485 cedo,
349 2447 382 2478 i‹l
403 2452 472 2485 est,
502 2446 596 2490 quod
617 2443 702 2477 haec
724 2450 756 2476 te
778 2446 968 2477 moverint.
1069 2442 1127 2476 Vs.
1145 2442 1205 2477 27.

218 2498 381 2541 Veniret]
405 2496 629 2530 Vende-retur
645 2497 687 2528 ad
706 2502 881 2539 stuprum.
957 2495 1016 2529 Vs,
1034 2492 1094 2529 35.
1123 2496 1207 2528 Mea

600 1211 660 1245 Vs.
678 1212 739 1245 26.
767 1213 1028 1245 Deambulatum
1039 1209 1071 1259 2]
1100 1211 1215 1256 Repe-

826 1262 886 1297 νε.
903 1263 964 1298 28.
996 1265 1061 1297 Dii
1084 1269 1114 1297 ie
1136 1276 1215 1297 era-

917 1621 976 1655 Vs.
992 1621 1052 1655 47.
1089 1625 1213 1656 Dicam

924 1672 983 1706 Vs.
1006 1671 1067 1708 52.
1105 1676 1213 1708 Mane

248 2630 294 2662 2⁸)
316 2629 366 2661 At]
385 2631 426 2653 sic
446 2630 510 2654 mae
530 2629 630 2659 Editt.;
659 2629 705 2652 ica.
726 2628 817 2651 vom»,
841 2628 889 2652 Ee.

248 2684 296 2709 2⁹)
317 2683 484 2706 Amantium
503 2683 630 2710 animos]
650 2682 690 2704 sic
710 2681 775 2704 inae
794 2681 894 2709 Editt.;
920 2679 968 2703 Ed.
991 2679 1081 2703 Vollh.
1102 2686 1205 2703 :tman-

283 2719 336 2741 1is:
361 2717 489 2741 animum

805 100 927 136 pun..
956 101 1067 135 MEL.
1096 96 1298 136 SCRIPTA
1326 97 1663 141 PHILOLOGICA.

648 185 708 219 Vs.
725 186 783 221 32.
813 188 913 231 ΑΓΗ)
937 185 1054 234 retina]
1082 186 1210 221 Denuo
1261 189 1443 235 facilitas]
1470 190 1636 226 Facilitas
1656 203 1759 226 causa
1781 191 2024 238 delinquendi.

2182 106 2258 142 740

1264 242 1481 286 Religiosae]
1524 242 1559 275 id
1594 249 1666 283 est,
1707 243 1984 288 superstitiosae.
2106 192 2258 279 {5:33⁷

1265 294 1380 337 Hem-J
1408 294 1591 338 stupentis
1611 301 1673 328 est.
1760 295 1819 330 Vs.
1838 294 1898 330 44.
1925 296 2078 340 Esilui]
2103 296 2257 341 Magnae

1264 344 1421 378 laetitiae
1439 345 1611 378 indicium
1631 351 1693 379 est.

1481 437 1590 472 Actus
1606 437 1665 472 IV.
1692 438 1802 472 Scena
1818 438 1859 473 ll.
1886 440 2037 484 Argum.

1371 505 1458 539 Post
1476 506 1633 550 agnitam
1651 504 1874 551 Antiphilam
1891 507 1982 553 Syro
1999 518 2133 540 novum
2152 518 2260 552 quae-

1269 555 1360 589 ritur
1378 557 1421 589 de
1440 557 1655 590 invenienda
1675 559 1823 602 pecunia
1846 559 2047 593 consilium.

1369 607 1429 641 Vs.
1451 608 1482 641 1.
1511 611 1594 643 Nisi
1609 622 1659 643 me
1675 607 1844 657 animus]
1870 609 2043 654 Epitasis3
2070 623 2155 644 nam
2178 609 2260 644 sub-

1268 657 1350 691 inde
1367 659 1436 692 alia
1459 666 1566 706 atque
1584 661 1652 693 alia
1673 661 1819 694 consilia
1838 661 1966 695 fallunt
1983 662 2176 696 servulum.
2215 660 2262 694 Et

1269 709 1388 744 videas
1414 710 1544 756 Syrum
1575 709 1633 745 hic
1663 718 1836 757 tanquam
1860 712 2032 745 Proteum
2067 712 2105 745 in
2137 723 2262 746 omnes

1268 761 1402 796 formas
1418 763 1520 796 verti.
1585 762 1645 797 Vs.
1661 763 1695 797 6.
1725 766 1865 799 Gravior
1881 765 2020 806 bolum]
2046 761 2262 808 Metaphora

1269 824 1288 844 a
1313 813 1426 846 brutis
1452 814 1686 848 vescentibus.
1792 815 1851 849 Vs.
1872 814 1905 848 9.
1934 817 2104 859 Incipiam
2128 811 2262 860 nunc?]

1268 863 1512 897 Ratiocinatio
1537 865 1763 911 inquirentis.
1870 866 1929 900 Vs.
1950 867 2009 900 11.
2036 865 2182 911 Idem³⁰)
2202 864 2264 909 fu-

1264 916 1434 961 yilivum]
1464 915 1678 961 Metaphora
1694 918 1786 950 facta
1808 930 1826 950 a
1845 918 2011 962 profugo.

1474 1011 1582 1044 Actus
1597 1009 1657 1044 IV.
1686 1010 1797 1044 Scena
1818 1010 1875 1045 III.
1903 1012 2053 1055 Argum.

1373 1077 1487 1111 Clinia
1505 1076 1562 1111 hic
1579 1085 1748 1119 testatur,
1777 1091 1884 1124 quam
1902 1080 2055 1124 gaudeat
2073 1079 2116 1111 de
2141 1078 2261 1122 agnita

1267 1127 1454 1173 Antiphila
1468 1156 1477 1169 ,
1504 1136 1536 1162 et
1555 1142 1574 1162 a
1592 1130 1683 1175 Syro
1701 1131 1937 1171 admonetur,
1963 1137 2003 1163 ut
2025 1129 2131 1162 amici
2154 1130 2262 1163 etiam

1269 1178 1484 1224 Clitiphonis
1500 1193 1575 1214 rem
1594 1187 1694 1214 curet
1709 1181 1744 1213 in
1763 1183 1937 1215 servanda
1954 1179 2144 1214 Bacchide.

1371 1231 1430 1266 Vs.
1452 1233 1483 1265 1.
1511 1234 1618 1267 Nulla
1641 1234 1726 1267 milei
1749 1230 1830 1280 res.]
1859 1230 2096 1277 Catastrophe
2119 1231 2158 1264 in
2183 1242 2263 1275 per-

1267 1294 1374 1317 sonas
1397 1285 1600 1328 spargitur,
1628 1291 1662 1318 et
1684 1285 1871 1319 subiicitur
1899 1283 2134 1323 consultatio,
2170 1293 2262 1328 quae

1269 1334 1312 1365 ad
1340 1335 1503 1379 epitasin]
1530 1337 1678 1369 alteram
1705 1336 1801 1370 facit.
1903 1336 1962 1369 Vs.
1980 1335 2014 1369 6.
2045 1336 2112 1376 Qui
2128 1332 2262 1379 usqua]

1684 1387 1744 1422 Vs.
1761 1387 1795 1421 9.
1825 1390 1907 1421 Esse
1928 1384 2086 1432 honora]
2115 1385 2171 1417 Ab
2197 1382 2262 1417 ho-

1268 1445 1369 1471 nesto
1390 1444 1424 1471 et
1443 1439 1533 1472 utili.
1638 1438 1698 1473 Vs.
1718 1438 1775 1473 14.
1805 1441 1886 1472 Fero
1903 1437 2040 1481 hercle]
2068 1435 2262 1479 Indignan-

1268 1494 1320 1520 ter
1345 1489 1437 1521 idem
1465 1490 1596 1523 eisdem
1619 1490 1748 1534 repetit
1770 1490 1898 1523 verbis.
2011 1487 2071 1522 VS.
2097 1487 2156 1520 16.
2191 1488 2263 1520 Hoc

1267 1552 1333 1572 mm
1347 1541 1451 1585 aye-§.J
1480 1541 1559 1586 Syri
1578 1541 1779 1575 consilium.
1884 1540 1944 1573 Vs.
1962 1540 2024 1575 23.
2055 1539 2144 1580 Quin
2160 1537 2262 1581 nola]

1268 1590 1465 1624 Consilium
1487 1599 1642 1626 astutum
1662 1592 1775 1631 servi,
1810 1592 1864 1625 cui
1883 1598 2003 1623 tamen
2022 1603 2095 1623 non
2114 1600 2262 1633 respon-

1267 1642 1364 1674 debit
1385 1649 1543 1676 eventus.
1651 1643 1708 1677 Vs.
1726 1644 1788 1677 31.
1818 1644 1972 1677 Palmam
1989 1641 2059 1685 dm]
2090 1639 2261 1673 Iactantia

1266 1693 1345 1737 Syri
1371 1695 1414 1726 de
1439 1707 1500 1728 sua
1523 1694 1662 1728 astutia.
1775 1694 1836 1728 Vs.
1859 1694 1920 1728 35.
1955 1697 2003 1728 At
2027 1694 2118 1726 enim
2140 1687 2261 1738 spem]

1267 1743 1382 1777 Clinia
1400 1752 1564 1785 veretur,
1592 1759 1636 1779 ne
1654 1747 1911 1791 perturbentur
1929 1745 2089 1790 nuptiae.

1272 1387 1398 1432 Usque,
1427 1387 1578 1422 assidue.

1469 1839 1578 1874 Actus
1595 1839 1654 1874 IV.
1689 1840 1800 1874 Scena
1816 1838 1875 1874 IV.
1903 1840 2052 1883 Argum.

1366 1906 1518 1943 Bacchis
1535 1909 1624 1942 irata
1647 1909 1692 1942 ob
1716 1910 1837 1942 decem
1861 1907 1978 1941 minas
2002 1907 2163 1939 nondum
2188 1911 2260 1938 tra-

1265 1960 1356 1994 ditas
1373 1961 1551 1993 abituram
1570 1974 1605 1994 se
1620 1961 1822 1994 adsimulat.
1876 1959 1964 1991 Cum
1985 1958 2076 2003 Syro
2094 1963 2259 2002 expostu-

1264 2013 1324 2045 lat.
1379 2012 1543 2045 Tandem
1564 2013 1701 2056 placata
1720 2023 1825 2044 suasu
1845 2010 2024 2049 eiusdem,
2053 2021 2132 2042 cum
2159 2007 2259 2042 omni

1263 2064 1413 2107 strepitu
1445 2076 1485 2096 ac
1516 2064 1619 2096 turba
1657 2062 1784 2095 transit
1815 2062 1860 2094 ad
1892 2061 2145 2094 Menedemum
2180 2066 2258 2092 tan-

1266 2115 1396 2160 tisper,
1423 2116 1508 2148 dum
1528 2113 1698 2148 Chremes
1717 2113 1872 2146 saliatur.

1364 2166 1424 2200 Vs.
1446 2167 1476 2200 1.
1505 2168 1602 2201 Satis
1622 2167 1677 2209 pol
1693 2164 1873 2209 proterva]
1908 2161 2107 2197 Meretricis
2131 2171 2257 2194 excan-

1263 2218 1436 2251 descentis
1453 2218 1684 2262 conquestio,
1713 2219 1756 2249 de
1775 2217 1922 2260 pecunia
1945 2216 2106 2248 nondum
2126 2213 2256 2248 soluta.

1262 2268 1322 2302 Vs.
1340 2267 1375 2303 5.
1405 2271 1487 2304 Cum
1501 2281 1558 2312 spe
1568 2269 1613 2313 3¹)
1628 2266 1811 2316 pendebit]
1841 2267 1932 2300 Mira
1952 2264 2140 2300 Bacchidis
2159 2262 2256 2297 calli-

1262 2321 1364 2353 ditas.
1452 2320 1513 2353 νε.
1532 2320 1566 2353 9.
1594 2321 1677 2354 Mea
1696 2320 1875 2363 I’hryyza]
1903 2318 2100 2351 Memorem
2118 2314 2257 2349 inducit

1263 2370 1507 2410 meretricem,
1535 2378 1728 2416 aptamque
1747 2373 1791 2404 ad
1808 2371 2016 2410 fallendum.
2046 2409 2048 2411 Ι
2113 2367 2174 2400 Vs.
2195 2361 2252 2399 15.

1260 2420 1414 2469 Abi³²).]
1446 2423 1690 2456 Dissimulatio
1711 2420 1909 2456 Bacchidis.
2015 2419 2074 2462 V-s.
2094 2419 2153 2452 18.
2180 2419 2253 2451 Ar-

1257 2480 1393 2517 ymatum
1408 2472 1518 2521 cuda]
1547 2475 1807 2521 μεταφορικῶς
1823 2480 1855 2506 et
1873 2473 2097 2512 ioculariter,
2126 2475 2166 2503 ut
2182 2479 2253 2502 ser-

1295 2609 1343 2636 30)
1364 2609 1453 2637 Idem]
1473 2608 1514 2632 sic
1533 2609 1597 2632 inae
1613 2608 1718 2639 -Editt.;
1756 2608 1803 2633 Ed.
1825 2608 1917 2632 voub.
1937 2608 2020 2632 illud.
2042 2618 2045 2621 ⁸

1293 2660 1341 2688 31)
1363 2661 1425 2691 spe]
1446 2661 1486 2690 sic
1506 2660 1572 2684 illae
1591 2661 1694 2690 renam
1722 2660 1772 2683 Ed.
1794 2660 1885 2683 vom».
1905 2660 1936 2684 in
1954 2648 2011 2691 spess'

1294 2712 1342 2739 ³2)
1367 2711 1435 2739 Abit}
1456 2712 1495 2735 sic
1514 2712 1578 2735 inae
1598 2712 1700 2740 ruam
1726 2711 1773 2735 Ed.
1797 2711 1885 2734 νηιιι».
1904 2711 1923 2734 ε.

2336 2480 2341 2540 ἓ
