2421 3005
98 123 172 158 173
474 118 660 155 Lxxvni.

98 208 266 243 omnibus
284 207 518 242 interioribus
536 207 673 241 viribus
692 214 726 241 et
748 206 922 241 membris
947 205 1114 241 externis.
1141 205 1143 219 ’

96 260 232 306 Estque
252 259 446 305 descriptio
465 259 740 305 gubernationis
756 260 1010 293 locomotivae.

202 311 328 353 Oculi,
357 312 478 357 lingua
492 339 501 353 ,
530 324 634 346 aures
650 318 685 346 et
700 324 802 346 mens
818 311 905 352 viri,
930 311 969 344 in
992 310 1113 344 medio

97 370 242 410 pectore
262 364 424 398 nascitur
443 362 724 412 prudentibus‚]
762 364 798 397 id
822 370 893 404 est,
928 363 1017 403 illis,
1052 362 1112 408 qui
1141 376 1144 410 ᾗ

97 423 273 462 reguntur
290 423 385 450 recta
403 416 558 451 ratione.
613 415 807 461 Gellius‘ss)
829 422 978 450 venuste
995 414 1115 461 inquit
1142 453 1143 458 ¹

97 471 140 502 de
157 469 280 514 lingua
299 469 552 514 gubernanda:
587 469 672 504 Non
699 469 806 502 debet
830 466 920 501 haec
939 468 1023 501 nola
1044 467 1115 500 tin·
1142 461 1143 468 ¹

97 521 198 562 nire,
225 520 295 555 nisi
313 522 399 555 fune
426 519 595 555 trahatur
617 533 637 554 a
665 522 796 562 corde,
826 520 862 554 id
880 527 951 560 est,
985 531 1115 564 expen-
1141 524 1143 539 ⁴

98 574 258 607 dendum
278 579 330 607 est
347 573 467 618 prius,
496 573 583 619 quid
608 573 791 619 loquaris,
826 585 871 606 ne
898 573 996 607 dicas
1022 571 1116 605 redi-

98 633 197 660 turas
216 637 320 659 voces
339 637 404 669 per
421 626 604 670 iugulum,
630 632 672 660 ut
687 625 828 659 Plinius
847 624 978 670 inquit.

202 686 281 721 Vss.
301 684 400 720 1165
417 699 469 732 sq.
516 684 621 734 Τοῖς]
647 685 702 720 De
726 698 924 731 pravorum
946 684 1116 719 societate

97 739 259 773 vitanda.
329 738 494 785 Suntque
523 736 562 771 hi
586 739 753 773 versiculi
778 738 957 782 elegantes
981 748 1116 782 propo-

97 791 211 824 nendi
230 791 439 831 iuvenibus,
467 802 622 837 quorum
641 790 798 835 simplici
823 789 935 823 aetati
957 789 1115 822 maxime

99 850 206 877 nocet
239 844 462 876 consuetudo
495 855 643 882 eorum,
692 855 848 889 quorum
880 853 1001 876 mores
1033 846 1117 875 sunt

100 895 283 939 corrupti,
312 907 377 928 nec
404 901 456 929 est
482 895 596 929 ullum
623 894 722 928 aliud
748 893 907 929 deterius
934 906 1114 928 venenum

103 946 388 987 adolescentiae,
417 958 525 993 quam
544 960 698 992 pravum
717 947 941 982 sodalitium.

206 999 296 1033 Cum
320 999 425 1033 bonis
453 1012 687 1041 conversare,
722 1000 838 1034 malos
868 1011 953 1032 vero
988 1010 1033 1031 ne
1064 1010 1116 1031 se-
1143 1010 1145 1022 κ

101 1052 244 1099 quaris,
293 1053 442 1098 quando
474 1051 666 1097 perfeceris
699 1053 787 1087 fines
821 1051 940 1096 viae,]
984 1051 1021 1083 id
1053 1056 1117 1090 est,

101 1105 193 1140 sicut
211 1117 291 1138 culn
313 1117 461 1149 peregre
482 1104 739 1149 proficisceris,
769 1116 919 1150 operam
945 1104 1031 1136 dare
1057 1103 1116 1135 de-

99 1158 183 1197 bes,
210 1163 250 1191 ut
269 1156 335 1190 tibi
353 1169 472 1191 comes
494 1157 550 1190 vir
576 1157 622 1192 sit
645 1157 781 1198 bonus,
810 1157 859 1189 ita
885 1156 923 1188 in
947 1155 1115 1188 universa

100 1209 194 1249 vita,
224 1221 316 1254 quae
334 1207 425 1241 nihil
442 1209 540 1242 aliud
559 1215 610 1243 est
633 1222 741 1255 quam
770 1207 1036 1254 peregrinatio,
1065 1206 1117 1240 di-

99 1261 254 1306 ligenter
269 1260 515 1305 circumspice,
543 1261 599 1295 cui
618 1267 650 1295 te
670 1262 845 1306 adiungas
865 1267 897 1294 et
915 1260 1015 1294 cuius
1032 1272 1116 1292 con-

101 1312 215 1348 sortio
233 1312 358 1347 utaris.

204 1372 283 1407 Vss.
305 1373 404 1407 1167
420 1386 473 1418 sq.
513 1374 598 1408 Τιῦν
629 1371 817 1420 ἀγαθῶν]
849 1371 1041 1404 Bonorum
1066 1378 1117 1404 est

98 1426 196 1459 bona
211 1425 420 1469 responsiO,
449 1431 484 1457 et
505 1425 599 1458 bona
627 1424 735 1457 etiam
758 1423 871 1463 sacta,
909 1422 944 1456 id
971 1429 1043 1463 est,
1072 1424 1115 1455 ab

98 1478 168 1512 illis
186 1477 324 1523 aliquid
340 1476 429 1511 boni
445 1477 569 1511 disces.
605 1476 675 1510 Sed
693 1475 873 1509 malorum
894 1475 988 1508 mala
1006 1476 1115 1508 verba

100 1530 157 1564 vel
172 1527 277 1563 nihili
295 1530 388 1563 dicta
412 1529 511 1562 venti
531 1529 710 1563 auferunt.
755 1527 871 1562 Notus
892 1534 943 1561 est
960 1528 1115 1562 versicu-
1143 1542 1144 1558 ι

99 1583 154 1617 lus
176 1582 248 1615 divi
274 1579 437 1629 Pauliffl)
465 1595 507 1615 ex
523 1581 747 1615 Menandro:
784 1580 1035 1626 Corrumpunt
1053 1582 1115 1615 bo·
1143 1578 1144 1599 l

99 1647 167 1669 nos
186 1647 307 1668 mores
327 1635 508 1668 consortia
528 1647 653 1679 prava.
1143 1644 1145 1670 ξι

205 1695 284 1729 Vss.
304 1695 402 1729 1169
421 1707 472 1740 sq.
496 1692 569 1730 Ἐκ.
606 1694 656 1728 Ex
684 1705 797 1739 pravo
824 1693 994 1727 sodalitio
1020 1695 1113 1727 mala

101 1753 385 1792 consequuntur.
427 1746 532 1779 Recto
550 1753 669 1779 antem
690 1747 764 1790 ipse
785 1758 996 1789 cognosces,
1026 1760 1115 1792 qno-

100 1801 198 1834 niam
220 1800 322 1832 valdo
348 1799 528 1831 nil'endisti
550 1796 686 1845 Deos]
717 1799 752 1830 id
772 1804 840 1835 cst,
869 1805 989 1832 tamen
1009 1812 1115 1844 saepe

103 1859 251 1898 propter
269 1865 380 1896 praxa
401 1850 567 1884 sodalitia
587 1850 720 1884 incides
739 1849 776 1882 in
799 1862 935 1894 poenas
962 1851 1115 1885 divinas.

100 1903 335 1949 luvenalis2⁵)
356 1904 400 1936 de
420 1903 517 1935 malo
538 1902 728 1936 sodalitio:

413 1962 495 1986 Dedit
514 1962 586 1986 hauc
604 1961 734 1992 contagio
754 1961 860 1992 labem,

206 2008 242 2031 Et
261 2006 336 2031 dabit
355 2005 383 2030 in
403 2005 514 2037 plures3
543 2006 614 2029 sieut
633 2011 702 2036 grex
722 2006 798 2029 totus
818 2004 846 2028 in
865 2004 944 2036 agris

206 2050 294 2075 Unius
312 2050 405 2074 scabie
425 2049 499 2073 cadit
518 2051 546 2073 ct
566 2049 709 2080 porrigine
730 2049 817 2080 porci.

100 2097 148 2131 Et
169 2093 433 2130 Demosthenes
458 2095 593 2140 inquit:
631 2095 731 2128 Talis
754 2094 906 2141 quisque
931 2100 1026 2126 recte
1052 2106 1115 2138 pu-

101 2156 199 2184 tatur
217 2161 310 2189 esse,
340 2147 462 2194 quales
489 2147 539 2179 illi
563 2153 664 2187 sunt,
700 2160 779 2181 cum
810 2147 940 2193 quilius
967 2159 1115 2180 conver-

101 2209 212 2236 satur.

206 2252 282 2287 Vss.
300 2251 394 2286 1171
416 2264 468 2297 sq.
497 2248 683 2299 Γνώμην]
712 2251 766 2285 De
783 2252 995 2296 prudentia,
1018 2253 1115 2298 quod

100 2306 146 2341 sit
162 2305 360 2340 maximum
380 2305 515 2337 bonum
534 2303 571 2337 in
588 2305 659 2337 vita
680 2302 890 2345 hominum,
925 2311 959 2337 et
984 2304 1029 2338 sit
1053 2305 1115 2337 do-

100 2371 187 2392 num
206 2358 317 2393 solius
334 2357 412 2390 Dei.
476 2357 589 2400 Saepe
614 2357 707 2389 enim
736 2356 1000 2401 sapientissima
1031 2369 1114 2390 con-

101 2410 178 2445 silia
206 2410 357 2455 pessime
384 2409 536 2447 cadunt,
566 2408 657 2442 sicut
680 2415 832 2456 uterque
852 2407 1115 2443 Demosthenes
1142 2433 1144 2447 .

101 2469 137 2496 et
156 2462 282 2497 Cicero
299 2468 505 2497 everterunt
524 2461 796 2495 {intentissimas
813 2461 1033 2506 respublicas
1051 2474 1111 2496 sna

102 2514 290 2559 sapientia.
358 2514 464 2549 Nulla
497 2514 591 2547 enim
626 2513 707 2547 felix
740 2520 791 2547 est
816 2513 891 2548 sine
921 2513 998 2547 Deo
1029 2526 1114 2558 pru—

102 2567 234 2600 (leutizi.

135 2685 184 2713 23)
205 2685 282 2710 cons.
303 2685 386 2709 Gellii
407 2685 484 2711 Noct.
505 2687 561 2709 Att.
583 2685 603 2711 1,
628 2686 666 2709 15.

135 2727 184 2760 24)
207 2729 229 2753 1.
246 2728 310 2753 cor.
331 2728 371 2758 15,
390 2728 432 2752 33.

135 2770 185 2800 ²5)
203 2770 297 2796 Iuven.
319 2772 376 2795 sat.
391 2771 418 2801 2,
438 2770 508 2795 78—
522 2771 564 2795 50.

724 117 1018 155 EXPLICATIO
1052 118 1441 156 SENTENTIARUM
1477 121 1788 158 THEOGNIDIS..

1143 1450 1145 1465 ι
1170 1432 1287 1468 lendis
1304 1447 1321 1467 e
1340 1436 1474 1470 medio.

1143 1502 1144 1513 π
1170 1492 1211 1519 ut
1229 1486 1442 1522 obediamus
1460 1487 1568 1521 etiam
1592 1488 1706 1533 impio
1732 1487 1980 1533 magistratui,
2008 1488 2118 1520 modo
2144 1498 2189 1519 ne

1172 1965 1254 2000 tius.

1144 2019 1254 2051 'sunt
1290 2018 1429 2063 insigne
1459 2018 1526 2051 Dei
1561 2019 1718 2059 donum,
1764 2020 1806 2051 de
1839 2030 1910 2063 quo
1939 2016 2187 2062 Saloinon²⁷):

2114 125 2187 160 174

1274 209 1456 249 Mentem,
1492 208 1528 242 id
1555 216 1626 249 est,
1663 211 1894 254 prudentiam
1923 213 2099 256 optimam
2124 212 2185 245 Dii

1169 261 1259 294 dant
1291 259 1523 300 hominibus,
1569 274 1660 307 quae
1690 263 1851 296 continet
1882 269 1994 297 metas
2020 264 2183 298 omnium

1169 311 1335 361 rerum,]
1365 313 1400 347 id
1422 319 1493 353 est,
1522 313 1644 346 omnia
1664 321 1840 358 reguntur
1865 315 2014 349 consilio
2041 321 2076 348 et
2101 328 2186 360 pru—

1170 365 1304 399 dentia-

1274 424 1353 459 Vss.
1385 424 1666 460 1173—1178.
1710 422 1772 472 Ὠ]
1809 425 2054 466 Exclamatio,
2094 440 2187 474 quae

1171 477 1366 521 amplificat
1393 475 1486 510 hanc
1511 478 1740 512 sententiam.
1793 477 1827 512 O
1852 479 1956 517 felix,
1990 480 2052 525 qui
2077 482 2185 513 talem

1170 526 1281 562 habet
1297 535 1474 569 mentem,
1504 530 1626 569 idest,
1653 531 1707 563 cui
1726 529 1823 564 Deus
1847 531 2044 564 clementer
2068 533 2187 576 adspi-

1170 587 1238 615 rat.
1293 581 1396 615 Certe
1416 579 1503 615 haec
1523 583 1637 615 multo
1658 589 1709 616 est
1729 583 1878 623 melior,
1913 596 2022 629 quam
2050 584 2186 617 violen-

1171 633 1220 666 tia
1238 633 1387 667 exitiosa
1408 641 1442 666 et
1465 634 1665 678 perniciosa
1691 635 1874 669 saturitas.
1927 632 2049 682 Κύρος
2075 635 2187 682 ὕβριν

1169 683 1297 720 τίκτει.
1352 685 1505 719 Satietas
1524 687 1619 731 parit
1637 687 1788 721 iniurias
1805 694 1839 720 et
1854 688 2108 732 petulantiam.

1277 737 1430 772 Satietas
1447 739 1501 771 vel
1519 739 1689 774 saturitas
1707 746 1759 773 est
1774 737 1985 774 hominibus
2004 741 2098 773 mala
2119 753 2187 778 res,

1172 796 1206 822 et
1230 788 1285 824 his
1311 790 1414 824 malis
1441 791 1574 824 scilicet
1601 792 1799 836 petulantia
1826 798 1859 825 et
1885 792 2073 826 saturitate
2097 790 2186 825 nihil

1172 848 1224 875 est
1242 842 1492 887 perniciosius.

1171 895 1243 929 stit.

1546 843 1676 878 Omnis
1694 844 1789 877 enim
1812 857 1853 877 ex
1868 842 1922 878 his
1950 845 2087 878 malitia
2117 845 2187 878 exi-

1298 894 1448 928 Utinam
1466 895 1532 935 sis,
1563 896 1624 941 (μή
1648 908 1723 929 non
1749 896 1916 930 afficiaris
1944 897 2046 930 malis
2070 897 2188 941 operi-

1143 946 1145 971 3‘
1170 947 1257 987 bus,
1298 954 1333 980 et
1365 947 1427 994 qui
1460 948 1506 981 sis
1536 949 1673 982 otiosus
1698 960 1715 981 a
1743 948 1866 988 malis,
1908 956 1942 981 et
1967 949 2015 982 sic
2040 946 2188 983 habebis

1171 1000 1366 1033 maximam
1399 1001 1657 1045 experientiam
1685 998 1860 1048 virtutis]
1898 1000 2075 1045 Congruit
2107 1013 2186 1034 cum

1172 1052 1285 1085 dicto:
1315 1051 1466 1086 Discede
1484 1066 1504 1085 a
1523 1053 1618 1086 malo
1638 1060 1671 1086 et
1688 1053 1743 1086 fac
1758 1053 1910 1087 honum.

1275 1112 1353 1146 Yss.
1372 1113 1471 1146 1179
1489 1126 1542 1159 sq.
1567 1110 1715 1162 Κύρνε]
1747 1113 1800 1146 De
1818 1114 1950 1158 pietate
1968 1120 2002 1147 et
2020 1125 2187 1147 reveren-

1172 1164 1221 1197 tia
1248 1177 1330 1209 erga
1349 1164 1486 1205 Deum,
1520 1167 1563 1198 de
1589 1179 1660 1212 qua
1685 1166 1835 1200 dicitur:
1872 1164 2021 1199 Initium
2047 1166 2189 1210 sapien-

1172 1217 1243 1250 tiae
1263 1218 1374 1250 timor
1391 1216 1541 1250 Domini
1553 1218 1613 1263 ¹²⁶).

1277 1269 1394 1303 Deum
1422 1282 1588 1303 reverere
1616 1278 1650 1304 et
1675 1271 1772 1304 time.
1836 1270 1925 1304 [llud
1959 1269 2055 1303 enim
2092 1276 2189 1303 arcet

1172 1320 1311 1361 virum,
1340 1334 1385 1355 ne
1404 1323 1500 1355 dicat
1519 1329 1580 1355 ant
1597 1323 1706 1356 saciat
1722 1323 1847 1368 impia.

1275 1381 1354 1417 Vss.
1376 1383 1472 1417 1181
1489 1396 1542 1429 sq.
1571 1384 1827 1432 Διμιοφοίγον]
1856 1382 1911 1416 De
1931 1382 2097 1428 tyrannis
2123 1382 2189 1414 tol-

1536 1436 1610 1470 τΝοε
1633 1449 1719 1469 vero
1743 1435 1919 1469 habemus
1943 1440 2189 1479 praeceptum,

1172 1546 1277 1583 cogat
1300 1551 1366 1573 nos
1390 1541 1435 1573 atl
1462 1540 1686 1585 impietatem
1705 1547 1739 1574 et
1755 1541 1907 1578 scelera;
1935 1540 1997 1574 sed
2022 1539 2089 1584 ipsi
2114 1551 2189 1572 sus-

1143 1620 1144 1623 ,
1171 1591 1332 1625 tulerunt
1352 1599 1547 1637 tyrannos,
1577 1599 1611 1626 et
1636 1599 1907 1638 proposuerunt
1930 1591 2187 1636 amplicissima

1171 1644 1333 1689 praemia
1351 1644 1414 1685 iis,
1448 1645 1511 1690 qui
1537 1646 1706 1679 tollerent
1728 1652 1916 1691 tyrannos.

1172 1697 1408 1729 devorantem
1442 1698 1619 1741 populum
1649 1698 1753 1732 tollas
1780 1710 1845 1742 pro
1873 1696 2038 1730 arbitrio.

1172 1748 1266 1782 enim
1289 1755 1339 1783 est
1355 1749 1425 1781 ulla
1447 1749 1536 1782 ultio
1556 1751 1653 1794 apud
1671 1750 1802 1783 Deum.

1971 1644 2189 1690 Tyrannum

2105 1695 2189 1729 Non

1275 1809 1353 1844 Vss.
1375 1810 1474 1844 1183
1491 1823 1543 1856 sq.
1573 1808 1694 1858 Νοῦς]
1723 1809 1908 1843 Facundia
1935 1816 1969 1841 et
1997 1808 2187 1852 prudentia

1171 1873 1255 1894 raro
1275 1869 1359 1896 sunt
1377 1863 1581 1896 coniuncta.
1637 1862 1750 1906 Saepe
1770 1863 1819 1901 fit,
1849 1867 1887 1895 ut
1904 1862 2099 1905 prudentes
2114 1872 2189 1892 non

1172 1913 1337 1948 similiter
1364 1915 1435 1948 sint
1458 1915 1622 1952 sacnndi;
1663 1915 1723 1948 scd
1752 1912 1975 1947 contrarium
2003 1918 2050 1946 est
2078 1912 2188 1946 usita—

1317 1967 1475 2012 Quando
1504 1979 1589 2000 vero
1615 1968 1723 1999 ambo
1747 1972 1830 2000 sunt
1852 1964 2064 2002 coniuncta,
2104 1971 2188 1996 tunc

1171 2070 1290 2103 Aurea
1325 2071 1417 2103 mala
1444 2071 1480 2104 in
1507 2078 1677 2115 argentea
1706 2072 1828 2116 patina
1863 2075 1948 2103 sunt
1973 2076 2066 2102 recte
2092 2069 2186 2101 dicta

1171 2123 1390 2168 sapientum.

1276 2175 1379 2209 Mens
1413 2176 1506 2207 bona
1542 2181 1576 2207 et
1608 2174 1728 2218 lingua
1762 2173 1799 2206 in
1831 2173 1953 2219 paucis
1979 2172 2189 2207 hominibus

1171 2233 1255 2261 sunt
1272 2234 1379 2267 nota,
1408 2227 1469 2273 qni
1494 2225 1623 2259 horum
1645 2227 1836 2260 amborum
1857 2233 1940 2260 sunt
1959 2223 2121 2272 promi,]
2151 2226 2185 2257 id

1172 2286 1244 2319 est,
1272 2280 1332 2326 qui
1353 2278 1439 2313 hacc
1457 2286 1550 2313 recte
1577 2280 1802 2323 gubernant,
1840 2279 1895 2311 vel
1921 2279 1983 2324 qni
2010 2276 2064 2312 liis
2092 2284 2186 2310 recte

1170 2339 1334 2367 utuntur.
1411 2331 1474 2366 Est
1509 2332 1603 2364 enim
1640 2329 1866 2376 metaphora.
1946 2331 2100 2364 Promus
2136 2336 2187 2363 cst

1171 2385 1397 2429 dispensator
1417 2384 1452 2417 in
1472 2385 1596 2423 domo,
1625 2384 1685 2430 qni
1706 2390 1847 2428 praeest
1864 2382 1985 2427 penui,
2006 2382 2186 2415 ministrat

1171 2444 1205 2470 et
1229 2437 1410 2471 distribuit
1435 2437 1631 2470 neccssaria
1653 2444 1749 2469 certo
1774 2448 1926 2468 innuero
1946 2448 1985 2466 ac
2005 2445 2184 2473 mensura,

1171 2490 1358 2535 etreliqua
1377 2496 1547 2523 asservat.

1273 2550 1348 2584 Vss.
1362 2550 1461 2585 1187
1472 2551 1586 2596 sqst's).
1611 2550 1667 2586 Οὔ
1683 2547 1756 2596 τις]
1777 2548 1826 2580 De
1845 2547 2052 2581 necessitati·
2071 2547 2183 2579 fatali.

1204 2684 1252 2712 26)
1272 2683 1461 2708 Ecctesiastic.
1486 2684 1510 2715 i,
1534 2683 1571 2707 16.

1204 2728 1252 2756 27)
1273 2728 1355 2751 Prov.
1371 2728 1416 2760 25,
1438 2729 1479 2752 11.

1205 2771 1253 2799 28)
1273 2771 1311 2794 Dc
1333 2779 1391 2795 νεα.
1413 2771 1479 2795 1185
1494 2777 1534 2800 sq.
1556 2770 1579 2795 h.
1598 2770 1613 2793 Ι.
1635 2767 1748 2792 omissis
1768 2767 1841 2792 cons.
1863 2772 1947 2796 >upra
1970 2772 1991 2794 p.
2007 2765 2050 2788 511.
2080 2763 2179 2787 notae.
