2341 2973
206 114 280 149 443

204 206 349 246 perator
382 209 455 230 non
491 196 615 228 cedere
645 193 766 232 debet,
806 191 876 224 nisi
906 202 947 223 ex
979 189 1198 223 necessitate.

203 252 281 286 Vss.
300 249 375 284 567
394 262 471 294 sqq.
500 250 637 292 Iamque
652 247 734 279 adeo
751 240 832 290 etc.]
860 242 1055 287 Sequentes
1073 240 1199 284 viginti

203 305 293 337 duos
311 313 433 334 versus
449 299 596 345 quidam
615 309 677 330 ceu
695 308 767 329 non
779 294 953 338 genuinos
964 291 1199 332 omittuntss).

203 354 281 388 Vss.
301 351 376 386 568
395 365 446 397 sq.
476 353 680 391 „Servantem
704 344 790 392 etc.]
824 345 925 377 Facit
951 343 1199 376 narrationem

202 405 440 451 probabilem.
545 402 605 435 Vs.
623 397 710 434 575.
739 400 914 431 Exarsere
930 397 1024 439 iynes
1042 392 1126 441 etc.]
1144 393 1200 428 Ira

202 456 387 500 sanguinis
414 455 523 487 ardor
548 453 640 485 circa
667 462 727 483 cor
749 455 811 482 est.
935 447 1013 480 Vss.
1029 444 1105 480 577
1122 459 1200 492 sqq.

202 509 340 543 Scilicet
355 508 435 540 haec
446 502 529 550 etc.]
547 506 770 546 Argumenta
788 500 935 533 affectus
952 510 1015 543 per
1031 498 1199 531 ironiam.

202 560 264 593 Vs.
279 557 366 594 583.
387 560 465 591 Non
482 558 530 589 ita
549 552 632 600 etc.]
650 550 902 595 Praesumptio
922 556 984 583 aut
999 549 1200 593 occupatio.

201 610 261 644 Vs.
272 609 358 644 590.
372 614 404 642 et
417 604 602 652 pici-ueta]
621 605 782 638 Deorum
803 602 987 636 auxilium.
1042 598 1200 634 Vs.594.

202 665 314 703 Nate,
356 662 432 706 quis
457 656 541 705 etc.]
578 656 706 690 Oratio
734 654 904 693 Veneris,
946 666 1017 698 qua
1040 652 1199 685 Aeneam

201 712 390 751 hortatur,
434 717 474 743 ut
510 708 652 753 pietatis
693 706 807 750 magis
841 705 1019 738 rationem
1059 702 1200 736 babeat.

200 764 261 798 Vs.
279 764 365 798 601.
393 765 472 796 Nou
487 763 551 795 tibi
567 757 651 806 etc.]
682 756 902 791 TranslatiO.
1032 753 1093 787 Vs.
1113 754 1200 787 608.

201 818 284 860 Hic,
312 816 369 848 ubi
386 811 470 860 etc.]
501 812 642 846 Dicitur
658 809 770 843 Troia
789 815 951 851 tempore
975 806 1058 839 belli
1083 811 1201 837 terrae

202 874 305 900 motu
322 877 492 899 concussa
505 891 514 905 ‚
541 864 639 909 quod
657 861 816 894 crebrius
834 858 993 891 accidere
1012 857 1103 891 solet
1127 868 1201 888 ma-

201 918 332 952 ritimis
348 916 507 950 urbibus.
613 912 673 947 Vs.
690 913 778 947 626.
804 914 856 945 Ac
868 910 968 943 veluti
985 906 1069 955 etc.]
1096 906 1203 940 Com-

203 969 357 1014 paratio.
447 966 611 1000 Vs.632.
638 962 731 1011 Deo]
761 963 875 1002 Nota,
903 961 1020 1001 Dens,
1048 971 1115 1004 pro
1133 958 1203 991 Ve-

202 1034 300 1055 nere.
406 1018 483 1052 Vss.
503 1017 579 1052 634
596 1030 673 1062 sqq.
708 1017 773 1049 Ast
794 1015 852 1047 ubi
875 1015 946 1047 iam
968 1009 1053 1058 etc.]
1087 1009 1203 1043 Deco-

202 1085 301 1110 rum3
338 1070 457 1103 decuit
483 1070 576 1102 enim
603 1080 724 1102 senem
752 1072 786 1099 et
818 1064 1018 1108 principem
1047 1074 1122 1095 non
1146 1073 1203 1094 su-

203 1135 342 1168 peresse
385 1121 520 1155 excisae
571 1119 735 1164 patriae3
787 1128 853 1149 nec
901 1115 989 1149 boni
1029 1112 1203 1159 principis

205 1182 275 1215 est,
311 1173 490 1218 privatam
518 1171 669 1206 salutem
687 1176 813 1214 optare
838 1167 1021 1213 republica
1050 1164 1202 1210 perdita.

206 1227 284 1261 Vss.
310 1224 384 1259 646
410 1238 462 1270 sq.
499 1225 717 1269 Earuviccsque
738 1226 825 1265 petet
849 1218 933 1266 etc.]
979 1216 1203 1262 Comproba-

205 1279 269 1312 tio.
375 1276 452 1310 Vss.
470 1274 546 1310 647
565 1288 642 1320 sqq.
679 1276 754 1307 Iam
775 1273 908 1316 pridem
926 1267 1010 1317 etc.]
1048 1269 1204 1313 Propter

207 1329 437 1363 concubitum
457 1327 606 1360 Veneris
630 1325 780 1358 fulmine
804 1323 936 1368 petitus
964 1328 998 1355 et
1019 1326 1133 1354 tactus
1154 1324 1205 1351 est

206 1379 392 1415 Anchises.
517 1378 579 1412 Vs.
595 1376 682 1412 657.
710 1378 815 1411 Mene
836 1374 954 1418 efferre
976 1370 1061 1419 etc.]
1090 1370 1205 1404 Deco-

206 1446 287 1467 rum
310 1438 446 1471 servat,
488 1430 720 1474 increpatque
752 1433 938 1471 parentem
972 1435 1098 1469 aspera
1126 1433 1205 1455 ora-

206 1485 318 1525 tione,
344 1484 388 1516 ab
407 1480 611 1515 inhonesto,
666 1480 727 1513 Vs.
744 1480 831 1513 662.
849 1480 986 1523 Iamque
1001 1476 1112 1510 aderit
1123 1469 1205 1519 etc.]

206 1537 262 1570 Ab
283 1535 458 1580 exemplo.
553 1532 613 1566 Vs.
630 1531 717 1566 664.
752 1533 825 1565 Hoc
849 1535 923 1563 erat
941 1525 1025 1574 etc.]
1054 1524 1205 1560 Aversio

208 1588 255 1620 ad
279 1586 470 1621 Venerem.
576 1584 637 1618 Vs.
655 1583 741 1617 668.
767 1585 877 1615 Arma
898 1582 967 1614 υἱνὶ
985 1577 1070 1626 etc.]
1107 1576 1207 1611 Sola-

209 1639 312 1672 tium.
424 1637 502 1670 Yss.
519 1636 595 1670 673
611 1648 663 1679 sq.
693 1637 775 1667 Ecce
800 1638 911 1666 autem
937 1628 1021 1676 etc.]
1049 1629 1207 1663 Affectus

209 1690 343 1723 uxoris.
423 1689 483 1722 Vs.
501 1685 587 1721 675.
610 1688 652 1721 Sa·
665 1687 839 1729 periturus
856 1680 939 1729 ete]
958 1681 1137 1714 Decorum
1149 1679 1206 1724 l²).

209 1741 271 1777 Vs.
290 1741 376 1774 680.
407 1743 489 1775 Cum
507 1740 654 1772 subitum
673 1734 756 1783 etc.]
786 1734 998 1776 Prodigium
1015 1731 1083 1765 hoc
1100 1731 1207 1775 signi-

209 1794 287 1826 ficat
304 1804 424 1835 regem
444 1793 521 1824 sore
538 1789 744 1824 Ascanium.

208 1845 291 1878 dam
311 1844 441 1876 dicitur
457 1844 499 1875 de
519 1841 643 1875 Servio
662 1839 781 1873 Tullo.
886 1836 948 1871 Vs.
964 1835 1050 1870 689.
1079 1836 1208 1878 Iupiter

210 1898 417 1938 omnipotens
446 1891 530 1940 eta]
571 1892 826 1937 Superstitiosa
862 1886 1038 1922 Anchisae
1069 1887 1207 1932 petitio.

211 1946 272 1980 Vs.
290 1946 376 1980 693.
404 1947 558 1980 Intonuit
580 1941 727 1990 laevum]
765 1941 915 1975 Sinistra
940 1940 1099 1973 tonitrua
1126 1950 1207 1982 pro-

211 2010 314 2042 spera
332 2005 444 2031 erant.
507 1996 564 2030 Vs.
586 1994 672 2030 695.
701 1996 819 2034 Illam,
843 2004 975 2026 summa
1002 1988 1089 2038 etc.]
1119 1989 1206 2023 For-

212 2049 314 2083 tassis
335 2047 392 2081 liic
417 2049 542 2081 alludit
564 2049 609 2080 ad
636 2052 811 2080 cometam
837 2044 917 2078 lulii
943 2043 1105 2077 Caesaris
1128 2041 1208 2086 ¹²²).

211 2100 272 2135 Vs.
301 2100 385 2134 707.
435 2102 524 2143 Eryo
556 2111 615 2143 aye
653 2097 738 2146 etc.]
797 2096 1008 2140 Exemplum
1057 2092 1209 2138 pietatis.

213 2152 274 2186 Vs.
294 2152 368 2185 713
383 2163 460 2196 sqq.
490 2153 549 2185 Est
572 2153 651 2185 urbe
677 2148 760 2196 etc.]
789 2147 1056 2192 Descriptiones
1073 2152 1210 2189 tempo-

212 2216 296 2237 rum
321 2209 356 2235 ct
381 2203 543 2235 locorum
571 2202 739 2236 videntur
765 2200 900 2246 aliquid
927 2196 1127 2231 evidentiae
1150 2197 1210 2228 ad-

212 2256 298 2289 dere
318 2253 554 2287 orationibus.

214 2306 356 2350 Religio
382 2305 477 2338 enim
504 2311 599 2345 erat,
627 2317 700 2339 non
724 2304 792 2338 nisi
814 2303 896 2337 lotis
923 2301 1086 2334 manibus
1112 2312 1210 2334 sacra

214 2360 330 2392 facere
349 2358 402 2390 vel
423 2357 609 2401 attingere.
715 2356 773 2390 Vs.
792 2355 878 2391 723.
902 2355 1109 2400 Succedoquc
1128 2349 1210 2399 etc.]

256 2509 299 2535 11)
320 2509 473 2537 sequentes
493 2519 527 2524 —
546 2505 701 2534 omittunt]
725 2505 765 2528 sic
793 2504 875 2528 Editt.
893 2504 984 2531 15:13..
1012 2503 1104 2533 1535.;
1130 2502 1212 2526 leuitt.

290 2543 384 2572 ¹540„
404 2541 479 2567 1547.
499 2542 524 2565 et
540 2542 609 2571 Mag.
639 2541 714 2563 Duos
732 2542 758 2563 et
778 2539 892 2569 viginti,
912 2539 955 2568 qui
976 2540 1127 2568 sequuntur
1147 2542 1213 2560 ver-

291 2582 355 2605 sus,
385 2576 493 2606 quidam
520 2582 568 2599 ceu
596 2581 649 2599 non
673 2574 789 2605 nuinos,
809 2575 859 2596 hoc
879 2574 930 2597 loci
950 2573 1103 2598 obmittunt,

256 2634 302 2667 12)
323 2636 381 2658 Hoc
399 2636 484 2660 schol.
504 2636 530 2659 in
551 2635 634 2659 Editt.
655 2635 728 2658 1517.
750 2636 777 2658 et
795 2635 868 2665 Mog.
883 2634 969 2657 deest.

256 2694 326 2725 12²)
348 2696 420 2718 Haec
440 2696 566 2724 spectare
586 2694 713 2718 videntur
732 2694 767 2718 ad
787 2699 830 2726 ea,
849 2699 918 2725 quae
932 2694 1094 2718 Plutarchus
1114 2692 1141 2716 iu
1157 2691 1214 2716 vita

290 2729 351 2752 lutii
369 2729 503 2754 Caesaris
523 2737 544 2754 c.
561 2729 602 2753 63.
621 2731 728 2754 narrat.

787 103 909 139 PHIL.
945 101 1056 137 MEL.
1095 97 1296 137 sCRiPTA
1333 98 1672 137 PHLLOLOGICA.

801 1786 845 1820 Et
860 1785 942 1820 huic
961 1784 1077 1818 simile
1094 1784 1207 1828 quod-
1233 1804 1235 1817 ι

1233 1902 1236 1914 ο
1260 1883 1517 1929 hospitalitatis
1532 1885 1648 1929 fregit.

670 2253 730 2287 Vs.
751 2252 824 2286 71ss
844 2264 922 2297 sqq.
950 2251 1010 2284 Me
1026 2250 1107 2282 bello
1127 2246 1210 2295 etc.]
1238 2256 1239 2259 ’

2176 103 2253 140 444

1252 189 1432 222 Decorum
1453 189 1508 234 ¹³).
1613 189 1673 223 Vs.
1689 188 1774 225 727.
1805 189 1904 230 Tela,
1934 201 2037 235 neque
2054 187 2139 236 etc.]
2163 189 2253 222 For-

1254 241 1297 274 tis
1324 241 1393 273 viri
1420 247 1472 274 est
1496 253 1571 274 non
1595 241 1864 285 pertimescere;
1894 239 1964 285 pii,
1996 241 2248 284 pertimescere

1255 299 1403 336 propter
1421 293 1577 326 alienum
1604 293 1813 336 periculum.
1920 291 1998 325 Vss.
2016 289 2091 325 735
2107 305 2159 338 sq.
2185 294 2253 326 Hic

1253 345 1338 377 mihi
1356 346 1465 378 nescio
1483 350 1546 377 etc.
1575 343 1730 377 Amovet
1745 343 1984 388 suspicionem
2002 343 2252 387 negligentiae.

1254 394 1314 429 Vs.
1332 395 1418 429 738.
1454 397 1530 429 Heu
1553 393 1693 441 misero]
1729 395 1926 439 Coniugem
1953 395 2120 428 describit
2147 394 2253 428 amis-

1253 458 1341 480 sam.
1474 447 1550 481 Vss.
1577 445 1652 480 745
1677 459 1728 491 sq.
1770 448 1873 488 Quem
1901 459 1967 480 non
1990 443 2075 492 etc.]
2116 442 2253 484 πάθος.

1254 497 1331 532 Vss.
1348 497 1423 532 749
1441 511 1519 544 sqq.
1548 501 1625 542 lpse
1642 499 1756 531 urbem
1773 496 1857 544 etc.]
1886 497 2101 542 Exemplum
2119 496 2253 530 amoris

1255 550 1464 594 coniugalis.
1609 549 1782 587 Vs.,761.
1824 547 1937 596 asylo]
1970 549 2119 594 Asylum
2154 548 2255 581 locus

1255 607 1327 641 est,
1364 614 1435 646 quo
1461 601 1612 646 quisque
1643 613 1679 633 se
1705 606 1782 633 tuto
1808 606 1926 644 potest
1951 601 2127 644 recipere3
2170 597 2255 632 hinc

1255 652 1349 684 enim
1378 652 1559 684 neminem
1587 649 1726 684 extrahi
1745 651 1851 691 «licet,
1886 664 2003 697 neque
2024 650 2253 696 depraedari.

1254 702 1286 735 A
1310 704 1420 736 verbo
1450 699 1599 749 συράω,
1631 703 1667 735 id
1695 709 1765 743 est,
1795 700 1922 742 traho,
1950 703 2006 735 vel
2035 702 2190 742 σιλεύω,
2217 702 2256 734 id

1255 760 1325 794 est,
1366 755 1532 798 praedor.
1665 754 1742 788 Vss.
1763 751 1837 787 775
1862 766 1940 799 sqq.
1973 756 2059 788 Tum
2088 755 2139 787 sic
2167 750 2255 799 etc.]

1255 804 1483 849 Obiurgatio,
1598 805 1675 839 Vss.
1692 805 1766 838 777
1782 818 1860 851 sqq.
1897 817 1964 838 non
1981 807 2063 839 haec
2080 807 2154 839 sine
2170 801 2255 851 etc.]

1254 855 1375 890 Ratio.
1503 855 1570 889 Vss
1596 856 1671 891 780
1697 870 1748 903 sq.
1773 860 1894 901 Lonyu
1917 858 1982 890 tibi
2007 853 2092 903 etc.]
2122 855 2258 889 Vatici-

1255 907 1327 941 nia.
1434 907 1511 941 Vss.
1532 906 1606 941 785
1625 921 1702 954 sqq.
1724 911 1803 942 IVou
1819 921 1876 952 eqo
1891 905 1974 955 etc.]
2002 907 2185 941 Mortuam
2202 908 2257 940 in-

1256 959 1335 992 nuit
1363 966 1397 992 et
1418 959 1594 1003 sepultam
1622 966 1716 992 terra
1747 960 1913 993 detineri,
2079 958 2140 993 Vs.
2165 959 2253 993 788.

1257 1023 1380 1054 muyua
1404 1013 1517 1044 Deam
1537 1009 1715 1057 yenitrix]
1745 1024 1835 1056 quae.
1860 1011 1936 1055 Ops
1963 1017 1997 1044 et
2016 1011 2146 1056 Cybele
2169 1010 2257 1044 dici-

1256 1068 1325 1095 tur.
1430 1061 1508 1096 Vss.
1525 1061 1600 1096 793
1615 1075 1667 1108 sq.
1690 1065 1812 1107 imayo,
1839 1064 1912 1097 Par
1926 1063 2051 1097 levibus
2067 1060 2151 1109 etc.]
2177 1061 2257 1107 Spi-

1256 1113 1345 1147 ritus
1363 1113 1568 1158 descriptio.

1452 1199 1500 1233 In
1536 1200 1772 1234 Aeneidos
1806 1200 1977 1234 librum
2005 1199 2065 1235 Ill.

1360 1267 1421 1301 Vs.
1443 1269 1474 1301 1.
1508 1270 1689 1313 Postquam
1713 1281 1769 1303 res
1786 1269 1866 1312 etc.]
1894 1269 2093 1304 Transitio.
2149 1268 2255 1302 Com-

1257 1317 1527 1352 miserationem
1555 1325 1677 1352 movet
1703 1319 1748 1351 ab
1777 1318 1905 1351 ess'ectu
1923 1318 1981 1364 l¹²).
2036 1319 2136 1350 Sicut
2152 1320 2189 1349 in
2204 1330 2257 1351 se-

1259 1371 1375 1403 cundo
1392 1370 1486 1403 libro
1504 1369 1691 1414 descripsit
1706 1375 1812 1413 poeta
1831 1369 2006 1402 excidium
2026 1368 2178 1401 Troiae:
2206 1368 2258 1401 ita

1258 1419 1316 1454 hic
1332 1421 1600 1466 navigationem
1615 1434 1622 1460 ;
1648 1420 1839 1465 praecipue
1857 1420 2111 1454 considerandi
2128 1432 2259 1461 mores,

1260 1479 1294 1505 et
1316 1473 1403 1507 situs
1429 1473 1601 1517 gentium.
1731 1471 1791 1506 VS.
1814 1473 1871 1505 18.
1908 1468 2153 1519 Arwadasque]
2195 1470 2260 1506 Est

1260 1524 1355 1557 enim
1392 1524 1565 1568 oppidum
1598 1523 1635 1556 in
1664 1521 1821 1556 Thracia
1851 1524 2062 1557 Aeneadum
2095 1522 2258 1557 nomine.

1258 1575 1319 1609 Vs.
1331 1576 1391 1610 26.
1401 1572 1634 1621 Ilm-rendum]
1645 1574 1856 1618 Prodigium
1864 1573 2100 1608 horrendum.
2127 1573 2189 1608 Vs.
2199 1574 2260 1608 30.

1260 1629 1419 1662 Membra
1436 1625 1638 1674 quatitetm]
1657 1627 1795 1660 Natura
1813 1626 1965 1660 timoris.
2021 1625 2082 1660 Vs.
2094 1623 2155 1659 35.
2172 1628 2262 1661 Gra·

1259 1681 1436 1725 divumque
1448 1676 1600 1724 putrem]
1627 1678 1782 1711 Martem
1803 1690 1820 1710 a
1839 1678 2048 1721 grassando,
2066 1677 2151 1723 qnia
2165 1677 2260 1710 bello

1260 1737 1454 1775 grassatur.
1509 1730 1586 1764 Vss.
1605 1729 1653 1763 39
1668 1743 1746 1775 sqq.
1769 1732 1914 1773 yemitus
1931 1727 2016 1776 etc.]
2037 1729 2263 1774 Conquestus

1262 1784 1304 1815 de
1323 1780 1513 1827 sepulchro
1532 1781 1718 1827 Polydori.
1789 1780 1848 1815 Vs.
1867 1780 1927 1815 54.
1953 1783 2020 1815 Res
2035 1783 2262 1825 Ayamemno-

1262 1831 1357 1880 nias]
1386 1834 1565 1879 Impietas.
1679 1832 1738 1866 Vs.
1757 1830 1819 1866 55.
1852 1835 1919 1866 Fas
1943 1845 2038 1866 omne
2057 1830 2151 1879 abra]
2179 1831 2262 1865 Iura

1752 1883 1813 1917 Vs.
1830 1883 1890 1918 62.
1915 1885 2005 1927 Eryo
2023 1886 2260 1918 instauramus

1262 1935 1347 1984 etc.]
1377 1937 1456 1971 Mos
1484 1937 1745 1982 expiandorum
1772 1935 1955 1973 manium,
1999 1935 2061 1980 qui
2083 1947 2157 1968 non
2183 1946 2264 1980 per-

1261 1989 1374 2021 functi
1400 1994 1484 2021 sunt
1505 1988 1668 2031 legitimo
1691 1986 1827 2018 funere.
1949 1984 2010 2020 Vs.
2026 1985 2087 2020 64.
2122 1992 2264 2033 atraque

1262 2037 1436 2086 cupresso]
1466 2039 1662 2083 Cupressus
1679 2036 1805 2070 mortis
1823 2037 2039 2081 symbolum.
2080 2080 2081 2084 Ἰ
2119 2037 2182 2071 Vs.
2202 2037 2263 2073 72,

1263 2092 1486 2125 Provehimur
1497 2095 1598 2134 portu
1614 2085 1698 2134 etc.]
1726 2088 1804 2121 Deli
1830 2088 2036 2133 descriptio.
2127 2088 2188 2123 Vs.
2201 2089 2264 2124 83.

1263 2145 1440 2187 Iungimus
1454 2138 1614 2187 hospilio]
1632 2139 1865 2185 Hospitalitas
1877 2146 1911 2173 et
1920 2139 2089 2174 amicitia.
2131 2140 2192 2175 Vs.
2202 2139 2264 2175 84.

1268 2195 1489 2238 TemplaDez
1507 2189 1591 2238 etc.]
1618 2191 1758 2236 Religio
1783 2193 1939 2226 Aeneae.
2007 2191 2068 2226 Vs.
2091 2191 2152 2227 90.
2192 2194 2265 2227 Vix·

1263 2246 1409 2289 casatus
1426 2242 1509 2291 etc.]
1541 2244 1678 2277 Alludit
1712 2245 1756 2276 ad
1783 2243 1951 2277 timorem
1975 2244 2262 2279 vaticinantium.

1265 2297 1324 2331 Vs.
1345 2296 1404 2330 91.
1435 2298 1616 2342 laurusque
1635 2293 1722 2343 Dei]
1750 2295 1921 2329 Solebant
1937 2293 2077 2330 Phoebi
2098 2297 2262 2331 sacerdo-

1266 2356 1317 2383 tes
1332 2348 1424 2381 lauri
1440 2348 1534 2382 soliis
1551 2347 1715 2382 comestis
1731 2347 1931 2382 vaticinari.
2000 2347 2077 2382 Vss.
2096 2348 2168 2384 102
2183 2361 2262 2394 sqq.

1269 2404 1355 2436 Tum
1387 2403 1522 2444 yenitor
1549 2398 1633 2447 etc.]
1663 2399 1860 2433 Oraculnm
1891 2399 1980 2434 falso
2004 2400 2263 2444 interpretatur

1265 2450 1448 2486 Anchises.
1553 2452 1613 2486 Vs.
1633 2450 1717 2486 104.
1741 2454 1840 2487 Creta
1859 2453 1948 2486 Iovis
1965 2449 2050 2499 etc.]
2077 2451 2262 2486 Narratio.

1267 2503 1326 2538 Vs.
1341 2504 1352 2536 1
1367 2504 1422 2537 11.
1443 2502 1579 2550 Cybele]
1603 2503 1759 2548 Cybelea
1772 2503 1992 2536 rotunditate
2003 2504 2110 2543 dicta,
2126 2509 2261 2537 terram

1267 2555 1452 2600 significat.
1557 2555 1616 2590 Vs.
1637 2553 1721 2589 115.
1751 2557 1874 2590 Cnosia
1890 2552 2013 2602 regna]
2036 2554 2162 2591 Cnosis
2177 2555 2263 2590 urbs

1306 2673 1353 2706 1³)
1375 2674 1431 2697 Hoc
1450 2674 1535 2699 schol.
1554 2674 1588 2698 ab
1608 2672 1780 2697 Editt.1547.
1797 2674 1823 2696 ct
1839 2675 1911 2705 Mog.
1931 2674 2017 2698 abest.

1306 2725 1350 2756 1⁴)
1366 2724 1552 2758 effeetu.]-sic.
1569 2724 1654 2751 leuitt.
1666 2724 1872 2758 1535-1547.,
1889 2725 1978 2756 Mog.;
1997 2724 2045 2749 Ed.
2058 2724 2132 2749 153³.
2148 2723 2261 2750 affectu.
