2341 2973
197 121 270 157 431

299 205 359 238 νε.
388 203 473 238 418.
515 201 651 235 Habilz‘s
681 196 795 246 viyor]
838 198 874 231 id
909 203 980 237 est,
1022 194 1189 229 habilitas

786 111 910 147 PHlL.
938 109 1051 145 MEL.
1079 107 1283 143 SCRIPTA
1309 105 1648 141 PHILOLOGICA.

2168 106 2244 142 432

1352 192 1410 227 Vs.
1426 190 1512 227 517.
1543 190 1767 240 Tanaimque]
1795 190 1836 225 In
1859 192 2044 227 Muscovia
2069 192 2126 226 vel
2151 192 2242 226 Tar-

197 259 392 306 quaedam,
430 255 466 287 id
495 259 566 294 est,
600 252 668 285 suit
693 251 806 284 multo
834 248 984 282 celerior
1006 253 1041 280 et
1064 246 1192 290 agilior
1246 245 1350 279 tatia.

197 323 304 357 quam
326 314 442 340 antea.

298 367 359 402 νε.
378 364 465 403 425.
493 368 568 400 Iam
585 362 743 407 rapidus]
771 361 808 393 id
824 365 894 400 est,
929 358 1002 392 iam
1027 364 1104 391 erat
1121 369 1194 390 me-

195 421 315 454 ridies.
423 414 592 463 Torrens]
624 416 657 446 id
677 420 747 452 est,
774 424 881 445 urens
898 408 1109 453 Aethiopas.

299 478 360 513 Vs.
379 478 465 513 427.
494 475 682 518 Hauserat]
705 469 744 511 (Ξ)
760 471 930 505 existente
948 470 985 503 in
1003 471 1038 505 Θ
1055 469 1111 503 vel
1127 466 1172 504 52.

298 539 359 572 νε.
376 536 462 570 430.
493 532 601 580 Gens]
632 533 666 565 id
684 538 753 571 est,
781 530 905 575 pisces.

299 597 359 630 νε.
377 596 463 630 431.
494 589 682 638 Exultans]
712 591 745 624 id
763 596 833 630 est,
861 589 1018 623 exiliens.
1123 590 1194 622 Ro-

197 663 269 686 rem
292 646 462 691 amarum]
493 646 528 678 id
556 651 626 684 est,
668 655 789 676 rorem
815 641 1018 680 marinum,
1054 639 1193 672 libano-

195 701 308 735 thida.
361 698 433 731 Alii
450 697 498 730 sic
516 700 715 740 exponunt:
745 693 820 738 ipse
848 691 999 726 excussit
1021 692 1135 725 undas
1159 697 1194 724 et

196 759 312 798 guttas
327 749 436 783 maris
453 761 471 780 a
487 760 535 782 se.

296 810 357 844 νε.
376 806 462 843 435.
490 806 643 849 Acuunt]
673 805 708 838 id
729 810 798 844 est,
826 802 991 837 excitant.

297 870 359 904 Vs.
377 868 464 903 439.
488 864 660 909 Manicis]
690 865 723 897 id
741 870 811 904 est,
836 861 986 895 vinculis
1006 871 1193 893 manuum.

298 929 360 964 νε.
377 928 464 963 447.
506 930 623 973 Neque
645 925 709 969 est]
742 924 779 957 id
803 929 875 963 est,
917 933 992 954 non
1014 926 1132 965 potest
1160 925 1194 952 te

198 983 393 1030 quicquam
413 980 548 1012 fallere.

300 1041 361 1074 νε.
381 1037 466 1074 451.
509 1033 673 1082 Glaucus]
707 1033 805 1067 Sicut
828 1045 894 1066 nos
920 1031 1094 1066 Germani
1121 1030 1195 1074 ple-

195 1104 351 1138 rumque
387 1090 561 1124 habemns
595 1089 739 1132 glaucos
777 1091 812 1117 et
844 1084 1026 1117 caeruleos
1061 1082 1194 1115 oculos.

198 1147 310 1180 Poeta
348 1142 449 1176 finxit
491 1139 585 1174 hanc
628 1137 817 1176 fabulam,
866 1147 958 1181 quae
993 1133 1080 1167 alibi
1113 1145 1196 1166 nus-

198 1208 309 1243 quam
334 1200 396 1228 est.

304 1254 365 1288 νε.
384 1252 471 1287 461.
505 1250 731 1294 Rhodopeiae]
758 1247 788 1281 E
806 1258 881 1279 non
900 1246 1044 1280 eliditur
1059 1245 1195 1279 Graeca

201 1306 473 1343 consuetudine.

303 1366 364 1400 νε.
380 1364 467 1399 462.
501 1363 607 1396 Rhesi
629 1358 743 1409 tellus]
776 1360 813 1394 id
836 1366 906 1400 est,
937 1356 1115 1397 Thracia,
1149 1354 1199 1387 ibi

203 1426 255 1454 est
274 1413 621 1458 Constantinopolis.

303 1477 366 1511 νε.
382 1475 468 1510 463.
497 1469 616 1519 Getae]
644 1470 797 1515 Proprie
816 1470 873 1503 die
888 1465 1096 1504 XValachia.

304 1537 365 1571 Vs.
387 1535 473 1570 467.
512 1534 703 1568 Taenarias
721 1529 858 1580 fauces]
892 1536 944 1563 est
966 1526 1202 1573 profundissi-

202 1602 283 1624 mus
306 1600 441 1632 specus.
508 1585 601 1618 Nam
626 1584 805 1623 scribunt,
849 1583 947 1627 quod
971 1581 1009 1613 in
1033 1592 1114 1612 eum
1143 1579 1202 1611 de-

204 1641 312 1676 missa
328 1640 399 1673 sint
415 1635 630 1680 longissimis
655 1635 799 1667 funibus
820 1633 986 1678 plumba;
1025 1638 1060 1664 et
1082 1637 1203 1663 tamen

204 1704 281 1727 non
298 1695 494 1736 potuerunt
511 1686 675 1719 invenire
690 1686 855 1719 fundum.
910 1683 994 1717 Ideo
1018 1682 1124 1715 etiam
1152 1681 1204 1713 di-

206 1750 293 1778 cunt
309 1742 380 1774 illic
398 1753 469 1774 esse
497 1738 634 1771 aditum
659 1738 703 1770 ad
727 1737 872 1770 inferos.
979 1736 1075 1769 Ostia
1090 1732 1204 1776 Ditis]

206 1792 361 1829 Pulchra
379 1789 615 1838 hypotyposis
629 1795 663 1822 et
681 1786 946 1821 commendatio
967 1786 1204 1832 eloquentiae.

206 1846 343 1880 Videtis
356 1871 365 1884 ‚
392 1849 547 1889 quantae
565 1853 620 1874 res
636 1852 732 1873 nunc
750 1845 922 1884 gerantur
938 1838 1154 1884 eloquentia.

311 1903 372 1937 νε.
390 1902 475 1936 483.
506 1901 724 1945 Eumenides]
752 1899 810 1933 Sic
831 1911 975 1945 quoque
998 1897 1206 1943 Ovidiusw)

210 1955 346 2002 inquit:

281 2014 348 2037 Tum
367 2011 484 2041 primum
502 2010 655 2041 lachrymis
674 2009 809 2034 victarum
828 2008 950 2033 carmine
968 2007 1102 2040 fama²³)‚

280 2055 458 2080 Eumenidum
478 2054 617 2078 maduisse
635 2058 732 2085 genas.

316 2106 374 2139 Vs.
401 2105 486 2139 484.
540 2107 644 2149 Rota]
687 2104 787 2137 Ixion
822 2102 999 2136 interfecit
1033 2112 1209 2140 socerum,

214 2158 296 2191 ideo
313 2157 415 2190 istam
436 2168 588 2200 poenam
607 2156 672 2189 luit
691 2157 785 2199 apud
805 2155 950 2188 inferus.

320 2215 380 2249 Vs.
405 2214 491 2248 491.
528 2216 708 2259 Respexit]
746 2213 953 2259 Ovidiusw)
977 2211 1064 2245 hacc
1089 2211 1209 2244 omnia

215 2267 358 2301 brevius
383 2266 582 2309 descripsit:

767 2323 928 2353 avidusque
945 2321 1073 2352 videndi,

288 2367 380 2393 Flexit
398 2373 494 2392 amans
513 2367 624 2397 oculoS,
650 2368 677 2390 et
695 2367 821 2397 protinus
840 2366 889 2390 illa
909 2366 1021 2395 relapsa
1040 2365 1092 2390 est.

321 2419 482 2454 Vs.510.
509 2420 731 2463 Mulcenrem]
762 2419 911 2463 Elegans
936 2424 988 2452 est
1008 2417 1212 2451 versiculus.

219 2472 296 2505 Hoc
314 2473 399 2505 facit
417 2484 545 2516 magna
564 2471 782 2516 eloquentia.

257 2620 305 2652 22)
327 2621 405 2646 Ovid.
426 2622 534 2645 Metam.
554 2621 591 2651 X,
611 2620 645 2644 45
659 2626 701 2650 sq.

257 2671 306 2703 2³)
329 2672 427 2701 samad
447 2672 485 2695 sic
505 2673 553 2697 Ed.
570 2672 661 2701 1544.;
691 2670 770 2696 ovid.
789 2670 838 2694 Ed.
860 2669 981 2700 nipout.:
1008 2669 1082 2694 fama
1100 2670 1153 2695 est.

257 2724 308 2752 24)
329 2724 407 2749 Ovid.
427 2725 536 2748 Metam.
556 2723 593 2756 X,
612 2723 646 2747 54
660 2730 702 2754 sq.

1347 312 1408 347 νε.
1427 310 1514 349 520.
1544 315 1612 354 Quo
1628 312 1784 361 munere]
1810 314 1845 347 id
1870 318 1941 352 est,
1968 317 2119 356 propter
2145 312 2243 358 quod

1247 365 1416 398 officium.
1511 367 1686 410 Ciconum]
1715 366 1749 398 id
1769 373 1838 406 est,
1874 362 2071 398 Thracum.

1350 430 1411 465 νε.
1430 429 1515 466 524.
1546 429 1726 479 Oeayrius]
1754 430 1959 465 Thracense
1979 431 2126 464 flumen.

1351 498 1412 532 Vs.
1428 496 1515 534 525.
1544 500 1699 544 Lingua]
1727 498 1823 532 Idem
1839 506 1965 532 narrat
1980 498 2191 533 ArIstoteles
2207 497 2245 530 in

1245 549 1307 583 lib.
1331 550 1373 584 de
1396 550 1558 594 partibus
1584 551 1786 596 animal.²⁵)
1810 551 1853 582 de
1879 551 2037 596 quodam
2061 550 2245 583 sacerdote

1247 601 1363 634 occiso
1383 613 1401 633 a
1420 601 1581 642 latrone,
1609 601 1708 634 cuius
1728 601 1923 635 sacerdotis
1946 601 2099 645 praecisi
2120 599 2246 645 capitis

1245 653 1366 696 lingua
1396 652 1515 685 locuta
1548 657 1618 692 est,
1662 658 1697 684 et
1720 652 1923 685 nominavit
1950 653 2140 685 latronem.
2206 649 2246 684 Id

1245 705 1395 737 fortasse
1413 702 1584 736 divinitus
1602 703 1741 744 accidit,
1768 710 1808 736 ut
1822 702 2005 737 homicida
2021 703 2080 736 ille
2098 705 2143 736 ad
2161 714 2247 747 poe-

1246 766 1329 787 nam
1351 752 1609 788 retraheretur.

1350 820 1412 855 Vs.
1430 819 1517 855 530.
1544 824 1593 856 At
1611 823 1694 868 non]
1721 822 1757 855 id
1775 828 1844 863 est,
1873 822 2013 868 Cyrene
2039 834 2114 855 non
2140 821 2248 856 desti-

1247 872 1315 906 tuit
1329 872 1547 907 Aristaeum.

1350 940 1412 975 Vs.
1439 939 1526 975 534.
1569 938 1745 988 Exitium]
1780 940 2009 974 Constructio
2042 947 2111 975 est:
2154 940 2248 974 Hinc

1248 990 1438 1038 Nymphae
1456 994 1607 1026 miserae
1628 994 1754 1037 apibus
1769 992 1970 1026 miserabile
1987 992 2148 1027 exitium.

1350 1060 1411 1095 Vs.
1429 1058 1517 1094 535.
1550 1057 1732 1107 Napaeas]
1761 1059 1857 1105 Napi
1879 1059 2055 1104 significat
2077 1060 2247 1094 floridum

1248 1119 1413 1158 pratum,
1442 1113 1525 1145 inde
1541 1111 1720 1155 Napaeus.

1351 1180 1412 1215 νε.
1430 1179 1518 1215 543.
1546 1181 1654 1225 Luco]
1683 1180 1719 1213 id
1736 1187 1805 1221 est,
1832 1180 1974 1214 sacello.

1352 1249 1413 1283 νε.
1432 1248 1519 1284 545.
1557 1251 1698 1295 Orphei]
1733 1249 1885 1284 Dativus
1910 1249 2089 1290 Graecus,
2130 1260 2148 1281 e
2177 1253 2212 1281 et
2238 1247 2251 1279 i

1251 1306 1394 1336 coeunt.

1354 1376 1416 1411 Vs.
1433 1374 1522 1411 551.
1549 1375 1700 1420 Intacta]
1728 1375 1764 1409 id
1782 1380 1854 1415 est,
1880 1387 1957 1407 non
1981 1373 2148 1407 domitas.

1356 1454 1418 1488 Vs.
1434 1451 1522 1489 552.
1555 1455 1636 1488 Post
1660 1449 1731 1499 ubi]
1768 1451 1804 1484 id
1829 1457 1899 1492 est,
1932 1451 2173 1485 novendinale
2199 1461 2253 1484 sa-

1255 1519 1376 1546 crum,
1420 1505 1511 1539 sicut
1533 1517 1598 1537 nos
1625 1516 1809 1538 servamus
1833 1509 1997 1543 octavas,
2043 1504 2093 1538 sic
2117 1509 2254 1536 veteres

1254 1570 1393 1591 nonum
1414 1557 1509 1589 diem
1527 1556 1732 1589 servabant.

1358 1634 1420 1669 Vs.
1446 1632 1533 1669 557.
1578 1634 1708 1678 Nubes]
1749 1632 1787 1665 id
1822 1637 1893 1672 est,
1943 1642 2076 1675 magna
2111 1629 2256 1674 agmina

1258 1700 1381 1733 apum.

1361 1764 1422 1798 νε.
1440 1762 1529 1799 558.
1561 1766 1666 1797 Uvam
1690 1758 1881 1808 demittere]
1911 1759 1947 1792 id
1973 1766 2043 1800 est,
2081 1770 2258 1792 connexas

1260 1829 1343 1862 apes
1372 1816 1469 1848 botri
1501 1816 1626 1859 figura.
1691 1813 1745 1847 Ita
1771 1811 2004 1858 timuerusffl)
2028 1810 2147 1857 inquit
2175 1822 2259 1854 apes

1259 1866 1453 1917 βοτρυδὸν
1470 1868 1675 1907 considere,
1703 1866 1829 1905 idest,
1856 1863 1954 1897 botri
1974 1864 2099 1907 figura.
2159 1860 2258 1895 Idem

1261 1922 1368 1955 etiam
1387 1926 1439 1954 est
1454 1920 1551 1964 apud
1569 1917 1818 1952 Columellam.

1363 1988 1424 2021 Vs.
1450 1986 1537 2020 561.
1581 1984 1802 2028 Euphratem]
1829 1982 1967 2015 Videtis
1989 1982 2163 2025 scriptum
2186 1992 2260 2014 esse

1262 2041 1368 2073 istum
1386 2039 1539 2078 librum,
1575 2049 1653 2070 cum
1674 2036 1804 2069 Caesar
1822 2033 2003 2078 Augustus
2026 2038 2165 2078 gereret
2188 2033 2262 2065 bel-

1263 2092 1337 2125 lum
1365 2091 1403 2123 in
1425 2090 1508 2124 Asia
1534 2094 1568 2121 et
1591 2089 1774 2132 Aegypto,
1810 2086 1904 2118 victo
1921 2085 2104 2125 Antonio,
2138 2084 2173 2117 id
2198 2090 2262 2125 est,

1263 2143 1328 2176 iste
1343 2142 1434 2175 liber
1451 2147 1501 2174 est
1520 2139 1689 2183 scriptus,
1718 2151 1798 2171 cum
1826 2137 1896 2170 iam
1914 2137 2094 2181 Augustus
2118 2148 2263 2180 regnas—

1263 2195 1309 2228 sit
1325 2194 1427 2227 annis
1446 2194 1505 2227 12.
1615 2187 1782 2237 Volentes]
1813 2188 1873 2222 Illa
1891 2196 1943 2223 est
1958 2187 2148 2233 singularis
2165 2199 2262 2220 com-

1266 2244 1460 2279 mendatio.
1521 2242 1703 2286 Significat
1727 2243 1858 2275 iustum
1884 2241 2075 2286 imperium
2099 2238 2263 2283 Augusti,

1267 2298 1351 2344 quia
1377 2296 1428 2328 illi
1455 2295 1615 2328 volentes
1638 2295 1760 2339 populi
1781 2293 2090 2338 obtemperabant.
2145 2291 2264 2324 Xeno-

1267 2347 1366 2394 phon
1406 2348 1440 2379 in
1475 2347 1697 2380 Oeeonomia
1742 2346 1828 2379 dicit
1861 2357 1934 2378 csse
1970 2354 2147 2378 summam
2187 2343 2263 2374 lau-

1268 2402 1347 2433 dem
1366 2399 1614 2443 gubernatoris
1634 2398 1769 2443 politici
1788 2404 1821 2430 et
1838 2393 2116 2440 oeconomiciffl)
2144 2393 2264 2426 volen-

1267 2452 1362 2485 tibus
1389 2450 1587 2495 imperare,
1621 2451 1655 2483 id
1682 2456 1751 2491 est,
1779 2450 1924 2495 quando
1947 2446 2080 2482 subditi
2105 2445 2264 2490 cogitant

1305 2612 1353 2644 25)
1373 2612 1488 2636 Aristot.
1509 2612 1541 2635 de
1562 2611 1685 2641 partibus
1704 2608 1814 2634 animat.
1835 2608 1881 2639 ΙΙΙ,
1903 2608 1941 2632 10.

1304 2666 1352 2693 526)
1374 2666 1450 2688 Hom.
1472 2665 1502 2688 ΙΙ,
1517 2664 1549 2694 ΙΙ,
1568 2665 1610 2688 89.

1305 2716 1354 2748 27)
1374 2716 1556 2745 oeconomici]
1577 2715 1618 2740 sic
1637 2713 1750 2745 scrips15
1770 2713 1825 2744 Ed.
1847 2713 1921 2739 154⁴.
1941 2710 2141 2737 oeconomicis..
