2341 2973
213 92 287 127 619

213 178 374 216 fabulae,
409 177 504 221 quod
529 187 570 208 ex
593 175 725 208 femina
751 187 943 208 conversus
971 179 1059 207 esset
1076 172 1113 204 in
1132 184 1206 205 ma-

212 242 302 262 ren».
355 227 419 260 Est
437 227 531 260 enim
551 226 720 260 usitatum
741 227 848 270 vulgo
868 225 1048 269 appellare
1075 236 1135 257 eos
1159 224 1208 256 fe—

212 281 349 319 minas,
384 279 445 324 qui
469 285 551 312 sunt
575 278 661 312 viris
687 277 896 322 opprobrio.
950 276 1006 309 Sic
1022 275 1208 309 Numanus

213 331 272 363 ille
291 330 511 373 Virgilianus
520 330 566 373 94)
589 329 769 363 Troianos
788 335 893 362 vocat
909 327 1079 360 feminas:

284 390 306 413 Ο
327 394 392 411 vere
411 388 568 419 Phrygiae,
595 394 684 418 neque
704 387 774 411 euim
793 387 937 416 Phryges:
963 385 1001 408 ite
1009 383 1046 412 ⁹⁵)
1065 390 1114 415 per
1133 385 1193 409 alta

284 431 439 461 Dindyma,
465 431 511 454 uhi
530 431 654 455 assuetis
675 431 789 454 biforem
808 429 855 452 dat
874 428 942 452 tibia
960 429 1077 453 cautum.

284 475 428 504 Tympana
447 480 498 497 vos
520 475 659 503 buxusque
679 474 759 495 vocat
779 471 963 501 Berecynthia
983 471 1078 494 matris

283 517 397 541 Idaeae:
428 516 510 540 sinite
529 521 607 539 arma
625 515 711 542 viriS,
740 515 767 537 et
785 514 873 538 cedite
895 514 979 538 ferro.

791 88 914 122 PfflL.
951 86 1063 121 MEL.
1098 85 1302 121 SCRIPTA
1338 82 1675 118 PHILOLOGICA.

214 561 340 605 Neque
359 560 426 593 alia
442 559 582 592 ratione
605 558 674 591 nisi
698 569 762 601 per
788 557 1024 602 opprobrium
1050 556 1210 590 Caeneus
1236 572 1237 590 z

216 618 365 645 vocatur
391 611 542 650 femina,
586 608 622 641 id
657 609 754 654 quod
782 615 880 653 patet
916 621 957 641 ex
991 606 1046 641 his
1081 608 1210 646 verbis,

218 664 346 708 quibus
382 662 532 694 Latreus
569 659 770 694 Centaurus
808 673 888 694 eum
925 660 973 692 ita
1019 660 1210 704 compellat

217 714 311 757 (Vss.
331 713 406 747 470
422 714 492 758 sq.)
506 726 512 745 ;

267 785 309 816 Εἰ
341 787 390 821 te,
437 783 558 820 Caeni,
597 778 736 823 feram?

630 844 776 874 semper,

271 887 321 917 Tu
340 884 422 916 mihi
446 885 565 917 Caenis
580 885 659 916 eris.

217 952 302 986 Item
320 951 414 993 (Vss.
434 950 567 984 474-
577 950 698 995 476.);

784 793 862 813 nrm»
894 786 929 813 {u
965 780 1048 811 mihi
1080 779 1210 822 semina

838 1011 1007 1055 columque
1016 1035 1024 1049 ‚

267 1066 305 1103 1,
334 1074 412 1104 cape
430 1074 500 1094 cum
519 1062 681 1100 calathis,
709 1066 741 1094 et
755 1064 904 1095 stamina
919 1062 1036 1104 pollice
1051 1066 1185 1105 torque,

267 1115 365 1148 Bella
381 1114 533 1157 relinque
551 1114 647 1145 viris.

215 1179 489 1214 lus-ulnerabilis
514 1190 599 1211 vero
618 1179 741 1210 eadem
761 1178 804 1211 de
823 1190 925 1212 causa
945 1178 1111 1221 fingitur,
1141 1189 1210 1223 qua

216 1233 371 1278 Cygnus.
425 1231 517 1265 Nam
534 1230 634 1263 aiunt
654 1229 836 1263 Caeneum
858 1231 965 1264 fuisse
988 1230 1040 1263 rei
1064 1229 1212 1262 bellicae

215 1284 391 1329 peritum,
420 1283 508 1315 adeo
529 1288 586 1322 ut,
616 1293 695 1314 cum
723 1281 877 1325 plurima
903 1282 1038 1326 proelia
1063 1281 1213 1321 fecisset,

216 1347 402 1380 nunquam
423 1340 544 1366 tamen
564 1333 771 1367 vulneratus
788 1333 844 1367 sit.

396 1435 621 1470 Centauri
650 1447 726 1469 cur
752 1435 1028 1479 nubigenae.

267 1512 345 1547 Vss.
360 1513 432 1548 211
453 1525 505 1558 sq.
534 1513 793 1557 Nubiyenasque
806 1511 917 1555 feros,
944 1514 1066 1555 positis
1088 1524 1135 1546 ex
1157 1524 1214 1546 or-

629 1565 708 1596 dine
725 1566 868 1603 mensis,

270 1615 458 1648 Arboribus
472 1620 555 1648 tecto
570 1616 775 1648 discumbere
791 1617 939 1648 iusserat
956 1618 1066 1647 antro.

2185 84 2259 118 620

1263 171 1450 214 Allegatur
1465 168 1570 204 huius
1587 170 1726 204 fabulae
1744 170 1943 213 exemplum
1967 171 2011 202 ab
2037 170 2161 202 eodem
2187 169 2260 202 Ho-

1264 223 1362 256 ratio
1381 222 1417 254 in
1437 221 1527 255 Odis
1538 221 1586 267 ⁹⁷)
1605 228 1728 254 contra
1747 221 1953 254 ebrietatem
1971 218 2026 254 his
2044 221 2222 254 versibus:

1332 279 1412 308 Atffl)
1433 287 1466 304 ne
1486 281 1546 310 quis
1569 281 1685 309 modici,
1712 280 1853 304 transiliat
1873 285 1987 304 munera
2006 279 2115 309 Liberi,

1336 324 1493 348 Centaurea
1514 326 1605 347 mouet
1626 330 1687 348 cum
1705 323 1829 354 Lapithis
1849 323 1910 346 rixa
1929 329 2013 353 super

1334 367 1482 390 Debeliata
1502 372 1577 391 mero
1586 365 1632 393 98).

1266 409 1350 445 Non
1368 411 1538 444 dissimile
1558 410 1760 443 convivium
1780 423 1860 443 meo
1877 417 2039 454 tempore
2065 415 2183 443 actum
2207 417 2259 443 est

1264 462 1301 494 in
1322 463 1451 495 finibus
1470 460 1693 505 Tlmriugiae
1710 468 1742 494 et
1756 461 1950 502 Franciae,
1976 461 2038 495 ubi
2053 461 2190 506 equites
2213 462 2259 493 ad

1263 514 1407 557 nuptias
1427 513 1566 546 invitati
1580 512 1790 546 Centaurice
1808 525 1827 545 a
1846 513 1983 558 poculis
1999 513 2260 546 descenderunt

1265 566 1307 597 ad
1327 578 1447 605 arma,
1473 565 1664 610 ipsumque
1679 576 1851 608 sponsum
1876 577 1956 599 cum
1982 563 2183 608 praecipuis
2209 563 2260 596 af-

1264 616 1392 650 finibus
1414 623 1447 649 et
1464 617 1623 660 cognatis
1641 615 1878 649 trucidarunt.
1932 615 2112 649 Lucianus
2130 614 2260 649 descri-

1263 669 1315 700 bit
1331 668 1446 701 simile
1466 668 1670 701 convivium
1684 694 1692 707 ,
1720 667 1757 699 in
1774 680 1846 712 quo
1871 665 2078 712 philosophi
2102 667 2260 700 diversa-

1265 732 1343 753 rum
1366 719 1628 763 professionum
1652 719 1697 751 ad
1713 718 1857 762 nuptias
1872 719 2034 759 invitati,
2060 730 2135 751 non
2153 717 2259 762 syllo-

1263 771 1406 814 gismis,
1440 772 1501 804 sed
1529 771 1657 815 pugnis
1684 782 1784 803 more
1807 769 2072 804 Centaurorum
2097 775 2132 802 et
2150 768 2257 813 Lapi-

1267 820 1411 855 tharum
1432 823 1526 855 inter
1544 835 1579 856 se
1597 824 1872 855 contenderunt.

1320 911 1398 945 Vss.
1418 912 1648 947 601—603.
1693 912 1812 957 Quid
1841 912 2018 957 spicula
2047 911 2204 957 perdis

1315 982 1493 1023 Sanym'ne
1506 978 1658 1024 plebeio?
1672 980 1718 1025 ⁹9)
1746 984 1777 1015 si
1794 995 1858 1027 qua
1873 987 1922 1015 est
1936 983 1999 1016 tibi
2015 994 2100 1016 cura
2115 987 2259 1019 tuorum,

1323 1033 1461 1065 Vertere
1479 1034 1514 1065 ῖη
1532 1034 1714 1066 Aeaciden.

1374 1091 1470 1124 Haec
1488 1092 1646 1124 carmina
1664 1092 1832 1136 usurpari
1851 1098 2001 1136 possunt
2022 1091 2097 1124 vice
2116 1101 2262 1135 prover-

1266 1142 1317 1175 bii
1351 1142 1388 1175 in
1421 1143 1670 1177 admonitione
1695 1144 1740 1177 ad
1763 1143 1962 1188 principes,
2003 1143 2066 1188 qui
2098 1141 2263 1175 bellicam

1268 1194 1424 1238 gloriam
1454 1201 1642 1239 expetunt,
1677 1202 1717 1229 ut
1739 1195 1950 1229 intermissis
1974 1194 2075 1229 hellis
2101 1193 2263 1226 civilibus

1269 1252 1304 1278 et
1324 1246 1485 1289 plebeiis,
1514 1247 1704 1292 acquirant
1719 1247 1907 1280 victoriam
1926 1259 2001 1280 non
2015 1258 2058 1279 ex
2075 1245 2182 1279 caede
2197 1243 2264 1276 mi-

1268 1309 1434 1331 serorum
1453 1298 1585 1332 civium
1604 1305 1638 1332 et
1662 1298 1899 1339 rusticorum,
1933 1300 1994 1333 sed
2018 1310 2060 1331 ex
2084 1297 2178 1330 bello
2203 1295 2264 1328 ad-

1238 1362 1240 1387 :
1267 1360 1391 1382 versus
1409 1349 1566 1382 Turcam
1592 1362 1660 1393 pro
1686 1351 1800 1394 gloria
1824 1350 1893 1383 Dei
1916 1356 1950 1384 et
1974 1349 2180 1383 defensione
2198 1346 2264 1380 Ec-

1239 1427 1241 1430 .
1269 1400 1396 1433 clesiae
1436 1407 1612 1445 suscepto,

1686 1401 1764 1434 Hoc
1797 1401 1970 1434 nimirum
2007 1406 2058 1433 est
2099 1400 2184 1432 verta·
2225 1400 2260 1431 in

1239 1458 1241 1471 ²
1266 1453 1448 1485 Aeaciden.

218 1681 424 1717 Thessaliae
448 1683 583 1729 equites
603 1683 787 1726 finguntur
808 1681 1025 1724 nubigenae,
1067 1688 1215 1726 propter
1240 1689 1242 1717 ἐ

219 1747 318 1768 arces
336 1734 373 1767 in
389 1734 569 1767 altissimis
588 1733 771 1766 montibus
787 1732 890 1772 sitas,
917 1732 979 1765 ubi
998 1733 1142 1766 suerunt
1158 1745 1216 1777 ge-

220 1786 305 1823 niti;
335 1791 385 1819 est
401 1786 495 1818 enim
515 1782 698 1818 Thessalia
717 1783 814 1828 regio
835 1790 1014 1818 montosa.
1076 1784 1213 1818 Eodem

219 1838 329 1870 modo
362 1837 562 1881 nubigenae
594 1835 679 1879 fingi
710 1842 860 1880 possunt
893 1837 988 1879 apud
1013 1836 1215 1870 Germanos

1241 1827 1243 1839 ¹
1269 1838 1338 1872 que
1365 1827 1409 1860 ab
1442 1827 1681 1872 ignavissimis
1710 1828 1837 1862 fraude
1870 1827 2142 1861 interficiantur.

221 1889 356 1934 equites
376 1888 506 1920 Franci
530 1894 563 1920 et
581 1887 805 1925 Tirolenses3
840 1899 924 1919 nam
948 1885 984 1920 hi
1010 1900 1155 1934 quoque
1178 1888 1215 1921 in
1241 1891 1243 1923 Ῐ

219 1939 400 1973 altissimis
419 1939 597 1972 montium
614 1939 703 1983 iugis
722 1939 930 1983 gignuntur.

248 2039 520 2075 Convivium
558 2037 863 2084 Lapitharum
909 2047 952 2074 et
995 2040 1191 2076 Centau-

633 2103 800 2126 rorum.

328 2166 543 2200 Convivium
560 2166 797 2212 Lapitharum
816 2174 849 2200 et
868 2168 1131 2202 Centaurorum
1157 2170 1216 2202 de-

221 2224 375 2252 testatur
391 2217 599 2251 ebrietatem
626 2225 661 2252 et
685 2221 826 2259 caedes,
862 2231 954 2265 quae
979 2232 1021 2253 ex
1045 2220 1216 2254 ebrietate

221 2269 462 2314 proveniunt;
505 2281 589 2302 nam
624 2271 776 2304 ebrietas
800 2271 952 2315 impellit
979 2270 1143 2306 homines
1171 2274 1217 2306 ad

224 2321 378 2366 quodvis
395 2320 551 2361 facinus,
578 2327 617 2353 ut
633 2321 684 2354 ait
700 2322 870 2356 Horatius
879 2322 943 2369 ⁹⁶):

326 2380 356 2403 In
375 2380 483 2410 proelia
502 2379 587 2403 trudit
607 2379 744 2404 inermem,

258 2509 306 2541 94)
328 2510 407 2539 Vin-g.
427 2511 496 2534 Aen.
517 2509 566 2535 lx,
585 2510 742 2534 617--620,

258 2567 307 2597 95)
329 2567 380 2596 ite]
401 2568 441 2592 sic
461 2569 559 2599 Virg.;
587 2569 669 2593 Editt.
688 2569 778 2595 1555..
806 2569 880 2593 155⁹.
903 2571 986 2594 male:
1017 2571 1062 2594 ita.

258 2627 305 2655 96)
326 2627 421 2650 Horat.
439 2627 525 2656 Epist.
547 2627 566 2656 1,
586 2628 612 2653 ἴ),
635 2627 691 2655 172,
718 2627 762 2650 uhi
782 2630 875 2650 autem
897 2629 953 2650 inu-o
975 2629 1125 2658 inermem,
1148 2627 1217 2658 quod

292 2660 492 2719 ξιιέίίἓὲέιὸὀόη
522 2662 594 2685 1559.
615 2663 639 2686 h.
661 2662 678 2686 Ι.
704 2662 846 2692 exhibent,
884 2662 911 2685 iu
932 2663 980 2685 Ed.
1001 2664 1088 2688 Beutl.
1116 2663 1218 2693 legitur

1241 2343 1246 2496 1

1530 1544 1731 1579 Achillis
1766 1544 2003 1578 interitus.

1324 1613 1400 1647 Vss.
1420 1614 1493 1647 608
1509 1626 1561 1658 sq.
1588 1615 1650 1648 Ille
1669 1616 1774 1657 iyiim·
1786 1619 1957 1648 tantorum
1974 1615 2079 1646 victor
2096 1611 2237 1651 Achille,

1330 1667 1444 1699 Victus
1461 1677 1495 1698 es
1506 1664 1563 1711 ¹⁰⁰)
1580 1678 1601 1699 a
1616 1667 1734 1699 timido
1753 1668 1880 1701 Graiae
1898 1670 2033 1708 raptore
2048 1664 2205 1697 maritae.

1372 1723 1489 1758 Locus
1507 1725 1708 1758 communis
1732 1726 1774 1758 de
1801 1726 1933 1759 usitato
1958 1722 2109 1757 heroum
2120 1721 2151 1767 ¹)
2176 1722 2265 1754 inte-

1407 1776 1622 1821 Saepissime
1640 1778 1734 1810 enim
1754 1777 1901 1818 accidit,
1930 1782 1969 1810 ut
1985 1773 2171 1809 fortissimi
2188 1772 2265 1819 qui-

2209 1823 2266 1858 Sic

1269 1878 1387 1922 Scipio
1405 1879 1614 1920 Africanus,
1650 1879 1700 1913 sic
1714 1880 1909 1924 Pompeius
1934 1890 2104 1923 magnus,
2139 1875 2188 1910 sic
2208 1873 2266 1908 Iu·

1269 1931 1337 1965 lius
1354 1931 1504 1972 Caesar,
1539 1932 1715 1977 multique
1743 1932 1803 1964 alii
1827 1930 2004 1976 perempti
2027 1935 2121 1964 sunt.
2180 1927 2265 1961 Fer—

1270 1990 1329 2016 tur
1356 1990 1474 2016 autem
1494 1981 1650 2018 Achilles
1672 1983 1841 2017 insidiose
1865 1983 1999 2016 occisus
2024 1993 2045 2014 a
2067 1979 2199 2014 Paride
2227 1979 2265 2011 in

1269 2035 1406 2079 templo
1425 2035 1621 2080 Apollinis;
1649 2047 1734 2068 nam
1754 2047 1832 2068 cum
1851 2035 1935 2067 illuc
1953 2033 2108 2067 venisset
2133 2031 2171 2064 in
2194 2030 2265 2064 col-

1269 2086 1431 2131 loquium
1462 2100 1540 2120 cum
1557 2084 1831 2127 Andromache,
1866 2084 2030 2119 Hectoris
2053 2094 2184 2122 uxore,
2220 2082 2264 2115 de

1273 2137 1454 2183 Polyxena
1482 2138 1517 2170 in
1541 2138 1813 2171 matrimonium
1839 2138 2022 2177 ducenda,
2061 2148 2103 2170 ex
2126 2133 2264 2168 insidiis

1274 2189 1478 2223 interfectus
1495 2195 1543 2223 est
1563 2189 1633 2223 telo
1651 2189 1810 2230 Paridis,
1837 2189 1899 2235 qui
1921 2201 1956 2223 se
1981 2188 2018 2222 in
2045 2187 2181 2232 templo
2208 2197 2265 2219 oc-

1273 2242 1480 2274 cultaverat.
1532 2240 1580 2274 Et
1598 2239 1681 2274 hine
1697 2243 1846 2275 conficta
1873 2247 1925 2275 est
1949 2240 2068 2274 fabula
2094 2240 2138 2273 de
2154 2237 2264 2282 Apol-

1269 1774 1352 1809 ritu.

1312 2383 1357 2415 97)
1380 2385 1474 2408 Horat.
1496 2384 1544 2407 ΟΔ.
1560 2384 1579 2413 l,
1601 2384 1642 2416 18,
1661 2384 1749 2409 7-9.

1306 2436 1357 2466 98)
1378 2437 1413 2458 At
1432 2448 1464 2452 --
1485 2443 1568 2466 super
1589 2436 1733 2461 Debellata
1751 2418 1851 2464 meroi]
1878 2435 1919 2459 sic
1937 2434 2022 2459 Editt.
2043 2433 2136 2461 1555η
2173 2432 2265 2457 155⁹.:

1347 2470 1442 2494 Horat.
1464 2471 1511 2494 Ed.
1533 2472 1637 2495 nentia
1663 2473 1701 2495 Ac
1720 2484 1754 2488 —
1773 2476 1857 2500 super
1878 2475 1953 2493 mero
1972 2468 2125 2492 Debellata.

1309 2520 1357 2551 99)
1381 2523 1528 2553 sanquine
1545 2522 1653 2552 plebeio
1662 2519 1688 2553 22]
1710 2521 1751 2544 sic
1770 2521 1851 2544 Editt.
1869 2521 1962 2551 1555.‚
1992 2519 2086 2549 1559.;
2116 2518 2195 2544 ovid.
2215 2518 2264 2542 Ed.

1340 2557 1448 2581 musci».
1467 2557 1615 2588 Sanyuine
1631 2553 1746 2587 plebis?
1772 2556 1824 2580 ait.

1308 2609 1371 2636 100)
1396 2610 1494 2633 Victus
1513 2610 1557 2638 es]
1577 2608 1618 2633 sie
1637 2608 1720 2633 Editt.
1740 2607 1812 2632 1555.
1825 2623 1833 2636 ‚
1862 2607 1953 2634 1559.;

1348 2643 1486 2668 sinceris.

1988 2606 2067 2631 Ovid.
2088 2605 2138 2630 Ed.
2156 2604 2263 2629 Mitscn.

1309 2695 1337 2722 1)
1358 2695 1486 2723 heroum]
1508 2695 1547 2718 sic
1562 2696 1610 2719 Ed.
1625 2695 1699 2720 1555,
1715 2695 1756 2723 Ι).;
1781 2693 1864 2717 Editt.
1882 2693 1956 2717 1555.
1969 2698 2009 2723 a.‚
2030 2692 2106 2717 1559.
2127 2692 2263 2716 herorum.
