2341 2973
195 101 270 136 327

197 186 392 220 Subiicitur
429 182 605 228 precatio:
655 183 751 227 Ergo
782 184 828 217 sis
860 181 1038 227 propitius
1074 180 1191 220 nobis,

197 237 273 283 (Vs.
292 235 369 281 65.)
395 237 455 270 δῖε
472 236 577 269 bonus
593 247 611 268 ο
624 235 780 281 felixque
797 236 866 269 tuis
885 239 949 267 etc.
998 232 1191 266 Adduntur

195 288 353 322 rationes
369 287 413 320 ab
430 286 529 327 utili,
558 299 647 332 quas
664 286 810 330 exponit
834 283 1107 318 enumeratione
1136 295 1192 316 ea-

196 352 275 372 rnm
292 351 434 379 rerum,
465 350 557 383 quae
580 339 622 370 ad
650 337 812 371 divinum
839 337 973 370 cultum
1000 335 1191 379 pertinent.

196 390 310 438 Ait⁵⁴)
328 390 422 423 enim
441 401 477 423 se
495 390 664 423 daturum
681 389 754 428 lac,
783 388 914 427 oleum,
942 387 1079 426 vinum,
1107 386 1191 418 item

196 440 339 487 hymnis
355 441 629 475 celebraturum.
683 440 873 474 Postremo
898 438 1088 483 pollicetur
1116 449 1194 482 per-

196 500 344 537 petuum
366 491 555 526 honorem.

496 584 639 618 Aliud
669 583 886 617 eiusdem.

301 655 434 701 Quinta
457 652 590 697 Ecloga
623 652 784 685 continet
809 652 964 685 duorum
995 651 1194 685 amicorum

198 714 382 753 pastorum
402 705 557 738 alternas
573 704 819 743 laudationes,
849 716 889 736 ex
914 703 1043 748 quibus
1067 702 1195 736 deinde

199 759 350 793 sumitur
374 756 512 790 occasio
539 755 719 790 scribendi
743 752 918 800 epitaphii
948 766 1010 788 seu
1034 753 1196 798 epicedii.

197 810 358 844 Omnino
393 814 511 843 autem
548 807 739 851 allegorice
772 806 1018 850 accipiendum
1049 812 1100 839 est
1128 803 1196 838 hoc

198 859 441 908 epitaphium,
470 871 541 905 quo
566 859 672 892 desset
695 858 831 891 obitum
850 854 1064 901 Daphnidis.
1117 856 1196 890 Est-

199 926 268 960 que
288 913 375 947 citra
394 924 538 945 omnem
561 910 843 943 controversiain
872 908 1124 952 intelligendus
1141 907 1196 941 lu-

198 966 267 1000 lius
289 965 441 1004 Caesar,
482 975 587 1009 quem
623 961 757 995 crudeli
787 961 911 993 funere
937 960 1194 1004 interemptum

199 1016 259 1051 hic
285 1016 387 1056 dicit,
431 1021 465 1048 et
484 1013 675 1048 Armenias
700 1013 807 1057 tigres
818 1012 864 1057 ⁵⁵)
894 1024 1001 1045 curru
1028 1011 1196 1051 iunxisse,

200 1067 267 1103 hoc
301 1074 370 1108 est,
412 1065 607 1100 instituisse
636 1076 735 1099 sacra
758 1061 912 1104 Bacchi,
955 1064 1197 1096 decernuntur

201 1121 307 1154 etiam
327 1119 378 1152 illi
404 1117 517 1151 divini
538 1115 717 1157 honores,
752 1128 843 1161 quae
870 1114 992 1147 omnia
1019 1115 1108 1148 nulli
1137 1126 1195 1148 ve-

200 1172 292 1211 rius,
320 1182 428 1216 quam
450 1169 594 1203 Caesari
611 1169 723 1202 tribui
746 1173 907 1212 possunt.
970 1166 1087 1200 Porro
1117 1178 1196 1199 ora-

200 1223 307 1256 tionis
326 1222 435 1256 series
451 1221 560 1255 totius
575 1220 729 1264 Eclogae
749 1226 811 1253 est.
847 1218 1032 1263 Principio
1049 1218 1197 1263 ponitur

198 1275 312 1308 amica
333 1280 367 1308 et
384 1274 583 1307 verecunda
602 1270 768 1305 invitatio
788 1271 831 1304 ad
852 1271 1076 1311 canendum,
1105 1281 1196 1316 quae

198 1332 339 1371 sumpta
365 1331 415 1359 est
437 1337 456 1357 a
483 1323 721 1368 descriptione
745 1322 826 1356 loci.
885 1321 1116 1356 lntersertum
1146 1327 1197 1354 est

197 1377 403 1411 invitationi
421 1372 533 1422 ἦθος,
561 1388 633 1422 quo
653 1376 742 1408 alter
759 1375 911 1408 alterum
930 1373 997 1408 sibi
1027 1374 1196 1418 praefert,

199 1436 232 1463 et
247 1430 469 1474 superiorem
489 1427 679 1461 existimat.
740 1426 870 1459 Postea
896 1425 1084 1459 subiicitur
1106 1424 1198 1457 inte-

198 1493 261 1526 gra
294 1479 486 1524 descriptio
519 1479 670 1524 epicedii
711 1490 773 1511 seu
810 1477 972 1510 funebris
1008 1475 1197 1514 orationis,

198 1545 289 1579 quae
306 1533 444 1566 duabus
463 1537 602 1565 constat
620 1529 800 1574 partibus,
837 1528 983 1574 querela
1009 1526 1197 1571 scilicet56)

198 1591 233 1617 et
257 1584 510 1628 gratulatione.
571 1581 796 1625 Principium
823 1580 974 1624 epicedii
998 1579 1100 1624 (0⁷5.
1117 1578 1196 1623 20.)

199 1638 404 1670 Eoete'nclum
426 1634 619 1680 Nymphae)
642 1631 751 1666 habet
777 1631 981 1675 congeriem
1004 1632 1194 1674 figuratam

200 1687 349 1732 poeticis
368 1686 509 1731 figuris,
539 1686 636 1731 quod
663 1683 766 1717 multi
791 1683 969 1715 fleverunt
990 1681 1196 1726 propter⁵⁷)

200 1739 394 1773 extinctum
426 1734 679 1781 Daphnidem,
723 1740 846 1779 estque
878 1732 934 1766 hic
968 1739 1062 1767 totus
1097 1733 1197 1766 locus

199 1791 376 1837 quaedam
397 1789 542 1834 querela
567 1790 610 1822 de
636 1793 752 1820 morte
770 1783 986 1830 Daphnidis.
1041 1784 1196 1818 Additur

199 1840 494 1877 commemoratio
526 1852 647 1874 rerum
682 1844 882 1884 gestarum,
929 1837 1026 1883 quod
1064 1836 1197 1871 scilicet

198 1893 422 1940 promoverit
438 1892 663 1937 religionem.
717 1889 826 1930 Item,
856 1891 954 1934 quod
971 1888 1092 1922 omnia
1112 1901 1195 1922 con-

199 1946 394 1981 servaverit
418 1944 455 1977 in
479 1944 694 1990 tranquillo,
741 1954 812 1988 quo
838 1941 979 1975 vivente
1003 1938 1093 1974 nihil
1121 1952 1196 1974 non

197 1997 303 2032 fuerit
324 1996 578 2031 felicissimum.
632 1994 672 2028 In
690 1996 758 2028 fine
777 1994 942 2040 querelae
961 1993 1110 2038 ponitur
1135 1993 1195 2026 ad-

199 2048 357 2083 hortatio
393 2050 437 2081 ad
472 2049 562 2082 iusta
596 2046 761 2081 funebria
796 2046 1054 2090 persolvenda,
1097 2051 1131 2079 et
1157 2050 1197 2078 ut

199 2113 385 2146 nunquam
410 2100 666 2133 obliviscantur
684 2096 901 2143 Daphnidis.
962 2098 1084 2131 Altera
1113 2108 1196 2141 pars

201 2152 350 2198 epicedii
375 2150 484 2185 habet
501 2151 780 2195 gratulationem
798 2149 997 2190 felicitatis,
1032 2150 1130 2195 quod
1156 2161 1196 2181 ex

199 2212 252 2239 tot
271 2203 561 2249 impendentibus
579 2203 680 2237 malis
698 2215 794 2236 nunc
813 2207 956 2246 ereptus
973 2201 1019 2235 sit
1036 2201 1072 2234 in
1100 2213 1196 2235 sum-

200 2270 259 2290 mo
279 2256 410 2301 gaudio
423 2282 432 2295 ,
461 2267 501 2287 ac
520 2267 679 2288 securam
698 2261 780 2299 agat
799 2253 893 2286 inter
911 2253 1007 2287 Deos
1025 2252 1196 2299 quietem.

198 2308 367 2354 Sequitur
390 2306 620 2351 amplificatio
647 2306 824 2340 felicitatis
850 2306 893 2337 ab
923 2305 1196 2338 enumeratione

199 2361 395 2394 multorum
433 2359 729 2397 commodorum,
782 2357 910 2403 quilius
948 2357 1018 2390 iam
1057 2357 1196 2391 fruatur

201 2419 374 2446 mortuus.
460 2410 615 2442 Additur
658 2407 875 2454 apostrophe
892 2436 901 2448 ,
954 2421 1024 2455 qua
1071 2415 1194 2443 votum

203 2462 382 2508 Daphnidi
404 2468 574 2508 tanquam
592 2461 669 2494 Deo
696 2461 790 2495 lacit.
854 2461 1045 2495 Conclusio
1076 2468 1196 2503 gratu-

235 2601 282 2625 54)
305 2598 361 2629 Ait]
385 2600 430 2622 Ed.
449 2599 523 2622 ¹593.
545 2599 641 2622 mendo
662 2599 790 2627 typogr.:
820 2598 863 2620 At.

236 2643 281 2671 55)
304 2642 405 2671 tigres]
428 2643 475 2665 Ed.
494 2642 568 2665 1568.
593 2641 688 2665 aiendo
710 2642 836 2670 typogrst
865 2639 964 2669 tigres.

236 2685 282 2715 543)
304 2685 422 2713 scilicet!
444 2686 483 2708 sic·
505 2686 552 2709 Ed.
572 2686 661 2713 1565.;
690 2684 716 2707 iu
738 2684 820 2707 Editt.
839 2683 928 2712 1563214.7
954 2683 1027 2708 1593.
1048 2686 1135 2707 deest.

235 2728 281 2757 57)
304 2730 431 2759 propter]
453 2728 492 2751 sic
514 2729 561 2752 Ed.
579 2729 670 2758 1565.;
697 2728 723 2751 iu
744 2727 826 2752 Editt.
847 2727 937 2750 1-368..
963 2727 1036 2751 1593.
1057 2729 1143 2751 deest.

778 95 901 131 PHlL.
937 93 1050 129 MEL.
1085 92 1287 128 SCRIPTA
1322 88 1663 127 PHILOLOGICA.

2169 92 2243 128 328

1243 178 1390 212 lationis
1425 176 1532 211 habet
1567 178 1762 212 clausulam
1809 178 1996 219 figuratam
2039 177 2243 219 collatione,

1247 230 1362 276 qualis
1380 235 1414 262 et
1431 241 1538 274 supra
1556 230 1623 262 suit
1638 229 1676 262 in
1693 229 1810 273 prima
1827 227 1972 272 Ecloga.
2033 228 2074 262 In
2092 230 2162 263 fine
2180 241 2245 275 po-

1247 282 1346 315 nitur
1363 280 1555 326 descriptio
1572 280 1809 325 pastoralium
1827 280 2021 314 donorum.

1555 362 1693 399 Aliud
1723 365 1940 399 eiusdem.

1353 431 1503 467 GenerIS
1521 439 1572 467 est
1588 433 1874 468 demonstrativi.
1902 432 2064 466 Defletur
2082 433 2177 466 enim
2186 431 2247 479 ⁵⁸),

1251 483 1313 531 qui
1337 483 1492 528 Eclogae
1517 490 1629 519 status
1655 491 1724 525 est,
1760 482 1818 518 hic
1848 485 1886 518 in
1909 483 2062 528 Augusti
2093 484 2246 529 gratiam

1250 537 1315 570 sub
1331 533 1535 580 Daphnidis
1551 548 1703 581 persona
1716 562 1725 576 ,
1753 535 1791 570 C.
1809 534 1889 570 Iulii
1905 548 1925 569 a
1940 535 2056 569 Bruto
2071 541 2106 569 et
2124 534 2246 570 Cassio

1252 587 1344 622 caesi
1362 587 1575 622 miserabilis
1584 587 1631 633 ⁵⁹)
1648 599 1767 628 mors,
1800 589 1898 633 quod
1922 599 2068 621 carmen
2085 586 2247 621 Caesaris

1250 640 1375 673 laudes
1391 639 1561 673 continet.
1615 639 1707 672 Sunt
1725 645 1843 672 autem
1859 645 1929 673 tres
1944 638 2099 683 Eclogae
2115 644 2247 684 partes.

1251 691 1373 725 Prima
1395 697 1447 725 est
1472 690 1680 731 exordium,
1715 691 1813 736 quod
1840 690 2000 724 continet
2023 689 2248 725 occasionem

1252 742 1423 787 epicedii,
1451 742 1489 775 in
1511 755 1582 788 qna
1606 742 1696 775 alter
1720 742 1873 775 alterum
1897 742 1941 775 ad
1966 742 2168 775 canendum
2195 741 2248 773 in=

1251 794 1360 834 vitat,
1387 806 1484 827 nunc
1502 805 1521 826 a
1539 805 1778 838 personarum
1796 793 1985 833 facultate,
2011 805 2108 827 nunc
2123 793 2167 826 ab
2186 804 2249 836 op-

1251 845 1476 890 portunitate
1495 851 1530 878 et
1547 846 1766 879 amoenitate
1784 845 1873 885 loci,
1902 851 1937 878 et
1960 844 2074 878 utitur
2098 843 2249 889 egregiis

1252 895 1546 942 enthymematis:
1573 896 1690 930 Ambo
1709 909 1831 930 sumus
1853 896 1960 941 periti
1983 895 2130 936 musici,
2165 906 2248 939 ergo

1252 960 1435 983 canamus.
1488 946 1575 981 Item
1590 975 1599 989 ,
1626 947 1666 981 In
1685 955 1849 993 tempore
1872 947 2106 981 convenimus
2130 947 2250 986 ambo,

1252 1012 1336 1044 ergo
1355 999 1480 1034 studiis
1496 1000 1629 1034 nostris
1654 999 1803 1044 dignum
1831 999 1968 1045 aliquid
1992 999 2250 1044 proferendum

1253 1057 1315 1085 est.
1385 1050 1494 1091 Item,
1539 1051 1644 1085 Nunc
1681 1057 1733 1086 est
1767 1050 2063 1085 amoenissimum
2096 1057 2251 1094 tempus,

1253 1115 1338 1147 ergo
1364 1103 1528 1136 fruamur
1561 1101 1627 1136 ista
1658 1102 1877 1136 amoenitate
1910 1101 2084 1146 temporis
2110 1107 2145 1134 et
2170 1099 2251 1134 loci.

1252 1154 1374 1187 Altera
1392 1166 1476 1198 pars
1493 1159 1544 1187 est
1561 1153 1682 1198 Mopsi
1702 1153 1890 1198 epicedion
1909 1153 1945 1186 in
1967 1152 2131 1187 Caesaris
2155 1163 2252 1184 mor-

1253 1212 1336 1240 tem.
1397 1205 1521 1238 Tertia
1550 1217 1633 1249 pars
1656 1204 1814 1249 Eclogae
1841 1210 1892 1238 est
1917 1201 2147 1244 ἇποθέωσις,
2181 1214 2251 1248 qua

1252 1257 1454 1302 gratulatur
1469 1263 1575 1301 poeta
1592 1254 1780 1301 Daphnidi
1797 1255 2036 1290 divinitatem.
2074 1253 2137 1288 Est
2156 1253 2251 1287 enim

1252 1308 1362 1343 lulius
1391 1309 1522 1342 Caesar
1558 1320 1577 1341 a
1615 1309 1750 1352 populo
1778 1308 1947 1341 Romano
1985 1306 2024 1339 in
2057 1317 2250 1339 numerum

1252 1360 1413 1393 Deorum
1432 1360 1584 1398 relatus,
1613 1366 1767 1404 suntque
1783 1359 1834 1391 illi
1853 1358 1968 1391 divini
1986 1357 2120 1391 decreti
2136 1355 2251 1390 hono-

1252 1424 1319 1447 res.
1373 1412 1491 1445 Porro
1512 1417 1585 1443 tota
1603 1409 1736 1454 licloga
1760 1409 1961 1454 conscripta
1988 1414 2040 1442 est
2064 1409 2109 1441 ad
2134 1407 2251 1440 imita-

1254 1464 1387 1497 tionem
1408 1462 1515 1507 primi
1536 1461 1653 1506 tdyllii
1671 1460 1869 1495 Theocriti.
1924 1460 1995 1493 Alii
2011 1460 2076 1494 sub
2088 1457 2251 1504 Daphni-

1253 1517 1296 1548 de
1314 1515 1585 1558 intelligendum
1604 1519 1733 1558 putant
1751 1511 1969 1558 Quintilium
1981 1538 1991 1553 ,
2026 1512 2069 1545 de
2088 1523 2160 1557 quo
2178 1510 2251 1544 Ho-

1252 1566 1366 1600 ratiUs
1390 1566 1455 1598 ait:
1497 1564 1596 1599 Nulli
1621 1564 1774 1598 flebilior
1802 1575 1911 1610 quam
1934 1563 2018 1603 tihi,
2052 1561 2251 1609 Virgili‘ffi).

1252 1617 1324 1652 Alii
1351 1629 1435 1650 vero
1455 1616 1622 1650 Flaccum
1648 1617 1796 1650 fratrem
1824 1614 2051 1659 intelligunt,
2084 1613 2147 1659 qui
2169 1619 2251 1646 ante

1253 1675 1406 1703 aetatem
1433 1669 1534 1703 obiit,
1592 1668 1738 1701 Primae
1763 1674 1884 1701 tamen
1910 1663 2110 1701 sententiae
2135 1676 2252 1699 assen-

1253 1721 1413 1754 tiendum
1433 1732 1506 1755 esse
1526 1720 1617 1753 duco
1630 1746 1639 1760 ‚
1662 1720 1723 1753 ubi
1738 1718 1848 1753 Iulius
1868 1718 1999 1752 Caesar
2013 1717 2079 1752 sub
2089 1714 2252 1761 Daphni—

1252 1773 1295 1806 de
1313 1772 1453 1818 potius,
1481 1784 1590 1818 quam
1608 1771 1726 1818 quivis
1745 1771 1835 1806 alius
1858 1769 2112 1815 intelligendus
2136 1767 2253 1803 existi-

1252 1831 1385 1860 matur.

1556 1909 1692 1944 Aliud
1724 1908 1946 1943 eiusdem.

1356 1978 1520 2025 Daphnis
1547 1979 1668 2013 titulus
1696 1984 1747 2012 est
1771 1976 1854 2012 huie
1871 1978 2046 2022 Eclogae,
2085 1977 2170 2023 quia
2195 1975 2253 2011 hic

1252 2045 1351 2066 mors
1368 2039 1402 2066 et
1418 2032 1582 2065 interitus
1592 2028 1795 2075 Daphnidis
1811 2030 2032 2075 deploratur.
2060 2028 2251 2075 Sumptum

1253 2091 1371 2119 autem
1391 2091 1443 2118 est
1458 2095 1593 2117 nomen
1609 2095 1649 2116 ex
1662 2080 1856 2116 Theocrito
1867 2108 1876 2123 ‚
1904 2088 1939 2115 et
1954 2081 2130 2126 significat
2145 2087 2252 2126 poeta

1252 2149 1317 2182 per
1333 2134 1563 2181 Daphnidem
1579 2133 1708 2168 Iulium
1729 2134 1917 2168 Caesarem
1928 2160 1937 2175 ‚
1965 2133 2028 2179 qui
2044 2145 2125 2167 cnm
2141 2132 2251 2178 paulo

1254 2195 1335 2222 ante
1353 2189 1389 2221 in
1405 2188 1539 2222 Senatu
1557 2193 1647 2221 esset
1664 2186 1887 2227 interfectus,
1922 2191 1957 2219 et
1983 2198 2064 2220 cum
2088 2185 2165 2219 eius
2189 2196 2251 2218 ne-

1253 2253 1318 2286 pos
1335 2240 1514 2284 Augustus
1531 2238 1772 2279 successisset,
1801 2238 1968 2283 deplorat
1985 2237 2060 2272 eius
2082 2242 2250 2270 mortem.

1254 2292 1424 2326 Continet
1446 2298 1565 2324 autem
1592 2289 1679 2324 haec
1695 2290 1830 2335 Ecloga
1853 2291 1941 2324 duas
1957 2295 2088 2335 partes.
2142 2287 2250 2321 Prior

1253 2356 1333 2389 pars
1355 2350 1404 2377 est
1425 2343 1621 2387 epit-edium
1636 2369 1645 2382 ,
1673 2343 1745 2376 sive
1764 2342 1964 2387 deploratio
1987 2340 2125 2374 mortis.
2179 2339 2249 2372 Po-

1252 2395 1380 2430 sterior
1397 2393 1503 2427 habet
1521 2394 1798 2439 descriptionem
1810 2421 1819 2434 ,
1847 2393 2031 2440 quomodo
2050 2391 2143 2425 inter
2152 2390 2248 2424 Deos

1253 2454 1287 2482 et
1304 2448 1341 2480 iu
1357 2447 1495 2481 coelum
1514 2446 1557 2480 sit
1580 2447 1782 2480 translatus.

1860 2580 1906 2603 Ed.
1926 2579 2000 2603 1568.
2021 2584 2090 2603 enin.

1833 2633 1913 2657 Editt.
1940 2632 2031 2663 1568„
2059 2629 2135 2656 159³,
2160 2627 2246 2654 mira-

1286 2584 1335 2611 55)
1357 2583 1440 2612 euim]
1461 2583 1499 2607 Sic
1522 2581 1604 2607 Editt.
1620 2582 1714 2612 laea,
1738 2580 1826 2609 1593.;

1285 2635 1537 2693 5¹5)¹1niserabi1is]
1566 2634 1606 2658 sic
1631 2635 1680 2658 Ed.
1705 2634 1795 2662 1565.;

1321 2670 1343 2693 bi
1360 2670 1391 2693 is.

1284 2723 1331 2750 60]
1354 2724 1446 2748 uorat.
1469 2722 1560 2747 Carni.
1576 2721 1602 2750 le
1623 2720 1665 2745 24.
1689 2721 1726 2744 10,
