2421 3005
95 117 168 154 641
409 114 498 150 XCI.
552 114 842 151 ENARRATIO

93 203 312 239 Mirantibus
336 208 458 236 autem
485 201 610 236 amicis
636 209 672 235 et
701 202 986 244 sciscitantibus,
1024 202 1103 237 ubi·
1127 207 1130 245 ζ

93 268 179 290 nam
203 254 365 300 gentium
390 260 464 287 tam
488 254 551 287 diu
577 261 824 289 commoratus
849 262 958 295 esset,
999 254 1101 288 illum
1128 257 1129 271 ¹

92 307 279 343 simulasse
295 318 369 340 sese
387 305 532 340 interim
548 305 657 340 fuisse
680 305 718 339 in
744 306 895 341 marinis
923 306 1100 342 fluctibus.

93 359 260 393 Tandem
280 357 460 398 evenisse,
488 363 530 391 ut
555 370 574 390 a
599 357 717 391 bellua
744 359 884 392 marina
907 359 1101 392 devorare-

93 418 173 452 tur,
200 422 355 456 cumque
370 422 412 443 ex
428 421 530 442 more
552 421 627 443 non
644 410 798 451 rediret,
826 410 998 444 iactatum
1025 422 1100 444 esse
1124 429 1128 456 3

92 462 221 508 populi
239 462 356 502 fama,
382 461 560 495 Glaucum
584 468 721 506 gustata
742 459 855 496 herba
878 463 1012 496 factum
1034 462 1100 495 im-
1126 465 1127 473 ¹

92 514 306 555 mortalem,
331 519 365 547 et
381 513 420 546 in
435 513 528 547 mari
544 513 656 547 vitam
674 526 790 558 agere.
845 514 1007 548 Similem
1024 515 1099 547 fere

92 563 284 601 historiam
317 565 427 598 refert
452 564 623 600 Iovianus
648 565 856 606 Pomanus,
902 566 964 613 qui
988 565 1099 599 tradit
1125 563 1162 595 s

94 618 166 653 suis
183 617 408 665 temporibus
423 617 530 652 fuisse
560 615 744 651 hominem
770 624 1011 662 cognomento
1030 600 1127 652 Co-

885 115 1014 150 LIBRI
1044 115 1136 150 XIV.

1171 115 1309 149 ΜΕΤΑ
1315 114 1650 151 MORPHOSEQN
1686 116 1847 152 OVlDll.
2086 119 2159 154 642

1155 202 1246 243 lam,
1272 203 1352 248 plus
1368 202 1407 236 in
1431 202 1534 249 aquis
1553 214 1663 249 quam
1680 204 1717 237 in
1735 205 1839 240 terris
1856 206 1976 239 vivere
2001 205 2159 245 solitum,

1128 274 1129 296 1
1155 267 1220 288 nec
1251 255 1411 300 potuisse
1442 254 1599 300 spirare,
1638 255 1667 289 si
1693 256 1755 290 diu
1779 258 1949 292 abfuisset
1973 258 2016 291 ab
2046 257 2160 303 aquis,

1154 304 1252 340 haud
1276 319 1376 341 secus
1401 319 1442 340 ac
1467 307 1624 341 belluam
1648 308 1842 344 marinam.
1903 309 2008 344 Hunc
2036 310 2158 342 nando

1127 354 1129 360 '
1154 361 1294 392 tantum
1313 358 1528 404 profecisse,
1554 366 1594 393 ut
1616 360 1766 394 auderet
1786 373 1822 395 se
1848 362 2071 395 committere
2099 373 2160 406 pe-

1152 409 1233 454 lago
1254 411 1395 455 magnis
1412 411 1688 456 tempestatibus
1708 419 1891 447 commoto
1904 441 1913 455 ‚
1940 425 1980 448 ac
2001 414 2157 458 spatium

1154 462 1436 507 quingentorum
1465 464 1666 497 stadiorum
1693 465 1879 499 conficere.
1939 465 2064 498 Talem
2096 465 2159 509 igi-

1154 519 1213 547 tur
1229 514 1337 549 fuisse
1347 514 1524 548 Glaucum
1544 515 1737 550 verisimile
1752 523 1823 558 est,
1852 529 2007 563 eumque
2023 517 2158 551 venisse

1153 578 1190 598 1n
1207 563 1301 599 hanc
1321 566 1532 624 opinionem
1550 568 1646 613 apud
1663 569 1808 614 vulgus,
1836 575 1875 603 ut
1895 569 2047 604 existim
2050 575 2159 602 iretur

1153 616 1250 651 Deus
1269 617 1443 652 marinus.

700 746 746 781 In
782 746 951 781 librum
979 745 1073 781 XIV.
1106 743 1557 790 Metamorplioseon.

339 833 513 880 Scylla,
543 831 712 868 Phorci
740 834 857 869 filia.

146 901 224 937 Vss.
245 901 294 937 66
311 914 365 948 sq.
399 904 609 950 subiectaque
622 909 718 949 terga
732 904 890 948 ferarum
1124 918 1128 947 ι

147 955 353 999 Inquinibus
365 957 515 996 truncis,
544 960 701 1003 uteroque
717 962 858 991 extante
875 961 1001 991 coercet
1014 954 1074 1003 ³⁷).
1124 950 1128 993 l

196 1013 346 1048 Fretum
372 1013 578 1056 Siciliense,
619 1016 703 1062 quia
726 1017 955 1063 scopulosum
979 1023 1014 1051 et
1037 1029 1100 1050 an·
1124 998 1128 1061 l

94 1071 238 1110 gustum
262 1072 335 1107 est,
371 1072 473 1100 tanto
496 1067 612 1101 fervet
635 1075 754 1110 aestu,
788 1076 829 1103 ut
849 1069 978 1104 fluctus
1005 1069 1100 1103 inter

93 1129 130 1152 se
167 1124 422 1153 concurrentes
439 1145 448 1160 ,
492 1120 720 1166 scopulisque
756 1121 838 1155 illisi
858 1149 866 1163 ,
917 1122 1097 1168 quendam
1123 1081 1127 1150 l

94 1169 198 1215 quasi
220 1169 393 1204 latratum
417 1171 587 1206 referant.
651 1172 744 1206 Hinc
767 1174 914 1218 fingitur
932 1173 1049 1219 Scylla
1078 1186 1098 1207 a
1123 1151 1127 1205 1

92 1221 187 1265 pube
207 1221 356 1257 canibus
377 1229 412 1256 et
425 1223 519 1267 lupis
536 1224 712 1258 succincta
726 1251 735 1265 ‚
762 1238 871 1272 quam
890 1225 927 1258 in
945 1238 986 1258 eo
1005 1226 1097 1259 freto

93 1273 283 1317 scopulum
301 1285 375 1308 esse
392 1281 544 1309 constat.

346 1367 576 1414 Cercopes
607 1369 650 1402 in
679 1370 851 1403 simias.
1123 1306 1127 1409 l

145 1434 204 1469 Vs.
238 1434 299 1469 90.
348 1438 435 1472 Colle
463 1439 683 1479 Pithecusas,
716 1440 928 1473 habitantum
965 1419 1126 1473 nomine?

511 1491 631 1524 dictas.

197 1545 384 1591 Significat
395 1546 656 1584 Pithecusanos
672 1550 780 1585 fuisse
798 1557 934 1585 astutos
953 1557 987 1584 et
1002 1551 1100 1584 frau-
1124 1573 1127 1581 ψ

93 1598 418 1634 dulentos.Na1n
439 1603 536 1645 apud
550 1600 787 1637 Athenienses
814 1603 900 1636 olim
925 1603 1099 1648 imposto-

94 1662 150 1684 res
171 1656 206 1683 et
223 1650 341 1684 dolosi
361 1652 573 1687 dicebantur
591 1653 787 1699 Cercopes‚
817 1655 917 1701 qu¹1si
944 1667 971 1688 c
966 1655 1099 1694 ‘mdati,

93 1699 309 1746 metaphora
341 1711 485 1748 sumpta
514 1707 557 1738 ab

93 1753 344 1789 blandiuntur.

588 1706 823 1747 animalibus,
865 1719 956 1752 qu¹1e
986 1708 1098 1740 cauda
1124 1720 1127 1741 ι

1124 1786 1128 1842 1

398 1849 458 1882 De
487 1862 627 1884 aureo
659 1862 796 1884 ramo.
1124 1846 1128 1883 Ι

146 1916 207 1952 Vs.
220 1916 303 1952 114.
320 1919 513 1963 Fulyetatem
530 1932 662 1953 ramum
678 1921 771 1964 sylva
782 1921 924 1952 Iunonis
933 1921 1098 1952 Avernae.
1126 1934 1127 1938 ¹

200 1978 342 2013 Aureus
358 1990 500 2020 ramus,
528 1979 591 2026 qui
605 1982 650 2014 ad
661 1979 823 2025 Elysium
842 1991 1008 2023 campum
1025 1985 1101 2012 ten·
1126 1995 1127 2010 1

96 2029 265 2064 dentibus
293 2037 345 2064 est
373 2032 615 2073 necessarius,
657 2032 855 2077 explicatur
891 2044 909 2064 a
936 2031 1100 2075 Baptista

97 2081 322 2123 Mantuano,
366 2089 401 2116 et
433 2084 627 2129 exponitur
661 2084 850 2129 allegorice
875 2084 918 2116 de
943 2084 1011 2116 fide
1039 2095 1101 2117 seu

96 2133 227 2168 fiducia
252 2133 290 2167 in
312 2132 452 2175 Deum,
485 2136 561 2169 sine
586 2149 656 2182 qua
681 2136 818 2170 nemini
845 2135 1022 2180 contingit
1048 2135 1102 2168 in-

97 2184 211 2220 troire
227 2185 266 2218 in
283 2192 469 2220 aeternam
490 2187 613 2222 vitam.
666 2187 770 2222 Hunc
787 2200 873 2221 vero
892 2200 1033 2221 ramum
1052 2187 1102 2220 ait

98 2249 251 2272 aureum
268 2244 364 2272 recte
380 2238 556 2284 appellari
577 2252 640 2280 eo,
675 2242 774 2286 quod
798 2241 877 2274 auri
901 2239 1099 2274 substantia

96 2288 143 2324 sit
163 2289 356 2334 praecipua
381 2297 416 2324 et
441 2291 742 2336 incorruptibilis:
780 2299 814 2326 et
840 2299 935 2326 recte
960 2292 1102 2337 (quem-

97 2341 296 2375 admodum
313 2341 448 2388 Sibylla
470 2344 567 2388 apud
579 2343 772 2388 Virgilium
789 2345 910 2391 docet)
930 2343 1102 2377 occultari

96 2391 137 2426 in
155 2405 288 2438 magno
305 2406 472 2433 nemore3
500 2407 585 2428 nam
604 2395 698 2429 iuter
721 2396 880 2430 diversas
903 2403 1034 2435 sectas,
1068 2402 1103 2429 et

97 2441 289 2479 hominum
309 2446 519 2491 opiniones,
542 2447 747 2482 delitescere
763 2448 847 2481 fidei
871 2448 1101 2493 sapientiam,

98 2497 204 2542 quasi
221 2498 389 2532 arborem
410 2499 449 2532 in
463 2511 612 2533 nemore
636 2501 878 2545 amplissimo;
913 2512 978 2533 nec
1002 2500 1101 2533 inve—

98 2547 189 2589 niri,
224 2549 294 2583 nisi
317 2557 544 2586 monstrante
563 2552 697 2598 Sibylla
711 2579 719 2593 ‚
756 2550 825 2585 hoc
845 2558 916 2592 est,
953 2551 1020 2585 Dei
1039 2564 1100 2585 vo-

98 2598 237 2635 luntate
266 2602 371 2637 nobis
405 2604 563 2637 revelata
597 2616 661 2649 per
690 2601 910 2649 Prophetas;
954 2603 1101 2637 invento

136 2723 185 2755 37)
204 2725 330 2758 coercet]
352 2727 393 2750 sic
412 2727 495 2751 Editt.
511 2728 605 2753 1555..
627 2729 720 2753 1559.:

170 2760 301 2786 haerent.

102 2802 286 2834 Misnxs'ru.
311 2804 418 2835 Orza.
445 2805 528 2834 Vni.
557 2805 646 2834 ΧΙΧ.

756 2729 836 2754 Ovid.
855 2729 903 2753 Ed.
926 2729 1034 2753 Mitsch.
1055 2735 1104 2753 co-

1125 859 1131 876 ,
1153 832 1222 868 hoc
1249 844 1351 866 ramo
1376 839 1411 866 et
1431 839 1595 872 servato,

1126 885 1129 912 ἶ
1154 886 1226 921 cult
1229 891 1301 919 ntes
1327 883 1507 919 humanae
1537 884 1879 919 vitae¹1mbulantes
1904 887 2049 919 tandem
2078 898 2157 930 per-

1124 1067 1126 1079 .
1153 1042 1331 1087 discrepat
1359 1041 1534 1087 expositio
1558 1040 1722 1074 Marcelli
1748 1040 1951 1085 Ρ·ι1ἰη3εὲηίἰ

1125 1910 1128 1930 ,
1155 1890 1283 1923 alludit
1307 1889 1481 1931 Ovidius,

1126 2019 1128 2031 s
1156 1994 1387 2028 oraculorum
1405 1995 1514 2028 fama.

1631 844 1697 866 nos
1725 846 1788 878 per
1813 834 1979 868 tenebras
2004 847 2043 867 ac
2067 834 2158 867 diffi-

1155 938 1278 973 venire
1284 938 1344 971 ad
1363 938 1482 971 sedem
1501 937 1705 971 beatorum.

1259 989 1314 1023 Ab
1343 987 1411 1023 hac
1443 986 1646 1033 theologica
1682 988 1855 1033 allegoria
1891 1001 1966 1022 non
2003 988 2157 1021 multum

2034 1040 2071 1074 ui
2121 1052 2155 1073 ei

1153 1096 1306 1129 eundem
1334 1106 1476 1128 ramum
1517 1093 1683 1138 intelligit
1721 1092 1928 1133 veritatem,
1961 1054 2079 1138 atillue
2095 1052 2159 1125 pita

1153 1147 1288 1193 inquit

1257 1206 1318 1229 Non
1338 1205 1426 1229 cuivis
1447 1205 1530 1229 facile
1551 1207 1593 1228 est
1613 1204 1701 1235 ipsum
1722 1210 1890 1236 cognoscere
1912 1211 2017 1229 verum

1258 1250 1309 1273 Hic
1328 1249 1375 1273 ille
1395 1250 1439 1273 est
1457 1254 1568 1273 ramus.
1598 1248 1717 1272 medium
1737 1255 1815 1278 quem
1832 1248 1948 1272 maxime
1968 1249 2052 1279 sylva

1257 1291 1412 1315 Arboribus
1433 1290 1528 1314 densis
1548 1290 1666 1314 cinctum
1686 1293 1768 1320 atque
1788 1290 1933 1315 erroribus
1954 1291 2024 1315 atris

1259 1334 1414 1359 obductum
1432 1334 1521 1365 celat,
1551 1340 1602 1358 nec
1622 1334 1717 1358 multis
1741 1340 1828 1358 aurea
1848 1335 1928 1366 virga

1259 1378 1452 1409 Conspicitur,
1483 1377 1535 1401 uisi
1555 1378 1597 1402 cui
1617 1383 1704 1408 purae
1724 1378 1873 1403 ostendere
1892 1379 2043 1404 columbae.

1429 1457 1610 1503 Sibylla
1641 1459 1685 1491 in
1715 1470 1886 1493 vocem.

1258 1526 1393 1572 Sibylla
1431 1525 1588 1560 Cumaea
1625 1527 1771 1571 fingitur
1800 1540 1818 1560 a
1850 1525 2000 1561 Phoebo
2039 1534 2157 1561 amata

1154 1584 1304 1623 propter
1336 1578 1525 1618 vaticinia,
1572 1590 1664 1624 quae
1695 1579 1780 1612 olim
1806 1577 1955 1613 Phoebo
1982 1580 2160 1614 adscribe-

1153 1632 1297 1664 bantur.
1343 1630 1548 1664 Vaticinata
1566 1637 1617 1664 est
1634 1637 1753 1664 autem
1772 1632 1815 1664 de
1834 1631 1936 1665 bellis
1955 1637 1989 1665 et
2005 1631 2158 1677 imperio

1154 1682 1420 1716 Romanorum.
1477 1683 1521 1716 Η·
1523 1694 1578 1715 inc
1596 1683 1641 1715 ob
1657 1694 1800 1716 causam
1818 1683 1965 1728 fingitur
1980 1681 2038 1717 hic
2056 1696 2160 1729 prae-

1154 1734 1272 1768 dicere
1288 1735 1432 1768 Aeneae
1448 1735 1588 1774 sumta,
1624 1741 1801 1781 tanquam
1818 1736 1938 1769 autori
1957 1736 2071 1780 gentis
2088 1736 2160 1769 Ro-

1155 1798 1297 1831 manae.
1352 1785 1451 1831 Quin
1469 1787 1577 1820 etiam
1596 1786 1711 1820 fertur
1727 1787 1948 1822 carminibus
1972 1788 2044 1821 suis
2064 1801 2160 1821 com-

1154 1838 1257 1883 plexa
1276 1850 1351 1872 esse
1372 1839 1516 1872 oracula
1541 1838 1641 1871 mille
1666 1850 1867 1872 annorum:
1906 1837 1976 1873 huc
1999 1840 2160 1874 fortassis

1526 1902 1606 1924 cum
1642 1889 1744 1935 fingit
1776 1890 1876 1924 illam
1911 1891 2009 1925 mille
2046 1904 2159 1926 annos

1155 1942 1351 1983 victuram,
1390 1950 1424 1976 et
1456 1948 1580 1987 postea
1614 1942 1842 1987 superstitem
1872 1944 1951 1977 fore
1983 1951 2159 1988 perpetua

1568 1993 1746 2039 Serapion
1761 1995 1927 2028 meminit
1944 1996 2160 2037 carminum,

1156 2046 1285 2092 quibus
1310 2046 1445 2092 Sibylla
1473 2046 1651 2092 gloriatur
1674 2060 1710 2081 se
1734 2047 1965 2081 vaticinando
1991 2060 2159 2083 consecu-

1157 2105 1228 2131 tam
1255 2111 1329 2133 esse
1354 2098 1668 2133 immortalitatem
1692 2099 1871 2140 nominis,
1913 2100 2159 2147 praedicitque

1156 2163 1236 2185 suas
1258 2151 1534 2186 vaticinationes
1557 2163 1671 2197 usque
1695 2152 1740 2184 ad
1762 2151 1870 2185 finem
1895 2152 2022 2185 mundi
2050 2154 2160 2187 dura-

1156 2209 1265 2237 turas.
1327 2202 1480 2238 Videtur
1502 2202 1613 2248 igitur
1638 2202 1792 2237 Ovidius
1815 2203 1975 2238 alludere
2000 2205 2045 2237 ad
2072 2203 2159 2238 haec

1158 2255 1267 2299 ipsius
1285 2255 1446 2289 carmina
1460 2283 1469 2296 ‚
1498 2268 1577 2289 cum
1596 2255 1715 2301 inquit
1731 2254 1827 2300 (Vss.
1848 2254 1923 2292 152
1942 2258 2031 2301 sq.)z

1616 2318 1764 2362 nullique
1784 2318 1946 2357 videnda,

1213 2369 1295 2400 Voce
1313 2374 1423 2400 {amere
1440 2380 1561 2401 nascar
1571 2384 1580 2407 ς
1610 2381 1715 2401 rocem
1736 2370 1821 2402 milei
1832 2370 1908 2412 suta
1926 2371 2125 2413 relinquent.

1184 2461 1366 2506 Ulysses
1395 2476 1413 2496 a
1443 2461 1729 2509 Polyphemo
1767 2470 1809 2497 et
1839 2461 2132 2507 Anthiphate

1525 2514 1788 2559 vexatusw).

1260 2582 1404 2627 Ulysses
1426 2585 1544 2618 varios
1568 2583 1676 2617 habet
1701 2582 1840 2623 hostes,
1877 2595 1894 2615 a
1923 2583 2053 2628 quibus
2079 2585 2160 2617 sub-

1156 2634 1240 2667 inde
1265 2635 1370 2669 novis
1395 2636 1547 2670 afficitur
1579 2635 1864 2673 calamitatibus,
1908 2648 2037 2680 nempe
2062 2636 2161 2680 Scyl-

1193 2762 1241 2786 ae)
1262 2762 1341 2786 ovio.
1363 2764 1415 2785 ³102
1445 2763 1527 2787 xiv,
1549 2764 1600 2787 ¹223
1622 2770 1671 2793 sas,

1596 2799 1638 2832 41
