2341 2973
163 96 233 130 311
656 108 671 116 κ

164 180 234 220 nii,
271 178 414 217 consul,
449 175 656 220 opponebat
680 186 715 208 se
739 172 913 212 Octavio,
939 170 989 216 {et
1013 169 1160 203 collecto
1186 186 1190 211 ι,

165 230 320 266 exercitu
346 228 438 262 circa
462 226 650 261 Perusiam
679 232 713 259 et
738 225 957 259 Cremonam
986 220 1162 266 impedire
1187 215 1191 253 ἓ

164 281 353 316 Octavium
375 285 523 313 conatus
540 284 602 313 est.
655 276 724 310 Sed
748 276 855 322 paulo
880 280 962 320 post
986 273 1078 306 fame
1106 284 1164 306 co-

164 340 259 367 actus
287 331 438 365 Octavio
463 342 536 364 sese
561 328 697 363 dedidit
711 326 754 374 5).
817 326 870 360 lbi
896 324 1068 360 Octavius
1091 324 1164 357 Au-

166 390 286 430 gustus
302 383 417 416 victor
436 382 508 415 iam
526 380 703 415 veteranis
719 390 824 424 agros
845 376 1021 411 attribuit.
1050 374 1165 409 Erant

167 442 287 469 autem
306 434 567 468 Cremonenses
592 444 678 475 agro
697 429 882 469 mulctati,
909 428 1008 474 quod
1026 439 1105 460 cum
1125 425 1166 459 L.

166 486 326 522 Antonio
343 485 553 524 sensissent,
582 494 734 527 cumque
759 479 893 514 horum
920 491 1004 524 ager
1029 478 1165 512 divide-

168 544 287 578 retur,
314 549 379 570 nec
403 537 576 570 sufficeret
596 533 770 566 militibus
788 531 841 579 ⁶),
869 531 998 564 accidit
1024 529 1080 575 (ut
1098 529 1167 563 dici

169 588 274 635 solet)
299 589 432 622 malum
460 585 585 619 vicinis
603 583 813 618 Mantuanis
838 588 986 628 propter
1010 581 1167 615 vicinum

171 641 328 680 malum,
358 651 441 684 pars
458 636 649 671 Mantuani
675 635 752 680 agri
778 634 886 668 etiam
913 633 1087 667 attributa
1118 639 1169 666 est

172 692 355 725 militibus.
408 689 474 723 Hic
498 687 669 732 Virgilius
692 699 796 721 suum
820 685 1008 730 praedium
1035 683 1168 718 amisit.

168 743 354 776 Profectus
380 741 488 785 igitur
518 740 697 779 Romam,
742 737 840 771 venit
870 737 907 769 in
943 736 1111 769 notitiam
1136 742 1170 769 et

170 793 450 827 familiaritatem
469 790 628 826 Cornelii
644 788 761 830 Galli,
796 788 857 834 qui
884 800 963 822 cum
986 787 1169 832 praedica-

171 852 223 878 ret
239 846 401 889 Augusto
419 843 604 888 ingenium
617 869 626 883 ,
651 840 891 875 eruditionem
910 845 944 873 et
961 850 1079 872 mores
1088 838 1169 871 Vir-

171 897 264 941 gilii,
298 895 524 941 impetravit,
559 900 598 928 ut
624 892 813 938 praedium
850 892 882 924 ei
909 890 1169 924 restitueretur.

172 947 211 981 ld
242 948 394 992 Augusti
425 945 636 980 beneficium
672 944 827 977 celebrat
861 942 898 975 in
930 940 998 975 hac
1022 941 1168 986 Ecloga.

173 999 241 1034 Sed
273 1005 312 1033 ut
342 998 503 1032 beneficii
534 995 831 1030 commemoratio
863 1000 953 1028 esset
983 993 1170 1033 illustrior,

174 1051 295 1084 addita
313 1057 364 1084 est
380 1049 560 1084 contraria
580 1048 724 1093 querela
750 1045 886 1090 expulsi
902 1044 1170 1090 patrisfamilias

174 1115 214 1136 ex
233 1102 304 1136 suis
322 1102 476 1140 laribus,
504 1106 537 1133 et
555 1098 642 1133 haec
659 1110 742 1143 pars
764 1109 805 1131 eo
827 1097 947 1130 addita
973 1103 1043 1136 est,
1070 1101 1109 1129 ut
1133 1095 1170 1128 in

173 1153 379 1186 narratione
406 1151 543 1198 alioqui
564 1150 714 1195 agresti,
749 1155 871 1182 tamen
896 1147 1026 1193 aliquis
1052 1147 1170 1191 graviS

171 1206 268 1239 locus
293 1206 587 1249 adspergeretur‚
629 1208 664 1235 et
692 1200 819 1235 lectori
849 1199 1002 1244 sapienti
1037 1205 1169 1243 gratus.

172 1256 236 1291 Est
255 1256 363 1300 igitur
380 1254 583 1300 argumenti
602 1266 762 1291 summa,
791 1252 988 1296 gratiarum
1009 1250 1101 1283 actio
1128 1251 1169 1283 de

171 1308 320 1342 redditis
345 1308 457 1352 agris,
488 1313 522 1340 et
546 1305 691 1352 querela
715 1303 846 1338 civium
873 1303 1103 1347 expulsorum
1129 1314 1170 1335 ex

173 1360 278 1405 agris.
332 1359 429 1393 Haec
445 1358 475 1406 ⁷)
496 1359 538 1392 de
555 1370 593 1391 re
610 1357 791 1390 monuisse
807 1356 892 1390 satis
908 1361 971 1389 est.

275 1410 380 1446 Nunc
417 1412 460 1444 de
495 1421 625 1456 genere
663 1408 836 1442 orationis
878 1407 1069 1441 dicendum
1110 1411 1171 1438 est.

172 1463 266 1498 Nam
299 1460 387 1497 haec
415 1462 547 1508 scripta
578 1462 659 1495 ideo
693 1465 970 1505 proponuntur,
1013 1463 1053 1491 ut
1073 1457 1171 1489 'ado-

174 1515 342 1549 lescentes
376 1521 472 1548 recte
507 1513 667 1548 iudicare
702 1513 745 1546 de
780 1510 967 1550 oratione,
1010 1515 1044 1542 et
1076 1514 1170 1541 recte

174 1566 273 1611 loqui
292 1579 332 1600 ac
350 1567 505 1601 scribere
525 1565 676 1600 discant.
731 1563 857 1598 Sermo
882 1568 934 1596 est
950 1559 1120 1606 proprius
1139 1565 1173 1593 et

174 1617 288 1652 tenuis
300 1644 309 1659 ‚
338 1624 371 1651 et
388 1618 550 1652 membra
567 1617 605 1649 in
623 1628 685 1650 sua
705 1615 876 1659 cuiusque
893 1624 1071 1658 personae
1093 1623 1172 1645 ora-

174 1669 270 1703 tione
302 1675 383 1714 apte
419 1667 624 1703 cohaerent.
690 1666 839 1711 Tityrus
870 1663 1063 1709 proponit,
1105 1662 1173 1697 sibi

172 1721 332 1755 redditos
353 1733 426 1755 esse
444 1732 568 1765 agros,
597 1724 789 1762 exaggerat
810 1715 1020 1750 beneficium
1034 1742 1042 1755 ,
1076 1721 1110 1748 et
1134 1715 1172 1747 in

175 1774 242 1807 fine
261 1772 380 1813 addit,
408 1785 443 1806 se
460 1777 634 1817 perpetuo
652 1781 850 1803 memorem
869 1774 903 1802 et
921 1773 1062 1813 gratum
1078 1767 1172 1799 futu·
1189 1808 1191 1810 Ι

174 1837 254 1859 rum
280 1836 364 1859 esse.
419 1823 618 1857 Meliboeus
642 1833 728 1855 vero
753 1820 937 1867 querelam
954 1818 1114 1858 orditur,
1139 1824 1173 1850 et

175 1876 365 1910 constituta
383 1875 632 1921 propositione
652 1885 731 1907 eam
749 1878 948 1917 exaggerat.
1002 1869 1172 1915 Proposi-

177 1928 225 1961 tio
259 1927 332 1961 eius
366 1935 418 1961 est
449 1927 607 1973 propriis
634 1925 753 1959 verbis
782 1924 975 1969 explicata:
1019 1922 1095 1968 (Vs.
1119 1921 1171 1968 3.)

175 1983 246 2014 Nos
267 1981 401 2022 pust-lae
417 1979 504 2022 fines
522 1986 587 2013 etc.
641 1977 781 2010 Deinde
807 1981 997 2020 exaggerat
1020 1986 1083 2018 per
1109 1971 1173 2018 hy-

177 2031 385 2075 potyposin:
423 2030 587 2077 (Vs.12.)
608 2033 716 2076 Usque
730 2031 812 2063 adeo
828 2029 988 2062 turbatur
1001 2028 1097 2070 (cyris
1108 2031 1172 2059 etc.

179 2081 215 2114 ln
234 2083 303 2115 fine
321 2083 558 2126 amplificatur
576 2081 738 2115 narratio
758 2081 878 2113 addita
897 2090 1001 2112 causa
1028 2077 1172 2109 calami-

179 2140 310 2167 tatum:
350 2134 443 2167 Haec
466 2135 558 2167 mala
591 2133 744 2179 (iuquit)
766 2138 843 2165 orta
871 2137 954 2164 sunt
975 2142 1016 2163 ex
1039 2129 1173 2162 discor-

179 2185 245 2219 diis
262 2185 440 2219 civilibus:
469 2186 546 2229 (Vs,
565 2185 641 2231 72.)
661 2187 713 2218 En
730 2196 792 2230 quo
811 2183 982 2217 discordia
998 2183 1083 2215 cives
1097 2192 1173 2222 pei·-

177 2239 280 2271 dim-it
306 2239 456 2272 miseros.
510 2237 666 2270 Maxime
694 2242 812 2269 autem
838 2235 984 2279 prodest
1006 2232 1173 2266 studiosis

179 2289 368 2333 diligenter
388 2287 613 2322 considerare
629 2287 889 2332 proprietatem
914 2283 1110 2324 sermonis,
1141 2289 1174 2316 et

181 2341 344 2374 ordinem
371 2341 638 2378 membrorum,
677 2346 715 2372 ut
740 2337 827 2372 haec
845 2337 1005 2382 exempla
1031 2336 1174 2368 imitan-

181 2400 229 2426 tes
247 2405 283 2426 se
299 2404 442 2438 quoque
459 2391 525 2436 ipsi
544 2391 586 2423 ad
607 2390 865 2435 proprietatem
883 2389 920 2422 in
937 2399 1102 2423 sermone
1121 2399 1175 2421 as-

180 2444 393 2483 suefaciant,
422 2449 456 2476 et
474 2449 554 2487 apte
574 2440 801 2475 cohaerentia
821 2443 937 2475 dicere
961 2447 994 2474 ct
1019 2439 1173 2473 scribere

752 86 876 122 PHlL.
912 84 1025 119 MEL.
1060 82 1262 120 SCRIPTA
1298 85 1635 122 PHILOLOGICA.

180 2494 328 2530 discant.
383 2495 479 2528 Haec
496 2494 687 2539 praecipua
706 2493 839 2527 utilitas
862 2505 902 2525 ex
926 2492 980 2527 liis
1005 2491 1174 2535 exemplis
1199 2491 1200 2498 ¹

180 2548 331 2589 petenda
352 2553 414 2581 est.

1198 2594 1201 2610 i

216 2641 245 2668 ὁ)
266 2639 381 2667 dedidit!
402 2639 442 2663 sic
462 2640 545 2664 liditt.
563 2640 655 2669 1568„
677 2638 767 2665 1593.;
787 2638 834 2661 Ed.
854 2638 945 2661 1565:
967 2638 1050 2662 dedit.
1199 2622 1201 2627 v

216 2683 244 2711 ἠ)
272 2681 411 2704 sufficeret
436 2681 580 2711 militibus]
607 2682 646 2705 sic
671 2681 720 2706 Ed.
744 2680 834 2710 ¹565.;
866 2680 949 2703 Edita.
973 2680 1064 2709 1568„
1098 2680 1173 2704 1593.
1197 2691 1201 2700 ι

253 2716 380 2739 militibus
398 2716 544 2739 suffit-eret.
1199 2724 1201 2737 ι

2149 86 2224 123 512

1530 169 1667 205 Aliud
1709 170 1922 204 eiusdem.

1322 238 1439 273 Locus
1456 238 1594 284 primae
1609 239 1763 284 Eclogae
1785 237 2000 284 praecipuus
2024 245 2095 280 est,
2125 241 2222 286 quod

1218 291 1369 336 Tityrus
1388 297 1634 335 repraesentat
1648 291 1766 336 ipsum
1783 296 1927 336 poetam
1941 317 1950 330 ‚
1978 290 2035 324 cui
2052 303 2222 325 concessu

1221 349 1256 376 et
1273 355 1422 376 munere
1439 343 1592 387 Augusti
1611 343 1797 377 facultates
1817 347 1920 376 erant
1937 341 1975 374 in
2001 347 2092 376 tuto.
2146 342 2222 376 Me-

1219 394 1357 428 liboeus
1382 400 1433 428 est
1452 394 1573 438 imago
1590 395 1753 434 exulum,
1784 394 1844 440 qui
1866 392 1959 438 pulsi
1983 393 2056 427 suis
2078 393 2221 428 sedibus

1221 445 1345 490 vagari
1381 452 1415 479 et
1450 457 1572 480 errare
1608 447 1828 491 cogebantur
1845 473 1854 487 ‚
1894 445 1993 479 iuxta
2028 444 2222 480 versiculos

1221 496 1372 543 Tyrtaei
1388 496 1440 542 s)‚
1476 497 1538 543 qui
1564 498 1731 532 omnibus
1757 498 1834 531 noti
1862 503 1961 531 sunt:
1999 495 2093 531 Nam
2118 496 2222 530 mise-

1221 561 1303 583 rum
1322 555 1373 583 est
1389 549 1515 594 procul
1539 561 1557 582 a
1590 549 1707 594 patria
1735 549 1941 595 laribusque
1957 548 2105 593 vagari,
2138 548 2222 584 Non

1223 601 1302 635 exul
1320 612 1426 634 curae
1443 600 1585 634 ducitur
1603 613 1676 635 esse
1695 600 1786 636 Deo.

1326 652 1410 697 Agit
1426 652 1535 697 igitur
1552 652 1723 697 Virgilius
1739 653 1901 697 Augusto
1919 651 2052 697 gratias
2066 662 2134 696 pro
2153 648 2222 684 hoc

1222 710 1324 737 tanto
1344 704 1534 745 beneficio,
1563 706 1661 750 quod
1683 704 1720 737 in
1746 704 1872 738 mediis
1889 703 2054 737 fluctibus
2079 709 2114 736 et
2137 714 2222 747 pro-

1223 755 1319 790 cellis
1338 755 1496 789 civilium
1517 762 1681 790 motuum
1701 761 1930 791 conservatus
1948 755 2005 796 sit,
2029 766 2094 788 nec
2107 754 2223 788 ullum

1223 807 1480 841 detrimentum
1504 808 1557 841 rei
1581 808 1769 842 familiaris
1794 807 1939 853 ceperit.
1993 805 2128 840 Contra
2145 804 2223 838 Me-

1222 859 1361 893 liboeus
1387 860 1553 904 deplorat
1571 860 1700 904 pressis
1724 859 1765 906 et]
1782 859 1958 893 flebilibus
1981 858 2100 892 modis
2120 868 2221 891 suam

1224 910 1477 945 calamitatem.
1546 911 1680 957 Estque
1707 909 1795 944 haec
1818 917 1892 944 tota
1918 910 2052 954 Ecloga
2083 908 2223 954 pictura

1222 960 1355 996 horum
1373 969 1577 1008 temporum
1591 990 1599 1004 ‚
1628 964 1666 996 in
1684 963 1813 1009 quibus
1830 962 1934 997 multi
1949 961 2038 996 boni
2055 960 2127 996 suis
2143 960 2223 994 fun-

1223 1013 1278 1048 dis
1311 1020 1345 1047 et
1370 1013 1402 1060 9)
1435 1015 1664 1049 facultatibus
1706 1015 1921 1060 spoliantur.
1993 1012 2107 1047 Pauci
2138 1023 2222 1045 vero

1223 1065 1395 1109 singulari
1429 1066 1696 1111 dispensatione
1729 1073 1763 1100 et
1787 1065 1975 1100 clementia
2007 1064 2223 1099 bellatorum

1224 1129 1306 1151 suas
1324 1117 1510 1152 facultates
1529 1118 1767 1153 retinuerunt.

1521 1220 1663 1255 Aliud
1706 1220 1920 1255 eiusdem.

1329 1289 1424 1323 Haec
1455 1289 1571 1334 prima
1594 1289 1637 1332 ¹⁰)
1671 1288 1804 1334 Ecloga
1843 1288 2005 1323 continet
2040 1288 2225 1336 querelam

1224 1346 1432 1386 pastorum,
1469 1341 1532 1386 qui
1551 1341 1594 1385 ¹¹)
1633 1341 1747 1374 coacti
1778 1347 1861 1375 sunt
1902 1352 2033 1384 magna
2075 1340 2225 1374 difficul-

1225 1398 1297 1426 tate
1314 1392 1371 1435 12),
1399 1399 1481 1437 post
1498 1392 1631 1426 bellum
1649 1392 1751 1426 civile
1769 1398 1905 1436 gestum
1922 1392 2017 1425 inter
2034 1391 2225 1426 Caesarem

1225 1450 1260 1478 et
1284 1444 1520 1489 Pompeium,
1548 1444 1749 1487 Augustum
1776 1456 1817 1477 ac
1844 1442 2046 1477 Antonium
2064 1443 2133 1490 ¹³),
2167 1443 2226 1476 de-

1225 1507 1342 1530 serere
1367 1508 1448 1530 suas
1471 1495 1723 1540 possessiones.
1785 1495 1966 1539 Augustus
1991 1494 2087 1528 enim
2110 1494 2227 1528 victor

1226 1547 1524 1582 Cremonensium
1543 1560 1666 1593 agros,
1694 1547 1756 1593 qui
1772 1559 1839 1592 pro
1854 1546 2014 1580 Antonio
2037 1545 2228 1586 senserint,

1225 1606 1260 1633 et
1277 1599 1429 1644 Augusti
1454 1597 1573 1634 hostes
1596 1599 1748 1639 fuerint,
1776 1598 1926 1643 eripuit,
1962 1597 2133 1644 deditque
2155 1597 2227 1632 suis

1226 1651 1411 1685 militibus.
1465 1650 1511 1684 Et
1529 1651 1612 1697 quia
1630 1650 1931 1684 Cremonensium
1954 1649 2031 1694 agri
2052 1648 2227 1683 militibus

1226 1715 1300 1736 non
1326 1704 1550 1743 sufficerent,
1578 1703 1616 1736 in
1643 1702 1838 1747 partitione
1862 1701 1964 1737 iussit
1990 1701 2099 1735 etiam
2122 1700 2228 1734 Man-

1226 1754 1345 1788 tuanis
1367 1766 1449 1788 suos
1484 1754 1594 1799 eripi,
1638 1766 1713 1788 non
1739 1753 1885 1800 quidem
1908 1759 2058 1798 propter
2083 1752 2228 1797 culpam

1226 1806 1356 1839 civium
1371 1832 1380 1846 ,
1413 1806 1475 1840 sed
1497 1812 1646 1851 propter
1667 1805 1888 1839 vicinitatem
1914 1804 2228 1844 Cremonensium,

1226 1858 1321 1892 unde
1348 1864 1382 1890 et
1408 1857 1483 1902 ipse
1513 1857 1550 1890 in
1577 1869 1674 1890 nona
1699 1857 1832 1901 Ecloga
1860 1856 1938 1902 (Vs.
1963 1856 2043 1902 28.)
2086 1855 2227 1901 inquit:

1225 1911 1376 1944 Mantua
1397 1922 1457 1943 vae
1473 1911 1618 1944 miserae
1633 1910 1778 1943 nimium
1801 1910 1912 1943 vicina
1931 1905 2135 1942 Cremonae!
2162 1907 2230 1941 sic·

1226 1973 1295 2008 que
1311 1962 1369 2001 fit,
1391 1962 1697 2007 quemadmodum
1715 1960 1857 2000 dicitur,
1885 1959 2023 2005 aliquid
2039 1958 2125 1993 mali
2144 1970 2229 2003 pro-

1226 2020 1306 2058 pter
1332 2013 1488 2046 vicinum
1507 2014 1663 2052 malum,
1692 2012 1784 2045 inter
1808 2012 2096 2045 Mantuanorum
2122 2022 2228 2055 agros

1227 2072 1262 2099 et
1299 2064 1441 2109 Virgilii
1476 2065 1552 2109 agri
1585 2063 1728 2108 paterni
1761 2063 1875 2108 erepti
1909 2069 2003 2097 sunt.
2069 2062 2227 2096 Romam

1226 2116 1336 2161 igitur
1372 2117 1560 2156 accedens,
1597 2115 1835 2157 Maecenatis,
1870 2115 1932 2161 qui
1964 2114 2078 2159 gloria
2106 2119 2140 2148 et
2164 2125 2226 2148 au-

1261 2261 1288 2293 7)
1308 2262 1395 2290 Haec]
1417 2260 1457 2285 sic
1475 2260 1560 2285 Editt.
1581 2260 1673 2286 1565..
1698 2260 1789 2289 1568.;
1808 2260 1858 2285 Ed.
1881 2259 1953 2283 1593.
1976 2258 2042 2284 Hac.

1261 2312 1291 2342 8)
1313 2313 1387 2335 Haec
1405 2313 1530 2341 spectant
1549 2311 1582 2335 ad
1604 2310 1719 2341 Tyrtaei
1739 2310 1832 2335 Carni.
1850 2311 1868 2334 1.
1891 2316 1948 2333 νεὶ.
1963 2309 1980 2333 3
1999 2316 2058 2340 sqq.

1260 2362 1290 2393 9)
1310 2362 1349 2394 et]
1371 2363 1411 2385 sic
1431 2362 1514 2387 Editt.
1530 2363 1623 2391 1565.,
1646 2362 1736 2389 ¹593.:
1761 2362 1787 2385 in
1808 2362 1858 2387 Ed.
1875 2361 1948 2385 ¹568.
1971 2360 2058 2385 deest.
2183 2384 2189 2388 ,

1263 2413 1308 2445 10)
1330 2415 1403 2438 flacc
1421 2414 1522 2444 prima]
1541 2415 1581 2438 sic
1600 2414 1682 2439 Editt.
1700 2414 1774 2438 1568.
1786 2431 1793 2441 ,
1815 2412 1907 2441 159³.;
1929 2412 1977 2438 Ed.
1993 2411 2068 2437 1565.
2088 2411 2190 2436 PrIma.

1262 2464 1309 2496 11)
1330 2465 1385 2496 qui]
1407 2465 1447 2489 sic
1468 2466 1551 2490 Editt.
1570 2466 1662 2495 1568,
1685 2465 1776 2492 1593.;
1804 2464 1851 2488 Ed.
1870 2463 1943 2486 1565.
1963 2462 2105 2492 siquidem.

1264 2516 1312 2575 12⁴)l
1329 2523 1429 2547 inagna.
1448 2515 1634 2549 difficultate.]
1656 2516 1696 2540 sic
1716 2515 1798 2539 Editt.
1818 2515 1904 2545 1568,7
1927 2514 2019 2545 1593.;
2039 2514 2065 2538 in
2086 2514 2225 2540 Edam-5.

1316 2554 1405 2575 esunt.

1264 2603 1309 2635 13)
1336 2603 1407 2628 iuter
1426 2604 1576 2628 Caesarem
1596 2605 1623 2628 et
1642 2603 1817 2634 Pompeium,
1836 2604 1992 2633 Augustum
2010 2607 2043 2626 ac
2059 2598 2220 2632 Antonium]

1296 2638 1335 2662 sic
1355 2639 1472 2669 scripsi3
1490 2640 1573 2663 Editt.
1592 2639 1683 2667 15⁶8,
1708 2638 1781 2661 1593.
1802 2638 1874 2661 iuter
1887 2637 2039 2661 caesarem
2054 2636 2222 2667 Augustum,

1297 2673 1499 2738 alxpziiilppuium
1525 2680 1556 2698 ao
1575 2673 1738 2699 Antoniumz
1764 2673 1812 2697 Ed.
1835 2673 1909 2696 1565.
1936 2672 2006 2696 inter
2025 2671 2174 2697 Caesarem
2195 2671 2222 2693 et
