2421 3005
87 113 163 149 317
564 109 768 145 LXXXVII.

86 196 280 242 suasoriis,
299 198 384 232 dum
402 198 446 231 ad
472 209 633 230 amorem
651 197 780 232 Alexin
803 198 958 232 invitare
982 210 1091 233 cona-

822 108 1110 146 ENARRATIO
1144 109 1426 146 BUCOLICON
1459 110 1669 147 VIRGILII.

2068 117 2146 152 318

1147 199 1350 243 superiores
1373 199 1470 233 locos
1497 200 1539 232 de
1561 199 1608 246 27)
1637 199 1766 244 opibus
1796 200 1936 234 rusticis
1963 207 1997 234 et
2021 203 2152 247 peritia

86 256 164 290 tur,
191 247 260 282 hoc
278 256 341 290 est,
369 250 407 283 in
425 249 576 294 gratiam
594 250 746 294 Augusti
764 262 800 284 se
820 250 1000 292 insinuat,
1029 251 1093 296 qui
1115 237 1121 295 l
1146 251 1309 285 musices.
1364 250 1525 296 Quartus
1540 251 1639 285 locus
1659 252 1820 285 continet
1836 255 2155 288 commemoratio-

86 307 141 336 est
164 299 320 346 Eclogae
346 308 470 336 status.
523 301 617 335 Nam
646 314 728 336 suas
753 314 859 347 opes,
895 315 995 336 suam
1019 303 1093 336 sor—

87 364 208 393 mam,
236 366 317 388 suas
341 359 454 394 artes,
482 365 544 388 sua
570 354 665 386 dona
693 355 888 398 praedicat.
942 354 980 388 Si
1005 355 1091 400 quid

86 410 274 449 praeterea
301 405 394 439 male
418 405 588 438 convenit
612 402 696 439 huic
725 411 962 450 argumento,
1004 407 1092 451 figu-

86 457 225 490 randae
244 455 399 501 Eclogae
421 463 456 490 et
480 457 656 492 orationis
681 458 795 501 gratia
820 470 839 491 a
867 464 973 502 poeta
1000 458 1092 492 iudi-

87 519 208 542 cemus
229 509 391 542 additum
417 521 503 543 esse.
555 509 629 543 Alii
655 516 773 542 autem
801 507 894 543 hanc
918 508 1091 555 Eclogam

85 559 237 594 flectunt
257 561 302 593 ad
327 557 466 600 thesin,
499 560 665 594 videlicet
692 562 737 594 ad
761 561 1092 596 dissimilitudinem

86 623 232 645 morum
268 612 544 658 studiorumque
582 613 676 646 male
709 611 936 647 cohaerentis
971 613 1094 647 amici—

86 662 170 697 tiae.
225 663 306 708 Qua
332 664 375 697 de
398 676 437 697 re
460 665 540 698 vide
557 664 749 699 Erasmum
773 665 811 698 in
837 665 959 698 libello
979 666 1022 699 de
1039 665 1093 698 in-

87 713 277 749 stituendis
295 715 428 750 liberis.

386 817 525 851 Aliud
573 816 790 852 eiusdem.

191 885 289 918 Haec
311 884 446 930 Ecloga
471 885 632 919 continet
656 885 923 931 querimonIam
951 893 1092 932 poetae,

87 949 130 970 eo
155 938 252 983 quod
280 949 408 981 parum
435 937 613 981 grati0sus
633 936 680 983 25)
705 937 749 971 sit
766 939 860 983 apud
877 939 1092 983 Augustum.

85 989 248 1033 Apparet
263 995 382 1022 autem
401 990 571 1034 scriptam
589 1001 662 1023 esse
679 987 771 1022 hanc
788 990 959 1035 Eclogam
972 1017 982 1031 ,
1010 1003 1091 1024 cum

85 1039 230 1084 Virgilii
250 1041 436 1085 negotium
460 1041 645 1075 videretur
674 1042 787 1086 magis
821 1042 1007 1088 magisque
1034 1055 1091 1075 ex-

84 1089 202 1132 trahi,
229 1091 320 1126 sicut
334 1092 410 1136 ipse
428 1093 593 1138 queritur
608 1092 740 1136 Ecloga
762 1093 878 1137 prima
899 1093 976 1139 (Vs.
993 1093 1090 1139 30.):

85 1145 254 1188 Respexit
269 1149 383 1178 tamen
398 1149 429 1178 et
446 1145 543 1188 lonyo
555 1150 630 1188 post
646 1150 794 1188 tempore
817 1147 919 1179 venit.
972 1145 1090 1179 Porro

84 1193 174 1228 haec
186 1195 414 1240 querimonia
432 1196 583 1240 figurata
602 1203 654 1230 est
671 1197 844 1240 parabola
862 1197 1010 1237 amoris,
1029 1196 1092 1242 qui

86 1252 229 1280 tantum
246 1244 314 1279 hoc
331 1247 404 1291 agit
416 1273 426 1286 ,
461 1253 501 1280 ut
518 1247 640 1281 multis
659 1248 880 1291 argumentis
900 1249 1031 1293 probet
1055 1261 1091 1282 se

87 1298 294 1338 contemni,
338 1310 560 1344 quamquam
597 1299 742 1332 interim
777 1299 924 1344 indigne
949 1300 997 1346 26)
1029 1301 1092 1333 fiat

86 1349 146 1382 illa
168 1348 314 1384 iniuria.

362 1442 502 1478 Aliud
546 1444 766 1479 eiusdem.

189 1513 454 1558 Argumentum
485 1514 662 1548 secundae
694 1512 850 1558 Eclogae
876 1519 949 1554 est,
993 1515 1092 1559 quod

86 1565 260 1611 Corydon
287 1565 435 1610 indigne
473 1566 542 1599 sert
572 1565 755 1599 contemni
784 1578 820 1599 se
857 1565 901 1599 ab
930 1565 1091 1601 Alexide.

83 1616 221 1663 Estque
237 1617 275 1650 in
292 1614 361 1650 hac
376 1617 510 1661 Ecloga
529 1615 788 1652 simulachrum
808 1618 991 1663 quoddam
1007 1630 1093 1662 pro-

84 1669 245 1714 positum
265 1667 445 1701 amicitiae
463 1668 557 1701 male
568 1666 806 1710 cohaerentis,
824 1669 861 1702 in
879 1682 950 1716 qua
969 1670 1092 1703 omnia

84 1726 170 1755 sunt
192 1719 392 1754 dissimilia.
459 1719 583 1763 Fingit
607 1720 702 1753 enim
727 1721 959 1766 Corydonem
985 1721 1092 1755 rusti-

85 1784 189 1813 cum,
215 1771 344 1805 Alexin
368 1782 456 1804 vero
480 1771 679 1809 urbanum;
716 1771 947 1817 Corydonem
970 1779 1091 1817 pasto-

85 1836 186 1865 rem,
223 1823 353 1858 Alexin
389 1823 567 1861 aulicum;
618 1822 850 1868 Corydonem
892 1824 1092 1863 indoctum,

83 1875 215 1909 Alexin
252 1874 459 1913 eruditum;
510 1874 739 1919 Corydonem
796 1881 912 1908 aetate
961 1887 1092 1919 prove-

85 1934 204 1969 ctum,
237 1925 367 1960 Alexin
394 1926 677 1965 adolescentem;
714 1926 944 1972 Corydonem
974 1927 1091 1960 defor-

84 1992 202 2020 mem,
228 1978 358 2012 Alexin
377 1978 599 2016 sormosum3
628 1985 662 2011 et
681 1978 824 2013 similia.
868 1978 986 2012 Porro
1006 1991 1091 2011 con-

85 2031 176 2065 tinet
190 2029 280 2064 haec
297 2030 429 2074 Ecloga
446 2036 658 2075 perpetuam
676 2031 858 2076 querelam
885 2031 928 2064 de
956 2030 1090 2064 infelici

85 2094 225 2118 amore.
279 2082 406 2115 Primo
428 2081 508 2116 loco
537 2088 588 2116 est
624 2082 826 2127 propositio
856 2095 919 2117 seu
948 2095 1089 2116 summa

85 2135 273 2182 querelae,
299 2145 390 2180 quae
407 2134 536 2167 deInde
552 2134 732 2179 copiosius
749 2135 952 2180 exponitur.
989 2134 1091 2168 Hanc

87 2187 282 2232 amplificat
312 2198 332 2218 a
361 2185 603 2230 descriptione
632 2187 817 2232 temporis.
894 2186 1091 2220 subiicitur

85 2238 287 2283 increpatio
310 2237 365 2272 sui
388 2237 511 2282 ipsius.
564 2237 704 2272 Deinde
729 2245 781 2273 est
807 2236 1026 2284 apostrophe
1045 2239 1090 2272 ad

85 2290 236 2331 Alexin,
278 2289 467 2324 continens
498 2290 701 2333 generalem
734 2291 972 2331 sententiam,
1014 2303 1089 2324 non

86 2355 161 2377 esse
181 2341 335 2375 nimium
361 2342 545 2375 fidendum
570 2340 845 2386 pulchritudini.
898 2342 1027 2376 Postea
1052 2344 1091 2375 fit

85 2394 254 2440 repetitio
279 2393 458 2440 querelae.
529 2392 621 2427 Huic
646 2394 886 2428 subiiciuntur
913 2394 983 2427 loci
1010 2407 1090 2427 sua-

86 2446 174 2481 sorii
192 2447 432 2491 adlmutuum!
443 2457 617 2479 amorem.
670 2445 815 2480 Primus
839 2446 938 2479 locus
964 2453 1015 2480 est
1044 2447 1088 2479 ab

88 2498 217 2543 opibus
232 2497 390 2536 rusticis;
418 2498 596 2531 secundus
620 2508 638 2529 a
664 2497 793 2542 peritia
821 2498 991 2537 musices;
1018 2505 1089 2532 ter-

89 2549 158 2583 tius
183 2562 201 2582 a
229 2550 356 2583 forma.
419 2548 649 2583 interseritur
677 2555 823 2590 votnm,
857 2563 929 2595 quo
959 2550 1089 2595 repetit

123 2686 170 2719 25)
191 2686 350 2718 gratiosus]
368 2687 408 2711 sic
422 2687 506 2711 Eunt.
523 2687 608 2717 1568,
631 2687 724 2715 1593.;
744 2688 792 2712 Ed.
811 2688 886 2711 1565.
906 2690 1069 2719 gratiosius.

123 2739 170 2772 26)
190 2739 316 2771 indigne]
339 2739 380 2764 sic
397 2740 555 2769 Ed.1565.;
574 2740 658 2765 Editt.
682 2740 774 2771 1568„
796 2740 870 2764 159³.
890 2741 1011 2773 indigno.

1118 875 1121 922 j
1146 884 1283 906 amore.

1145 314 1237 335 nem,
1252 303 1446 338 donorum.
1514 302 1672 337 Ultimus
1703 303 1802 337 locus
1834 305 2016 339 suasorius
2047 304 2156 341 habet

1146 354 1401 388 invitationem
1427 367 1447 388 a
1475 356 1792 389 commendatione
1817 356 1922 390 ruris.
1991 357 2152 392 Additur

1146 406 1322 440 correctio
1367 419 1432 451 per
1468 406 1778 452 increpationem,
1832 408 1964 441 frustra
2004 409 2153 443 invitari

1145 457 1274 491 Alexin
1311 460 1355 491 ad
1388 471 1550 492 amorem
1579 459 1810 500 muneribus,
1855 465 1889 492 et
1923 463 2155 495 commenda-

1146 508 1245 542 tione
1263 509 1368 544 ruris.
1421 510 1673 556 Amplificatur
1694 511 1870 545 correctio
1891 523 1955 555 per
1979 513 2154 546 exclama—

1147 560 1301 595 tionem:
1336 562 1514 595 Putabam
1553 563 1903 597 commemoratione
1937 564 2154 599 rusticarum

1148 624 1258 657 opum
1283 620 1316 646 te
1338 626 1441 658 posse
1458 615 1687 659 persuaderi,
1716 622 1755 649 ut
1778 628 1834 649 me
1854 627 1962 650 ames.
2015 615 2153 650 Verum

1148 677 1190 697 eo
1216 665 1365 698 nomine
1391 665 1504 710 magis
1519 665 1564 713 28)
1590 680 1646 700 me
1671 667 1783 712 fugis,
1812 674 1846 701 et
1871 680 2019 712 prorsus
2047 669 2153 702 odisti

1147 729 1219 751 rus.
1289 717 1447 751 Additur
1478 718 1679 763 increpatio
1719 720 1763 753 ab
1809 720 2003 764 exemplis,
2056 722 2154 766 quod

1146 767 1266 803 Alexis
1295 769 1340 802 sit
1367 767 1585 804 inhumanus
1611 770 1681 816 29),
1727 773 1789 818 qui
1816 778 2025 805 contemnat
2055 785 2155 807 rura.

1146 820 1277 854 Postea
1315 821 1492 865 repetitur
1535 822 1699 855 instituta
1744 824 1891 869 querela
1937 824 1980 857 de
2022 823 2155 857 infelici

1352 872 1450 907 Haec
1481 874 1722 918 amplificatur
1758 877 1913 921 quadam
1942 876 2155 919 gradatione

1146 924 1190 957 de
1212 924 1363 959 (liversis
1390 925 1637 970 voluptatibus
1665 927 1894 960 animalium.
1947 927 2105 961 Additur
2123 935 2157 961 et

1147 976 1342 1010 admiratio
1377 977 1481 1010 iiimii
1517 978 1651 1012 amoris
1681 980 1726 1012 ad
1755 979 1897 1014 Alexin.
1963 978 2156 1013 Conclusio

1145 1025 1255 1061 habet
1272 1027 1593 1073 reprehensionem
1616 1029 1808 1065 invitando
1834 1043 1871 1065 se
1895 1030 2011 1074 ipsum
2040 1032 2084 1064 ad
2104 1032 2154 1064 la-

1146 1079 1285 1113 horem.

1484 1165 1693 1220 Ecloga
1732 1166 1810 1208 ΠΙ.

1196 1240 1529 1284 Argumentum
1566 1240 1611 1274 in
1646 1241 1840 1276 tertiam
1869 1241 2105 1288 Eclogam.

1250 1315 1376 1349 Tertia
1411 1315 1545 1361 Ecloga
1584 1317 1768 1352 dissimilis
1804 1324 1856 1352 est
1895 1319 2156 1364 superioribus.

1146 1366 1240 1401 Nam
1258 1368 1463 1413 superiores
1488 1375 1571 1403 sunt
1590 1369 1704 1414 magis
1724 1370 1920 1405 oratoriae.
1977 1371 2156 1406 Constant

1147 1418 1242 1452 enim
1263 1427 1436 1465 perpetua
1456 1422 1613 1467 quadam
1632 1422 1739 1455 unius
1756 1423 2019 1467 propositionis
2046 1436 2155 1468 expo-

1145 1470 1295 1512 litione,
1332 1472 1389 1506 cui
1412 1474 1596 1506 adduntur
1619 1474 1912 1509 confirmationes
1941 1481 1975 1508 et
2000 1475 2154 1520 amplifi-

1147 1523 1325 1563 cationes,
1352 1530 1392 1558 ut
1408 1525 1447 1558 fit
1462 1524 1499 1558 in
1516 1524 1664 1568 integris
1682 1532 1870 1560 oratorum
1889 1527 2016 1561 causis.
2057 1527 2154 1560 Pro-

1146 1581 1270 1619 pterea
1297 1582 1381 1610 sunt
1408 1577 1571 1621 exempla
1607 1578 1805 1611 admodum
1829 1578 1933 1612 utilia
1965 1578 2155 1623 scripturis

1146 1639 1259 1660 unum
1279 1627 1429 1673 aliquod
1448 1628 1661 1662 continuum
1673 1636 1947 1674 argumentum.
1998 1630 2068 1665 Sed
2084 1637 2154 1664 ter-

1146 1678 1196 1711 tia
1213 1678 1346 1724 Ecloga
1370 1692 1446 1713 non
1472 1687 1612 1714 constat
1636 1694 1709 1714 uno
1728 1689 1904 1727 perpetuo
1924 1689 2153 1727 argumentO.

1145 1729 1209 1764 Est
1226 1730 1321 1763 enim
1338 1732 1522 1765 contentio
1540 1739 1727 1778 pastorum
1740 1761 1749 1774 ‚
1766 1734 1828 1780 qui
1846 1735 1942 1768 inter
1957 1747 1993 1769 se
2011 1741 2151 1769 certant

1146 1782 1256 1816 variis
1267 1782 1383 1824 dictis,
1401 1784 1591 1825 similibus,
1609 1785 1812 1826 contrariis,
1831 1792 1892 1819 aut
1908 1786 1988 1820 aliis
2006 1787 2152 1820 allusio-

1145 1833 1263 1868 nibus.
1291 1833 1331 1867 Iu
1342 1832 1396 1869 his
1410 1836 1609 1881 plurimum
1627 1842 1679 1870 est
1695 1838 1907 1881 figurarum,
1924 1838 2149 1882 argutiarum

1145 1891 1180 1917 et
1196 1886 1404 1920 aculeorum
1416 1914 1425 1927 ‚
1449 1887 1579 1934 quibus
1592 1894 1654 1921 aut
1670 1895 1818 1922 venuste
1834 1895 2010 1922 notantur
2028 1902 2151 1924 aernu-

1144 1936 1169 1968 li
1183 1963 1191 1977 ‚
1217 1944 1279 1970 aut
1297 1939 1403 1971 amici
1422 1937 1620 1973 honorifice
1639 1947 1818 1974 ornantur
1836 1941 2022 1975 encomiis.
2077 1941 2149 1975 De-

1144 1988 1255 2034 nique
1291 1990 1380 2024 salse
1416 1997 1450 2024 et
1484 1998 1609 2036 argute
1644 1992 1738 2025 dicta
1771 1992 1883 2026 multa
1909 1999 1993 2026 sunt
2019 1993 2056 2026 in
2082 1992 2149 2027 hac

1145 2039 1277 2085 Ecloga
1291 2067 1300 2081 ‚
1329 2054 1422 2087 quae
1440 2044 1485 2076 ad
1503 2055 1733 2077 communem
1748 2056 1852 2078 usum
1871 2044 1917 2089 ³⁰)
1929 2071 1938 2084 ‚
1972 2052 2147 2091 tanquam

1144 2092 1336 2137 proverbia
1362 2095 1555 2128 transferre
1580 2108 1789 2139 possumus,
1818 2096 1938 2142 qualia
1965 2104 2048 2131 sunt
2064 2097 2147 2131 ista:

1145 2143 1222 2189 (Vs.
1240 2143 1318 2191 90.)
1339 2146 1404 2186 Qui
1419 2147 1566 2180 Bavium
1582 2160 1648 2181 non
1665 2150 1752 2189 odit,
1781 2154 1871 2182 amet
1896 2154 1954 2182 tua
1977 2152 2146 2191 carmina,

1144 2197 1275 2230 Maeui.
1344 2197 1409 2230 Hic
1439 2198 1529 2232 salse
1555 2199 1719 2233 ridentur
1747 2200 1860 2244 inepti
1886 2207 2025 2244 poetae.
2094 2201 2148 2234 De

1143 2248 1270 2282 fucatis
1289 2249 1412 2283 amicis
1431 2257 1465 2283 et
1484 2250 1681 2285 insidiosis:
1711 2250 1788 2296 (Vs.
1805 2252 1884 2297 93.)
1914 2255 2096 2297 Friqidns,
2127 2266 2145 2286 ο

1141 2302 1260 2344 pueri,
1284 2300 1395 2345 fuyz'ie
1410 2302 1509 2342 hinc,
1537 2304 1619 2337 latet
1634 2307 1758 2347 anquis
1775 2306 1812 2338 in
1827 2305 1942 2338 herba.
1998 2304 2063 2338 Est
2081 2304 2145 2348 igi-

1145 2359 1203 2385 tur
1227 2350 1315 2385 haec
1332 2353 1465 2398 Ecloga
1485 2356 1689 2400 exemplum
1716 2363 1886 2389 venustae
1914 2362 1947 2388 et
1972 2357 2144 2399 figuratae

1145 2404 1409 2445 altercationis,
1435 2406 1550 2451 qualis
1568 2406 1605 2440 in
1625 2408 1797 2452 dialogis,
1826 2414 1859 2440 et
1877 2419 1981 2451 saepe
1998 2407 2035 2439 in
2061 2419 2127 2440 con

1144 2455 1321 2500 gressibus
1338 2456 1482 2498 incidit,
1507 2458 1568 2492 ubi
1586 2459 1686 2493 brevi
1715 2460 1838 2493 aculeo
1863 2458 2018 2503 aliquem
2043 2465 2146 2491 nota-

1143 2521 1222 2542 mus
1241 2514 1301 2541 aut
1315 2509 1503 2544 referimus
1515 2537 1523 2550 ‚
1551 2518 1612 2544 aut
1629 2511 1764 2557 aliquid
1782 2517 2042 2555 retorquemus.
2089 2511 2141 2543 Ad

1175 2609 1224 2642 27)
1245 2609 1290 2642 de]
1312 2610 1353 2635 sic
1370 2611 1420 2635 Ed.
1437 2612 1530 2642 1565.;
1550 2611 1633 2635 Editt.
1651 2611 1745 2638 1568..
1767 2610 1841 2635 1593.
1862 2612 1906 2636 ab.

1177 2654 1223 2686 28)
1242 2653 1297 2686 me]
1319 2655 1359 2678 sic
1377 2655 1425 2679 Ed.
1443 2655 1535 2684 1565.;
1556 2654 1583 2678 in
1603 2655 1684 2678 Editt.
1702 2654 1794 2683 1568„
1818 2654 1892 2677 1593.
1914 2654 2001 2679 deest.

1177 2697 1226 2729 2⁹)
1246 2697 1425 2727 inhumanus]
1445 2698 1486 2722 sic
1504 2698 1553 2723 Ed.
1567 2698 1658 2727 1565.;
1677 2697 1759 2721 Editt.
1780 2697 1866 2728 1568„
1888 2698 1960 2721 1593.
1981 2698 2111 2722 humanus

1177 2740 1225 2766 30⁸
1245 2739 1336 2773 usum]
1356 2741 1397 2765 sic
1415 2740 1464 2766 Ed.
1481 2740 1572 2771 1565.;
1592 2740 1677 2766 Editt.
1695 2739 1788 2765 1568..
1810 2740 1883 2764 1593.
1906 2747 2026 2764 sensum.
