2341 2973
1096 69 1105 82 i

204 139 278 176 219

206 238 313 264 narn,
341 225 594 267 properantem
614 218 736 252 animo
759 230 834 251 non
860 216 1003 251 turbido
1028 215 1073 248 ad
1090 214 1199 248 Lace-

210 288 332 310 raeam
351 274 475 307 urbem
495 269 722 311 Thessaliae,
750 270 832 315 quia
858 269 895 302 in
919 268 998 312 ripa
1019 267 1116 300 lacus
1132 265 1200 299 Be-

205 327 256 361 bii
279 325 466 359 habitabat
491 322 656 357 Coronis.
722 319 776 353 lbi
807 321 921 353 malus
951 318 1094 363 genius5
1138 317 1198 363 qui

206 391 283 412 eam
302 378 346 410 ad
364 376 476 410 scelus
494 374 705 418 impulerat,
733 372 889 416 perdidit
909 383 1005 404 eam:
1043 376 1077 402 et
1096 368 1198 402 multi

206 429 315 463 vicini
331 428 437 462 simul
454 438 588 471 poenas
605 425 802 463 dederunt,
829 429 863 456 et
879 422 984 457 simul
1003 421 1199 466 perierunt,

206 488 248 515 ut
274 480 311 512 in
335 485 457 512 monte
484 477 574 521 ignis
599 488 640 509 ex
663 487 734 508 uno
763 475 897 507 semine
924 472 1088 512 exiliens,
1125 484 1200 504 ma-

208 544 314 576 gnam
335 531 470 575 sylvam
489 534 614 562 vastat.

312 582 454 627 (Ep.2.)
472 580 539 612 Sed
557 585 747 623 postquam
763 576 906 619 cognati
923 576 960 608 in
974 587 1063 619 rogo
1081 574 1199 618 ligneo

209 634 433 667 collocarunt
449 630 656 665 Coroniden
668 656 676 668 ,
705 635 740 661 et
758 626 948 661 vehemens
966 627 1110 659 flamma
1134 625 1201 658 fuit

209 686 448 723 circumdata,
478 690 561 715 tunc
581 681 670 714 dixit
685 677 870 713 Phoebus:
906 678 989 712 Non
1011 679 1101 711 feret
1125 677 1200 710 ani-

208 749 287 769 mus
305 748 421 774 meus,
449 734 598 778 perdere
619 744 738 764 meum
761 737 907 775 gnatum
922 756 931 769 ,
968 742 1046 762 cum
1077 728 1200 761 matris

208 787 367 820 interitu.
421 785 477 819 Sic
498 785 612 823 fatus,
646 783 715 816 cito
739 783 853 826 gradu
875 782 986 814 filium
1015 793 1056 814 ex
1085 786 1200 812 morte

209 838 351 882 eripuit.
404 838 560 870 Accensa
579 841 696 868 autem
715 846 826 878 pyra,
853 832 1079 865 dividebatur
1101 831 1201 863 flam-

209 902 279 923 ma.
331 889 500 922 Tradidit
516 893 633 920 autem
655 899 734 919 eum
747 884 932 928 Magnesio
952 890 1135 922 centauro,
1163 888 1202 915 ut

208 943 352 974 doceret
373 953 453 974 eum
473 950 599 972 curare
616 937 734 971 varios
753 936 910 969 morbos.

312 991 403 1036 (Str.
421 991 474 1037 3.)
500 990 599 1023 Alios
616 990 744 1033 igitur,
771 987 833 1033 qui
849 992 1041 1025 venerunt,
1067 982 1202 1017 haben-

208 1051 261 1078 tes
277 1044 395 1077 ulcera
414 1048 540 1087 sponte
558 1047 662 1080 nata,
691 1046 753 1073 ant
776 1040 870 1071 ferro
897 1038 1103 1075 vulnerata,
1142 1041 1203 1068 aut

209 1096 348 1140 lapide,
401 1101 462 1127 aut
493 1092 621 1138 quibus
651 1091 804 1124 aestivus
838 1089 928 1133 ignis
961 1087 1203 1132 populabatur

210 1159 359 1190 corpus,
403 1152 466 1178 aut
489 1144 619 1187 frigus,
660 1141 725 1176 hos
752 1141 929 1174 liberavit.
998 1138 1088 1173 Aliis
1117 1150 1202 1170 vero

209 1199 335 1231 molles
352 1196 615 1230 incantationes
637 1192 819 1233 adhibuit,
848 1199 909 1225 aut
928 1191 1113 1235 potiones,
1143 1195 1204 1221 aut

210 1249 379 1283 membris
398 1247 623 1281 circumdans
640 1243 854 1290 pharmaca,
885 1250 943 1276 aut
970 1242 1121 1276 secando
1146 1253 1204 1273 cu-

211 1301 315 1334 ravit.

315 1352 415 1393 (Ant.
435 1349 487 1395 3.)
516 1348 583 1382 Sed
601 1349 700 1381 lucro
721 1347 825 1380 etiam
851 1344 1026 1390 sapientia
1053 1342 1203 1386 capitur.

211 1402 390 1438 Pervertit
413 1408 447 1434 et
475 1400 568 1433 hunc
603 1412 729 1433 aurum
758 1399 793 1430 in
816 1398 982 1430 manibus
1015 1406 1204 1438 apparens,

209 1462 251 1489 ut
269 1454 504 1498 Hippolytum
525 1464 566 1484 ex
583 1458 699 1484 morte
715 1452 918 1488 reduceret,
953 1447 1024 1479 iam
1049 1452 1203 1489 captum.

211 1506 389 1540 interfecit
405 1504 513 1548 igitur
531 1510 724 1548 utrumque
743 1501 876 1545 Iupiter
891 1498 1052 1533 fulmine.
1087 1498 1205 1540 Opor-

214 1565 264 1591 tet
287 1564 403 1590 antem
429 1557 614 1588 moderata
640 1566 657 1586 a
686 1553 762 1587 Diis
793 1559 932 1597 petere,
977 1549 1206 1593 cogitantem,

215 1610 319 1656 quale
337 1614 418 1640 ante
435 1608 540 1651 pedes
559 1607 603 1639 sit
619 1607 765 1638 factum.

320 1660 399 1703 (Ep.
417 1659 468 1703 3.)
499 1658 577 1690 Mea
596 1658 729 1695 anima,
756 1668 800 1688 ne
819 1655 928 1687 vitam
947 1650 1039 1684 hanc
1058 1651 1206 1683 immor-

214 1713 321 1745 talem
343 1723 415 1743 esse
443 1710 637 1743 existimes:
674 1715 707 1740 et
732 1718 862 1752 quaere
890 1703 1031 1748 negotia
1058 1702 1206 1745 possibi-

216 1765 274 1797 lia.
328 1763 362 1795 δί
381 1760 516 1795 Chiron
535 1759 650 1793 adhuc
668 1760 822 1797 viveret,
851 1763 884 1790 et
902 1762 1003 1799 grata
1033 1761 1148 1787 essent
1175 1752 1205 1785 ei

216 1821 337 1848 nostra
374 1813 554 1851 carmina,
598 1812 848 1855 persuaderem
885 1809 936 1848 ei,
982 1812 1083 1839 utet
1113 1815 1236 1837 nnnc*

217 1867 404 1911 praeberet
427 1877 462 1898 se
489 1864 666 1896 medicum
693 1862 795 1895 bonis
820 1858 1086 1893 vehementium
1112 1868 1208 1888 mor-

217 1920 366 1955 borum,
395 1922 455 1949 aut
478 1916 665 1959 praeberet
685 1914 840 1958 aliquem
858 1910 1036 1955 Apollinis
1060 1914 1094 1940 ct
1116 1907 1209 1940 lovis
1235 1938 1237 1944 ,

431 1967 480 2000 Ac
508 1967 543 1998 in
571 1965 672 1999 Ionio
699 1965 789 1997 mari
814 1963 973 1996 venirem
1002 1962 1045 1994 ad
1073 1960 1208 1992 sontem
1235 1951 1237 1971 ³

1237 2030 1238 2037 1
1264 2013 1403 2050 gratum
1425 2004 1620 2051 hymnum:
1657 2005 1717 2038 ubi
1743 2005 1908 2038 sacerdos
1924 2001 2053 2048 Pythia
2077 2003 2174 2047 apud
2197 2014 2259 2035 au-

218 1975 377 2013 gnatum.

218 2017 453 2057 Arethusam,
495 2019 539 2050 ad
572 2020 771 2052 Aetnaeum
803 2014 1002 2059 hospitem,
1038 2012 1130 2055 (Str.
1157 2010 1209 2055 4.)

220 2084 337 2114 regem
365 2071 646 2114 Syracusanum,
690 2068 751 2114 qui
784 2074 835 2100 est
860 2066 955 2099 mitis
978 2064 1133 2103 civibus,
1178 2068 1211 2094 et

219 2136 292 2156 non
324 2122 459 2154 invidet
492 2121 613 2160 bonis,
657 2127 690 2153 et
720 2125 770 2152 est
806 2118 993 2151 mirandus
1022 2121 1122 2159 pater
1147 2111 1211 2145 ho-

221 2174 365 2218 spitum.

325 2225 381 2258 Ad
410 2235 514 2268 quem
547 2222 575 2255 si
601 2222 796 2261 venissem,
839 2219 1016 2262 geminam
1049 2219 1212 2251 adserens

223 2278 388 2320 gratiam,
417 2286 561 2307 auream
580 2274 780 2311 sanitatem,
803 2278 835 2303 et
853 2270 1025 2315 hymnum
1044 2271 1085 2302 de
1104 2269 1212 2302 victo-

223 2329 275 2361 ria
298 2325 452 2371 equestri
478 2326 519 2357 ad
539 2322 726 2369 Syrrham:
764 2323 922 2355 venirem
950 2322 980 2354 ei
1006 2334 1069 2355 cen
1093 2322 1212 2354 lumen

224 2377 443 2423 splendidius
457 2377 576 2415 stella,
604 2376 750 2408 traiecto
769 2374 871 2407 mari.

328 2431 427 2469 (Ant.
453 2427 506 2474 4.)
547 2428 614 2460 Sed
644 2426 779 2471 precari
807 2438 870 2469 pro
895 2432 926 2458 te
954 2425 1035 2457 volo
1062 2430 1212 2457 matrem

226 2478 384 2520 l‘iheam,
427 2493 533 2525 quam
560 2480 594 2511 in
623 2490 701 2511 meo
729 2477 902 2510 vestibulo
930 2477 1051 2509 colunt
1077 2475 1214 2520 puellae

229 2532 310 2565 totis
336 2532 508 2565 noctibus.

226 2583 442 2623 intelligere,
472 2582 602 2625 cogites
620 2587 735 2613 vetera
758 2580 931 2622 ext-mpla,
987 2579 1083 2612 luxta
1103 2590 1213 2611 unum

226 2635 359 2667 honum
387 2636 458 2666 duo
485 2634 710 2666 incommoda
732 2632 789 2664 Dii
812 2631 969 2663 tribuunt
999 2629 1215 2663 hominihus.

227 2686 294 2718 Sed
321 2684 405 2718 hae(-
432 2686 635 2729 insipientes
660 2697 730 2717 non
757 2689 891 2716 norunt
916 2684 1006 2715 serre
1032 2684 1215 2717 ἀρα-,πηνα

228 2737 363 2769 athoni
383 2735 529 2781 pulchra
550 2738 644 2770 soras
664 2742 815 2769 vertunt.

572 2530 633 2563 Sin
660 2535 777 2562 autem
805 2540 986 2561 sermones
1010 2534 1124 2560 rectos
1150 2526 1214 2560 scis
1241 2541 1243 2544 ⁴

787 130 909 166 PHlL.
944 128 1056 163 MEL.
1091 126 1297 162 SCRIPTA
1330 125 1669 161 PHILOLOGICA.

1242 2732 1245 2762 1

2178 128 2255 163 220

1362 212 1443 258 (Ep.
1460 212 1512 259 4.)
1545 212 1599 246 Te
1625 213 1770 259 quidem
1796 212 1990 245 comitatur
2013 212 2098 246 felix
2124 213 2256 248 fatum.

1254 265 1303 300 Es
1320 266 1415 298 enim
1434 276 1496 297 rex
1514 264 1738 309 praecipuus.
1786 263 1855 297 Sed
1872 264 1943 297 vita
1962 263 2038 298 sine
2053 264 2254 298 incommo-

1253 318 1306 351 dis
1325 328 1442 361 neque
1462 317 1557 360 apud
1575 316 1767 349 Aeacidem
1785 315 1889 349 Pelea
1909 315 1995 356 fuit,
2019 327 2136 362 neque
2157 316 2254 360 apud

1253 369 1428 403 Cadmum
1440 393 1449 407 ‚
1478 367 1540 412 qui
1560 368 1728 400 dicuntur
1743 367 1849 401 fuisse
1868 366 2084 407 beatissimi,
2116 373 2150 400 et
2167 366 2249 401 Mu-

1252 432 1308 454 sas
1325 419 1541 452 andiverunt
1556 418 1787 465 canentes⁶a)
1811 419 1848 451 in
1868 424 1989 451 monte
2009 418 2110 451 Pelio
2122 444 2132 459 ‚
2159 424 2193 452 et
2210 418 2248 451 in

1253 470 1406 505 Thebis:
1448 482 1527 503 cum
1555 470 1658 503 alteri
1682 471 1764 503 data
1790 476 1842 504 est
1863 470 2022 503 coniunx
2035 469 2248 510 Harmonia,

1254 522 1357 556 alteri
1373 519 1510 555 Thetis.

1358 574 1450 619 (Str.
1467 570 1521 617 5.)
1549 572 1594 606 Et
1612 572 1674 605 Dii
1690 571 1871 605 convivati
1886 578 1969 606 sunt
1986 573 2082 617 apud
2106 578 2248 606 utrum-

1254 637 1343 670 que,
1361 632 1395 658 et
1411 625 1577 657 viderunt
1597 624 1693 657 Deos
1711 624 1747 656 in
1764 623 1881 657 aureis
1897 624 2059 664 sedibus,
2087 629 2121 657 et
2138 624 2182 657 ab
2198 623 2249 657 eis

1253 678 1348 709 dona
1368 676 1543 720 nuptialia
1564 681 1788 720 acceperunt.
1822 674 1854 706 A
1870 673 1953 708 love
1971 681 2090 708 autem
2110 680 2248 708 mutata

1253 728 1396 761 fortuna
1409 754 1419 768 ‚
1458 733 1661 761 statuerunt
1697 726 1858 759 animum
1896 732 2046 760 rectum.
2118 726 2247 760 Postea

1254 786 1325 812 tres
1344 779 1437 812 filiae
1454 778 1630 812 Cadmum
1648 779 1839 822 privarunt
1862 784 1962 821 parte
1985 776 2161 817 laetitiae,
2186 776 2250 809 tri-

1253 830 1416 864 stissimis
1432 830 1582 865 casibus.
1635 828 1769 873 lupiter
1786 829 1880 862 enim
1905 830 1942 862 in
1966 827 2112 862 thorum
2130 828 2250 862 Seme-

1254 882 1303 915 les
1322 882 1431 915 venit.
1493 882 1590 926 (Ant.
1613 880 1667 926 5.)
1703 880 1816 914 Filius
1841 886 1959 914 autem
1987 880 2106 921 Pelei,
2142 891 2250 925 quem

1255 933 1400 966 unicum
1420 934 1559 977 peperit
1575 934 1610 965 in
1622 930 1751 966 Phthia
1765 931 1904 972 Thetis,
1928 932 2134 965 interfectus
2152 943 2250 971 arcu,

1255 985 1390 1018 luctum
1411 985 1577 1017 excitavit
1594 984 1686 1017 inter
1703 983 1861 1017 Danaos.

1359 1036 1397 1069 Si
1413 1036 1492 1081 quis
1511 1042 1629 1069 autem
1647 1037 1683 1068 in
1702 1041 1819 1068 mente
1840 1032 1947 1067 habet
1964 1033 2124 1067 veritatis
2142 1032 2251 1073 viam,

1255 1084 1350 1119 hunc
1369 1088 1439 1120 frui
1460 1088 1557 1120 decet
1572 1087 1676 1120 bonis
1695 1099 1712 1119 a
1730 1086 1805 1119 Deo
1824 1085 1927 1118 datis.
1978 1085 2078 1119 Alias
2093 1085 2154 1117 alii
2169 1090 2253 1118 sunt

1257 1144 1446 1171 ventorum
1464 1138 1580 1173 flatus.
1633 1137 1858 1182 Prosperitas
1883 1148 1968 1168 vero
1991 1134 2150 1169 humana
2176 1147 2252 1169 non

1257 1190 1318 1222 din
1349 1197 1568 1233 perseverat:
1613 1202 1703 1235 quae
1735 1201 1814 1222 cum
1847 1188 1963 1228 venit,
2004 1187 2150 1231 grandis
2178 1199 2253 1226 ero,

1258 1241 1337 1285 (Ep.
1355 1239 1408 1287 5.)
1437 1248 1471 1274 et
1487 1253 1618 1285 parvus
1636 1241 1729 1273 inter
1747 1252 1897 1284 parvos,
1926 1245 1960 1272 et
1984 1251 2135 1282 magnus
2160 1238 2253 1271 inter

1258 1306 1419 1336 magnos.
1489 1293 1638 1336 Semper
1669 1294 1712 1324 ad
1745 1296 1966 1335 praesentem
1989 1290 2172 1323 fortunam
2198 1301 2254 1322 ac-

1259 1344 1496 1376 commodabo
1524 1344 1705 1383 animum,
1748 1354 1792 1374 ne
1818 1342 1903 1386 quid
1925 1353 2030 1385 supra
2058 1341 2151 1375 vires
2176 1353 2254 1374 mo-

1259 1395 1336 1428 liar.
1400 1395 1436 1427 Si
1463 1401 1579 1427 autem
1598 1394 1693 1428 Deus
1720 1391 1807 1426 mihi
1830 1392 1972 1425 divitias
1996 1392 2115 1432 dabit,
2149 1404 2254 1437 spero

1259 1459 1314 1479 me
1331 1446 1481 1490 gloriam
1503 1444 1709 1479 habiturum
1727 1457 1800 1478 esse
1819 1445 1862 1476 ad
1883 1450 2055 1488 posteros.

1363 1498 1548 1531 Nestorem
1575 1504 1607 1530 et
1634 1498 1878 1541 Sarpedonem
1914 1493 2102 1528 hominum
2135 1505 2254 1527 sermo

1260 1548 1390 1581 retinet
1422 1562 1462 1582 ex
1494 1549 1722 1581 carminibus.
1790 1546 1886 1580 Illius
1913 1546 2054 1580 virtutis
2079 1545 2254 1579 memoria

1232 1596 1234 1612 ⁸
1260 1600 1321 1632 diu
1338 1601 1464 1639 durat,
1494 1613 1584 1645 quae
1608 1600 1765 1633 carmine
1790 1598 1965 1631 celebrata
1991 1604 2060 1634 est:
2096 1595 2165 1631 hoc
2194 1609 2255 1630 au-

1233 1645 1234 1705 }
1261 1658 1330 1684 tem
1352 1652 1455 1696 pauci
1473 1652 1648 1685 obtinent.

1667 1727 1758 1768 Ode
1778 1726 1857 1766 IV.

1451 1796 1608 1827 Arcesi
1618 1795 1684 1826 Iao
1713 1795 1885 1836 Cyrenaeo
1913 1789 2065 1836 ἅρματι.

1366 1852 1458 1895 (Sir.
1483 1853 1530 1895 1.)
1559 1852 1675 1885 Hodie
1694 1857 1837 1895 oportet
1856 1857 1887 1883 te
1905 1850 2000 1893 apud
2025 1847 2179 1881 amicum
2202 1859 2257 1879 re-

1263 1916 1340 1947 gem
1361 1905 1517 1948 Cyrenes
1537 1911 1651 1944 stare,
1665 1916 1699 1936 ,ο
1717 1902 1818 1936 Musa
1833 1928 1841 1942 ,
1867 1907 1906 1934 ut
1923 1913 2001 1934 cum
2020 1899 2178 1933 Arcesila
2204 1909 2258 1931 ce-

1264 1956 1423 1988 lebrante
1447 1956 1673 1995 convivium,
1715 1966 1844 1996 augeas
1870 1950 2016 1985 Phoebo
2039 1951 2199 1985 debiturn
2224 1956 2259 1983 et

1266 2071 1343 2091 reas
1375 2058 1512 2102 aquilas
1525 2085 1533 2097 ,
1578 2071 1649 2090 non
1684 2057 1827 2090 absente
1860 2055 2028 2099 Apolline
2061 2053 2258 2098 respondit,

1265 2109 1410 2142 Battum
1426 2110 1501 2142 sore
1517 2111 1742 2142 fundatorem
1762 2107 1859 2141 urbis
1878 2106 2035 2151 inLibya
2047 2132 2057 2145 ‚
2085 2111 2119 2139 et
2136 2105 2256 2138 relicta

1238 2195 1240 2200 ,
1267 2161 1380 2194 insula
1397 2159 1516 2194 Thera
1545 2160 1772 2193 conditurum
1800 2171 1873 2192 esse
1896 2159 2019 2191 urbem
2044 2157 2083 2190 in
2107 2156 2258 2190 candida

1268 2225 1446 2251 mamma,
1489 2211 1587 2256 (Ant.
1619 2213 1667 2257 1.)
1704 2218 1737 2244 et
1764 2211 1912 2244 Medeae
1946 2209 2154 2243 vaticinium
2181 2220 2259 2253 per-

1267 2266 1441 2297 fecturmn
1480 2276 1553 2296 esse
1593 2265 1742 2307 septima
1780 2263 1917 2296 decima
1953 2260 2183 2306 generatione
2217 2271 2260 2294 ex

1268 2315 1408 2354 Thera,
1438 2317 1533 2360 quod
1555 2315 1693 2353 Medea,
1712 2315 1781 2347 filia
1800 2316 1944 2353 Aeetae,
1969 2313 2088 2357 regina
2109 2309 2260 2345 Colcho-

1268 2381 1346 2400 rum
1375 2366 1495 2400 edidit.
1557 2367 1654 2400 Dixit
1682 2374 1798 2399 autem
1823 2366 1871 2400 sic
1897 2366 1941 2398 ad
1965 2363 2100 2398 Iasonis
2125 2363 2258 2397 socios:

1268 2419 1398 2452 Audite
1424 2418 1577 2459 Heroes,
1623 2420 1701 2451 dico
1735 2430 1775 2451 ex
1806 2415 1872 2450 hac
1899 2416 1998 2460 gleba
2029 2416 2138 2448 filiam
2164 2414 2260 2458 Epa-

1269 2469 1329 2515 phi
1349 2471 1587 2514 plantaturam
1608 2483 1680 2505 esse
1698 2470 1839 2503 urbium
1864 2468 2039 2506 radicem,
2074 2466 2110 2499 in
2134 2466 2260 2499 sunda-

1269 2523 1397 2555 mentis
1417 2521 1505 2555 lovis
1527 2522 1755 2559 l·lammonis;
1791 2520 1871 2566 (Ep.
1890 2519 1939 2563 1.)
1968 2530 2008 2551 ac
2032 2530 2098 2562 pro
2122 2515 2260 2561 delphi-

1269 2575 1324 2606 nis
1350 2580 1383 2606 et
1409 2572 1587 2607 branchiis
1609 2573 1741 2607 'l'herei
1771 2584 1880 2617 equos
1906 2570 2101 2614 accipient,
2137 2575 2172 2603 et
2197 2566 2260 2602 ha-

1269 2627 1378 2658 benas
1400 2638 1463 2668 pro
1480 2626 1607 2665 remis,
1636 2633 1669 2659 et
1688 2624 1874 2667 agitabunt
1892 2634 2028 2655 currus.

1304 2710 1358 2740 aa)
1379 2692 1525 2738 1-aucintcs]
1552 2710 1592 2733 sic
1613 2708 1767 2737 i3d.1558.,
1795 2707 1826 2730 11.
1849 2705 1957 2735 steph..
1983 2704 2097 2734 noy-ne.
2127 2703 2260 2732 Boeckh.;

1339 2746 1386 2768 Ed.
1408 2745 1478 2768 1:263.
1500 2748 1648 2768 canentem.
