2341 2973
180 86 247 122 191

767 80 890 115 PHIL.
918 79 1030 114 MEL.
1059 78 1263 114 SCRIPTA
1290 77 1629 116 PHILOLOGICA.

2156 84 2229 122 192

699 168 734 192 ln
754 167 974 192 enarrationem
994 166 1118 191 Pindari
1136 171 1239 190 versus
1260 165 1388 197 Philippi
1404 165 1616 192 Melanthonis.

800 219 948 243 Pindarum
968 218 1094 248 quisquis
1113 218 1188 241 volet
1207 217 1364 248 explicare,

801 255 853 277 lile
876 253 982 276 ceratis
1002 259 1053 282 ope
1073 253 1212 276 Daedalea

801 289 903 312 Nititur
922 287 1037 318 pennis,
1065 288 1155 311 vitreo
1175 287 1291 310 daturus

1111 322 1226 345 Nomina

1246 323 1328 351 ponto
1337 320 1376 352 ss),

800 357 907 381 Forsan
928 357 970 379 his
990 356 1085 380 verbis
1105 357 1205 386 aliquis
1224 355 1359 385 monenit,

799 393 835 415 Ut
857 391 1046 421 relinquamus
1066 393 1198 414 tenebras
1220 391 1322 414 vetusti

798 426 898 457 Vatis,
926 426 962 449 ad
980 426 1081 449 Dircen
1101 431 1150 449 sua
1170 426 1214 456 qni

1236 426 1353 448 sonabat

1111 460 1242 485 Carmina
1262 460 1375 485 fontem,

799 496 887 518 Multa
907 496 972 518 sunt
992 495 1117 525 quamvis
1137 496 1207 518 satis
1228 495 1369 525 involuta,

799 530 947 560 Delphicae
967 531 1060 553 sortes
1079 530 1166 553 veluti
1187 530 1230 552 sue

799 566 869 589 suut
889 566 978 588 tamen
1000 571 1099 588 rursus
1120 571 1228 595 qnoque

1235 530 1314 552 runt:

1250 563 1377 592 planiora

1109 599 1231 622 Plurima
1250 599 1388 625 membra,

797 636 874 664 Quae
893 635 997 658 canunt
1016 640 1110 663 regum
1131 633 1310 657 memoranda
1329 633 1420 664 sacta,

798 669 913 692 Litteris
934 669 1019 692 nuliis
1040 669 1104 692 aliis
1124 669 1230 694 relata,

798 704 833 727 Et
852 706 953 734 regunt
973 710 1065 727 mores
1085 703 1222 727 hominum

1242 708 1377 732 sequaces

1111 738 1204 761 Laude
1225 738 1366 760 bonorum.

798 772 865 797 Cum
886 772 969 795 duces
989 772 1091 795 Graeci
1111 771 1217 801 petiere

797 807 931 831 Phasidos
951 807 1019 835 ripis
1039 807 1167 837 legerent
1186 810 1214 829 ut

796 843 898 865 Narrat
916 841 1033 865 Alciden
1052 842 1178 872 agitasse
1196 847 1227 864 re

1237 772 1355 795 Coicnos
1366 788 1373 802 ‚

1233 812 1329 829 aurum
1339 822 1347 835 ,

1230 847 1289 864 mos

1107 877 1182 905 laege
1201 877 1336 900 coactum.

796 910 841 934 sic
860 910 939 933 docet
958 910 1072 934 summis
1091 911 1173 934 etiam
1193 911 1310 934 Deorum

796 945 877 968 Fufiis
898 946 989 975 legum
1009 946 1139 974 patienda
1158 945 1229 968 vine}

1233 950 1264 968 a:

794 979 914 1009 Legibus
935 980 1010 1003 vires
1028 981 1056 1003 et
1075 986 1142 1010 opes
1162 980 1297 1009 superbas

1106 1014 1213 1038 Cedere

1233 1014 1334 1037 iustum
1355 1015 1407 1039 est.

795 1049 876 1072 uena
895 1048 1021 1072 Titanum
1040 1050 1163 1072 recitans
1179 1048 1315 1079 nefanda,

794 1084 880 1106 Arina
899 1083 944 1113 qui
963 1086 1062 1107 contra
1080 1089 1199 1113 superos
1219 1084 1359 1113 tulerunt,

802 1118 904 1147 lmpios
923 1118 981 1142 sato
1001 1118 1085 1142 simili
1105 1118 1199 1148 perire

1108 1153 1273 1176 Praemonet
1293 1158 1398 1176 omnes.

795 1187 871 1217 Ergo
892 1186 1005 1210 virtutis
1023 1187 1233 1217 sapientiaeque

795 1222 876 1245 Musa
896 1222 1050 1246 doctrinam
1069 1223 1133 1252 quia
1153 1221 1238 1245 tradit
1259 1221 1313 1245 isto

795 1256 906 1280 Pindari
927 1256 1050 1287 scripto,
1077 1257 1192 1280 iuvenes
1213 1256 1331 1279 modesti
1354 1256 1424 1279 hune

1108 1290 1221 1315 Noscito

1243 1292 1344 1314 vatem.

302 1347 376 1374 Cum
400 1344 510 1373 duabus
539 1344 596 1372 inis
622 1343 804 1371 Editionibus
834 1342 918 1370 huius
950 1343 1202 1380 interpretationis
1224 1343 1297 1372 Mei.
1327 1343 1500 1381 quibusdam
1533 1345 1561 1371 in
1593 1344 1662 1372 iocis
1686 1345 1805 1373 Pindari
1829 1345 1922 1374 Editt.
1946 1346 2023 1374 infra
2044 1345 2130 1384 (pag.
2151 1346 2226 1377 198.

174 1394 241 1418 nota
257 1388 304 1427 5.)
327 1388 488 1416 accuratius
510 1386 717 1415 describendas
740 1385 876 1414 Francos.
902 1384 1014 1422 1542„
1035 1385 1122 1414 Basil.
1148 1384 1258 1422 1556„
1282 1387 1318 1414 H.
1333 1386 1476 1424 Stephani
1503 1385 1615 1424 1566„
1638 1387 1777 1416 Boeckhii
1802 1395 1831 1417 et
1854 1388 1993 1426 Bergkii,
2016 1394 2107 1427 atque
2131 1390 2226 1418 inter-

173 1433 355 1473 pretationes
376 1432 414 1460 H.
438 1430 602 1469 Stephani,
636 1429 743 1466 Heynii
766 1434 797 1457 et
819 1428 958 1456 Boeckhii
980 1429 1165 1457 contulimus.

208 1544 241 1574 *)
262 1545 337 1569 Haec
356 1543 444 1574 prima
462 1543 581 1573 strophe
600 1547 687 1572 paene
704 1541 740 1564 ad
759 1541 871 1563 verbum
892 1539 1024 1570 congruit
1048 1545 1108 1562 cum
1132 1539 1183 1563 hac
1210 1539 1299 1569 prima
1318 1540 1438 1569 strophe
1458 1539 1533 1564 odae
1553 1540 1662 1564 Horatii
1686 1540 1721 1565 ad
1740 1541 1889 1566 Antonium
1911 1541 2008 1566 lulium
2035 1541 2172 1573 (odarum
2194 1542 2228 1566 ti-

245 1579 286 1603 bri
306 1579 352 1603 IV.
373 1579 433 1604 Oda
450 1577 510 1608 2.):

797 1609 945 1633 Pindarum
964 1607 1089 1638 quisquis
1109 1608 1203 1631 studet
1221 1609 1371 1640 aemiliam,

799 1644 874 1673 lule,
901 1644 1005 1667 ceratis
1025 1649 1076 1673 ope
1096 1643 1237 1667 Daedalea

798 1678 902 1702 Nititur
922 1678 1035 1708 pennis,
1062 1678 1152 1701 vitreo
1172 1678 1288 1701 daturus

1112 1712 1229 1736 Nomina
1247 1714 1342 1742 ponto.

864 1875 1167 1912 PINDARl

732 1943 957 1973 Pnunrro
989 1944 1221 1973 MELANTH

599 2030 749 2072 odel.

371 2111 426 2143 Hi
436 2121 453 2142 e
463 2121 481 2142 r
489 2121 506 2141 ο
517 2110 559 2141 ni
594 2109 817 2152 Syracusano
844 2105 974 2151 κέλητι.

278 2188 440 2233 (strophe
462 2186 560 2232 1.¹))
588 2185 737 2230 Optima
754 2196 811 2218 res
830 2189 881 2217 est
897 2194 1002 2228 aqua.
1035 2181 1174 2215 Aurum

177 2242 313 2275 excellit
339 2241 374 2272 in
399 2237 560 2283 superbis
585 2237 738 2277 divitiis,
780 2236 870 2270 sicut
901 2233 1037 2268 exceiIIt
1060 2234 1177 2267 snivns

176 2293 268 2338 ignis
291 2298 406 2326 nocte.
467 2290 535 2323 Sed
559 2289 588 2323 si
611 2288 805 2322 certamina
830 2299 979 2320 narrare
1003 2286 1122 2330 cupis,
1156 2298 1176 2317 o

175 2345 314 2385 anime,
342 2356 415 2377 non
433 2342 529 2375 aliud
546 2342 620 2375 sole
637 2340 768 2373 videris
785 2339 969 2373 ardentius
987 2345 1120 2371 astrum
1142 2337 1176 2369 in

176 2397 233 2430 die
250 2409 314 2441 per
331 2398 509 2429 desertum
528 2391 693 2430 aethmun
720 2404 837 2437 neque
855 2390 1046 2437 Olympico
1064 2402 1177 2433 agone

174 2448 474 2493 praestantiorem
501 2445 610 2479 alium
636 2444 904 2478 celebrabimus.
964 2443 1068 2476 Unde
1090 2441 1178 2474 cele-

176 2501 353 2534 berrimus
383 2498 539 2544 hymnus
573 2496 688 2530 oritur
718 2495 918 2540 sapientum
953 2493 1178 2538 cogitationi—

249 2691 366 2720 utraquc
392 2690 474 2713 editio
501 2690 579 2713 imina
609 2689 847 2719 interpretationis
872 2691 965 2717 caret,
997 2696 1028 2712 ex
1050 2689 1175 2712 noi-cmm

214 2654 242 2686 ¹)
261 2656 458 2684 stropharum.
479 2654 722 2683 Antistropiiarum
742 2656 770 2678 et
782 2654 896 2683 Epodon
914 2660 1060 2684 numeros,
1081 2653 1177 2684 quibus
1200 2643 1206 2754 Ι

248 2724 385 2753 editione,
405 2730 473 2755 quae
490 2724 600 2754 Lipsiae
616 2725 721 2749 1811-
733 2725 806 2749 1521.
827 2725 872 2748 4⁰.
889 2724 1006 2755 prodiit,
1029 2723 1175 2753 adscripsi.

1226 1876 1549 1914 OLYMPIA

1231 1945 1678 1975 ONElNTERPRETR

1227 2033 1312 2072 bus,
1341 2039 1379 2065 ut
1404 2031 1584 2063 celebrent
1607 2029 1750 2069 Iovem,
1785 2036 1908 2064 euntes
1932 2030 1975 2062 ad
1999 2030 2146 2064 divitem
2171 2031 2234 2064 do-

1229 2096 1326 2116 mum
1346 2083 1534 2122 Hieronis,
1569 2082 1808 2127 (Antislrophe
1829 2082 1878 2127 1.)
1908 2081 1971 2128 qui
1988 2088 2084 2116 tenet
2101 2082 2233 2117 iustum

1230 2147 1380 2177 regnum
1411 2134 1449 2167 in
1479 2133 1589 2167 divite
1614 2133 1756 2174 Sicilia,
1791 2134 1985 2178 decerpens
2015 2146 2056 2167 ex
2087 2133 2236 2179 singulis

1229 2187 1422 2220 virtutibus
1447 2197 1628 2219 cacumen.
1696 2184 1870 2219 Laetatur
1897 2192 1931 2219 et
1959 2186 2109 2221 musices
2134 2186 2237 2227 flore,

1230 2246 1269 2273 ut
1286 2238 1382 2273 viros
1401 2250 1504 2282 saepe
1522 2238 1558 2270 in
1583 2238 1757 2272 conviviis
1782 2238 1905 2271 ludere
1932 2238 2105 2273 videmus.
2166 2238 2236 2272 Sed

1230 2290 1401 2324 Doricam
1420 2288 1593 2323 citharam
1613 2288 1827 2334 prehendito
1851 2302 1870 2323 a
1890 2290 2011 2331 clavo,
2044 2290 2074 2324 si
2095 2289 2159 2323 tibi
2177 2290 2237 2324 Pi-

1230 2356 1289 2378 sae
1314 2349 1347 2375 et
1368 2342 1450 2388 equi
1477 2342 1621 2376 victoris
1643 2342 1845 2376 iucunditas
1871 2341 1986 2375 movit
2008 2347 2164 2376 mentem
2191 2343 2235 2375 ad

1231 2395 1351 2429 dulces
1370 2395 1621 2439 cogitationes:
1653 2396 1799 2440 quando
1817 2394 1859 2427 ad
1876 2391 2054 2438 Alpheum
2074 2393 2238 2427 incitavit

1232 2448 1312 2492 equi
1332 2460 1460 2491 corpus
1478 2447 1553 2480 sine
1574 2447 1740 2491 flagellis,
1768 2453 1802 2480 et
1820 2458 1925 2480 cursu
1942 2445 2130 2479 dominum
2153 2445 2237 2479 fecit

1232 2500 1426 2539 victorem,
1459 2500 1607 2544 (Epodos
1628 2497 1680 2545 1.)
1707 2511 1825 2543 regem
1848 2497 2097 2541 Syracushun,
2135 2497 2236 2543 equis

1232 2552 1458 2595 gaudentem.
1512 2551 1625 2583 Lucet
1642 2551 1716 2584 eius
1734 2550 1846 2595 gioria
1865 2550 1959 2594 apud
1975 2548 2081 2595 Lydii
2092 2549 2236 2594 Pelopis

1231 2603 1433 2643 coloniam,
1458 2615 1563 2648 quem
1581 2602 1769 2648 Neptunus
1795 2602 1950 2643 amavit,
1977 2607 2168 2647 postquam
2194 2612 2237 2634 ex

1231 2656 1345 2688 lebete
1381 2668 1460 2688 eum
1492 2653 1622 2688 Clotho
1657 2654 1826 2694 extraxit,
1875 2660 2046 2687 ornatum
2082 2650 2235 2687 humero

1231 2708 1401 2742 eburneo.
1444 2707 1577 2740 Mirum
1598 2713 1669 2748 est,
1696 2707 1791 2752 quod
1808 2718 1913 2750 saepe
1932 2703 2120 2739 hominum
2137 2716 2236 2738 men-
