2421 3005
78 129 151 164 137
467 122 655 158 LXXVIII.

77 215 164 250 anni
187 215 279 248 facta
313 220 384 254 est,
418 219 457 247 ut
482 213 661 258 possimus
688 225 883 247 numerare
909 220 1087 258 tempora.

77 268 219 302 Menses
243 273 326 300 sunt
343 265 524 306 ordinati,
552 272 591 299 ut
615 271 706 299 esset
724 266 949 311 conspectior
968 265 1088 299 distri-

76 320 180 354 butio
199 319 296 352 anni.
350 317 460 358 Item,
487 325 527 352 ut
542 316 645 351 Luna
665 324 885 363 temperaret
904 316 1088 352 humores.

77 370 308 406 Vocabulum
328 368 424 404 Iovis
443 376 495 403 est
510 382 528 402 a
548 368 694 404 Iehova.

185 423 328 457 Gerson
357 422 458 456 dicit:
488 422 616 456 Plures
632 428 715 456 sunt
733 421 869 466 gratiae
887 420 1090 466 privativae

81 488 190 523 quam
210 474 400 520 positivae.
452 472 514 508 Ille
533 474 673 508 Gerson
699 474 789 508 vixit
815 481 979 519 tempore
1006 485 1091 506 con-

81 528 154 562 cilii
174 525 461 561 Constantiensis
475 525 542 573 33)‚
570 526 637 560 suit
652 525 837 566 Viennae,
867 533 901 559 et
925 539 966 559 ex
982 524 1092 558 Vien-

80 593 128 615 na
172 579 281 612 rediit
315 578 588 620 Constantiam,
640 578 708 612 fuit
745 578 981 619 parisiensis,
1024 577 1092 611 fuit

82 643 234 677 magnus
263 630 330 665 vir.
921 665 924 670 ,

187 682 312 723 Scitis,
341 693 434 728 quae
461 682 532 716 sint
559 682 597 715 in
624 681 855 715 invocatione
881 681 1092 726 cogitanda:

241 733 268 768 I.
323 734 441 779 Quem
462 733 580 768 Deum
610 734 767 767 invoces.

240 785 283 820 Il.
337 786 576 831 Praeceptum
607 792 640 819 et
669 785 864 831 promissi.

238 836 298 872 IH.
351 837 482 879 Fides,
511 837 646 883 agnitio
675 838 739 871 filii
764 837 844 872 Dei.

243 888 319 924 1111.
357 890 429 924 Res
457 892 626 935 petenda.

243 941 284 976 V.
339 941 550 976 Gratiarum
580 941 686 976 actio.

192 993 309 1039 Tegas
333 995 461 1028 urbem
481 994 629 1039 Megara
645 991 726 1042 34).]
781 994 832 1030 OEss
859 993 930 1037 sint>
958 992 989 1038 it
1015 1001 1096 1038 gros).

86 1058 158 1081 una
186 1046 225 1079 in
249 1046 389 1087 Sicilia,
418 1046 529 1080 altera
556 1047 594 1080 in
612 1047 742 1080 Attica.
799 1047 850 1082 &83
875 1046 945 1089 set),
983 1045 1097 1089 melche

89 1103 124 1134 ess
147 1099 264 1142 molle.
291 1103 327 1134 ess
356 1098 394 1142 ist
417 1098 502 1143 nicht
529 1101 636 1134 baran
665 1099 806 1144 gelegen.
858 1096 922 1130 Illa
948 1097 986 1129 in
1010 1097 1098 1130 Siei-

86 1151 135 1184 lia
163 1151 232 1183 suit
259 1151 399 1184 colonia
430 1151 588 1185 alterius.

192 1201 254 1236 Vs.
278 1202 365 1236 760.
414 1199 655 1249 'Ap-chfiootc]
691 1207 810 1244 regat,
851 1200 1003 1240 formet,
1047 1205 1098 1234 est

89 1253 323 1293 continuare,
351 1252 482 1298 tedpen,
510 1254 545 1289 in
576 1255 730 1288 einanbet
758 1252 898 1298 Ῐὼἰᾶοη.

191 1305 252 1338 Vs.
276 1304 364 1338 761.
419 1306 567 1339 Sacrum
596 1317 742 1338 carmen
766 1301 941 1351 sonetis‚]
971 1304 1007 1336 id
1034 1309 1098 1343 est,

88 1368 187 1391 sacra
217 1363 313 1389 recte
344 1356 460 1390 colite.

191 1407 252 1442 Vs.
273 1407 360 1443 762.
389 1407 559 1448 Placere,
589 1407 625 1440 id
645 1414 715 1448 est,
744 1408 888 1443 credere
907 1406 986 1441 Diis
1004 1406 1098 1452 (pla-

89 1466 209 1494 centes
237 1460 430 1494 libationes
459 1459 703 1505 praebentes).

192 1509 367 1558 Σπονδὴ,
396 1512 535 1546 libatio.
572 1512 639 1548 (sin
660 1510 852 1555 &iessopffcr
870 1511 946 1546 obet
956 1509 1097 1546 Erant&

88 1563 204 1609 opffer.
258 1564 364 1608 Apud
391 1570 527 1598 veteres
557 1571 639 1597 ante
664 1570 698 1597 et
721 1570 802 1608 post
827 1575 978 1596 coenam
1004 1575 1097 1595 1111115

87 1617 230 1650 dicebat
253 1616 500 1661 precationem
519 1623 553 1649 et
577 1616 733 1655 libabat,
761 1616 796 1647 id
825 1622 895 1655 est,
921 1615 1097 1648 fundebat

88 1668 238 1713 aliquid.
294 1667 507 1702 Ceremonia
538 1680 671 1701 coenae
697 1667 847 1700 Domini
881 1674 931 1700 est
957 1667 1097 1706 libatio,

87 1719 246 1765 pertinet
277 1721 321 1752 ad
346 1732 476 1764 genus,
513 1721 610 1765 quod
643 1726 775 1752 vocant
807 1715 963 1764 σπονδή.
1034 1717 1096 1751 Illa

89 1778 173 1806 sunt
198 1777 341 1816 accepta
371 1783 389 1804 a
420 1770 594 1816 patribus.
652 1771 892 1804 Mactationes
923 1771 961 1803 in
994 1770 1096 1804 Mose

88 1824 292 1868 significant
317 1823 573 1856 mactationem
601 1822 664 1855 filii
690 1822 768 1855 Dei.
822 1822 964 1855 Libatio
989 1822 1098 1866 signi-

88 1876 219 1909 ficabat
248 1875 417 1920 perfundi
452 1887 580 1920 panem
616 1875 715 1908 vino.
788 1873 908 1906 Coena
946 1873 1097 1907 Domini

89 1927 267 1972 significat
294 1940 360 1961 nos
391 1927 559 1972 perfundi
581 1927 754 1970 sanguine
774 1926 834 1958 filii
853 1925 941 1965 Dei,
970 1932 1003 1958 et
1032 1937 1098 1958 nos

89 1979 278 2013 vivificari.

195 2030 257 2065 Vs.
281 2030 368 2065 763.
423 2031 497 2066 Nos
540 2029 763 2075 bibamusffi)
800 2029 957 2062 (licentes
996 2034 1097 2072 grata

90 2083 186 2117 inter
222 2084 316 2129 nos.]
378 2083 477 2117 Sicut
502 2095 612 2117 coena
638 2081 789 2115 Domini
821 2087 872 2114 est
907 2092 1098 2114 commune

92 2148 315 2171 convivium.

196 2186 258 2220 Vs.
269 2185 355 2221 764.
384 2184 484 2220 Nihil
503 2193 704 2221 metuentes
721 2186 854 2219 belluni
875 2184 1099 2229 Medorum]

92 2239 193 2282 staffet
216 2243 283 2274 11ηέ
307 2238 419 2283 ftssticb
449 2238 535 2282 sein,
571 2243 639 2274 unb
669 2238 753 2283 nicht
777 2237 945 2285 gebcncfen
969 2247 1010 2271 αη
1039 2240 1098 2272 ben

91 2291 296 2335 Ziitffil'dyen
326 2290 439 2336 Rtieg.

196 2342 369 2388 Reprime
394 2342 550 2387 Medos]
606 2342 700 2388 Quia
732 2340 819 2376 haec
845 2340 975 2386 scripta
1003 2346 1097 2380 sunt,

93 2395 240 2441 quando
267 2394 401 2429 Darius
437 2395 570 2428 invasit
594 2394 807 2434 Graeciam,
843 2394 899 2427 vel
933 2399 1097 2437 tempore

128 2522 177 2550 33)
198 2523 311 2547 Iohann.
332 2522 460 2546 Charlier
480 2528 496 2546 a
515 2523 622 2546 Get-<on
639 2539 645 2545 .
667 2522 748 2544 natus
768 2527 793 2545 a.
817 2520 908 2547 1363.,
936 2519 999 2543 inde
1018 2520 1052 2542 ab
1071 2524 1096 2542 a.

165 2558 239 2581 13⁸1.
262 2557 378 2581 Parisiis
396 2558 506 2583 docuit,
527 2564 551 2580 a.
575 2558 647 2580 1:³95.
670 2556 748 2578 hnins
768 2554 936 2578 Academiae
956 2555 1097 2578 cancella-

163 2592 222 2615 rius
242 2594 372 2621 creatus,
402 2592 441 2615 12.
464 2593 512 2616 1111.
537 2592 610 2615 1129.
632 2591 757 2621 Lugduni
779 2592 903 2613 mortuns
923 2590 974 2612 est.

128 2643 178 2671 34)
198 2644 286 2675 'regas
313 2645 406 2667 urbem
429 2645 557 2673 Megara]
587 2645 654 2667 haec
681 2644 767 2666 verba
793 2641 818 2665 in
839 2640 1005 2671 Theognidis
1032 2646 1097 2664 cai·-

163 2678 236 2702 mine
255 2680 279 2702 11,
301 2679 319 2704 l.
340 2684 393 2702 non
414 2679 553 2709 leguntur.

128 2729 176 2755 ³5)
197 2729 335 2758 bihamus]
356 2729 396 2752 sic
423 2728 527 2760 scripsi
545 2731 594 2758 (ετ
615 2729 738 2760 Theogu.
759 2725 917 2758 πίνωμεν);
949 2726 997 2750 Ed.
1021 2727 1094 2752 1560.

165 2764 290 2788 libamus.

707 123 1001 161 EXPLICATIO
1030 123 1420 160 SENTENTIARUM
1448 124 1759 160 THEOG'NJDIS.

2079 128 2153 163 138

1142 213 1288 254 Xerxis,
1316 213 1372 247 vel
1399 219 1562 258 tempore
1589 212 1695 258 Cyri,
1725 213 1872 258 quando
1899 212 2001 247 Ionia
2034 211 2154 247 horri-

1141 265 1263 299 biliter
1296 272 1347 299 est
1374 272 1511 299 vastata
1536 278 1599 310 per
1625 265 1858 309 Harpagum,
1895 266 1957 312 qui
1990 265 2058 299 fuit
2082 267 2154 299 dux

1144 317 1241 363 Cyri.
1296 316 1397 350 Ionia
1423 324 1545 362 postea
1567 329 1756 363 nunquam
1781 317 2010 361 recuperavit
2033 317 2155 362 pristi-

1143 382 1231 403 num
1256 370 1384 410 decus,
1420 370 1533 404 multa
1568 369 1682 402 millia
1711 366 1903 402 hominum
1931 383 1973 403 ex
2003 369 2155 404 urbibus

1145 423 1432 455 conscenderunt
1455 435 1582 462 naves,
1611 428 1646 455 et
1671 433 1707 455 se
1725 421 1997 455 submerserunt
2021 423 2156 466 potius,

1145 486 1254 519 quam
1278 481 1318 507 ut
1336 474 1502 508 venirent
1518 474 1554 507 in
1573 474 1782 508 servitutem
1802 473 2010 508 Medorum.
2051 473 2155 507 Ionia

1144 526 1212 559 fuit
1240 525 1495 559 florentissima
1530 527 1674 560 urbium
1711 532 1793 570 post
1820 525 1978 559 Sodoma
2014 527 2050 559 in
2078 532 2155 560 toto

1147 579 1234 611 orbe
1262 584 1464 617 terrarum,
1494 579 1541 610 ita
1569 578 1668 612 (ledit
1693 590 1829 623 poenas
1854 584 2006 623 propter
2031 578 2155 611 luxum

1147 636 1181 663 et
1206 629 1397 669 libidines,
1433 637 1471 663 ut
1496 630 1684 671 scribitur,
1719 631 1815 676 quod
1842 631 2024 664 formosae
2051 630 2157 663 colle-

1147 688 1277 727 gerunt
1293 682 1359 716 sibi
1380 682 1524 720 dotem,
1552 689 1591 715 ut
1607 689 1730 727 postea
1752 683 1943 716 nuberent.
1971 683 2157 728 Aegyptus

1146 741 1311 779 tempore
1332 733 1444 767 Mosis
1468 734 1610 774 floruit,
1641 741 1762 779 postea
1785 747 1973 780 nunquam
2003 736 2073 768 tale
2096 735 2158 768 (le-

1149 799 1208 821 cus
1235 784 1382 826 habuit,
1411 798 1486 819 non
1505 786 1571 819 suit
1600 793 1722 830 postea
1752 787 1833 820 talis
1856 799 1918 820 rex
1942 794 1981 821 ut
1998 784 2160 827 Pharao,

1148 851 1265 884 neque
1284 838 1366 872 talis
1381 838 1548 883 princeps
1566 844 1605 872 ut
1624 835 1763 883 Ioseph.
1793 838 1952 872 Massilia
1970 840 2005 875 in
2022 839 2159 883 granffi:

1149 891 1247 936 reid).
1276 903 1348 936 quo
1375 891 1446 922 iam
1474 897 1525 924 est
1551 891 1700 936 appulsa
1731 891 1851 924 classis
1883 891 2051 931 Turcica,
2077 897 2161 925 sunt

1148 942 1323 989 reliquiae
1340 941 1482 976 Ionum.
1531 942 1690 977 Massilia
1708 942 1775 976 fuit
1795 943 1942 976 collecta
1965 956 2006 976 ex
2024 944 2161 988 disper-

1149 996 1196 1030 sis
1222 994 1379 1029 Ionibus.

1255 1046 1314 1081 Vs.
1335 1046 1420 1081 766.
1477 1043 1770 1093 Εὐφροσύνως]
1828 1044 1866 1079 Id
1893 1052 1965 1087 est,
1994 1046 2031 1079 in
2058 1046 2160 1079 laeti-

1151 1099 1200 1132 tia
1229 1100 1403 1132 viventes.
1458 1097 1568 1132 Estne
1592 1097 1660 1131 hoc
1680 1097 1953 1132 Christianum?
1989 1097 2052 1131 lta.
2088 1097 2160 1131 De-

1151 1152 1276 1185 bemus
1292 1151 1440 1191 laetari,
1469 1163 1543 1183 non
1563 1151 1752 1184 securitate
1772 1151 1928 1189 carnali,
1957 1151 2018 1184 sed
2036 1151 2105 1183 fide
2122 1150 2159 1182 in

1151 1203 1290 1243 Deum,
1318 1216 1393 1236 non
1411 1204 1582 1236 debemus
1609 1215 1756 1235 manere
1774 1202 1810 1235 in
1833 1202 2000 1243 tristitia,
2029 1203 2065 1235 in
2091 1203 2160 1235 sre-

1152 1256 1243 1289 niitu
1268 1263 1392 1288 contra
1416 1255 1554 1295 Deum,
1591 1256 1652 1288 sed
1685 1254 1832 1287 eluctari
1864 1261 1928 1288 etc.
1990 1254 2066 1287 Pax
2092 1253 2160 1287 Dei

1152 1313 1275 1352 regnet
1299 1307 1333 1339 in
1354 1308 1523 1340 cordibus
1553 1313 1617 1340 etc.

1257 1358 1317 1392 Vs.
1337 1358 1423 1393 768.
1478 1359 1606 1392 Finem
1625 1356 1784 1406 mortis]
1839 1356 1878 1390 Id
1897 1364 1960 1397 est,
1989 1357 2160 1391 sollicitu-

1152 1411 1272 1445 dinem
1300 1412 1343 1444 de
1362 1418 1490 1445 morte.
1546 1411 1665 1444 Homo
1683 1411 1758 1444 sine
1782 1411 1859 1443 luce
1877 1409 1998 1443 divina
2019 1409 2161 1455 quaerit

1153 1463 1438 1497 consolationem
1463 1464 1753 1509 qualemcunque
1783 1475 1799 1495 a
1832 1461 2018 1495 creaturis.

1255 1514 1313 1549 Vs.
1333 1515 1419 1549 769.
1456 1514 1541 1561 Χρὴ
1562 1512 1772 1562 ΒΙουσῶν]
1801 1514 2031 1558 Exemplum,
2061 1514 2159 1557 quod

1151 1568 1246 1601 docti
1273 1568 1403 1600 debent
1428 1580 1500 1601 esse
1518 1565 1751 1606 κοινωνικοὶ,
1780 1567 1933 1599 libenter
1958 1565 2160 1599 communi-

1152 1627 1232 1653 cent
1253 1620 1478 1659 doctrinam,
1514 1620 1604 1653 sicut
1627 1618 1759 1652 Seneca
1771 1618 1817 1664 36)
1846 1619 1949 1652 dicit:
1994 1615 2159 1651 Philoso-

1152 1670 1235 1717 phia
1261 1673 1306 1704 ad
1331 1672 1398 1704 tria
1430 1672 1604 1716 pertinet:

1256 1723 1280 1757 1.
1318 1724 1375 1757 Ad
1400 1736 1542 1758 sensum
1570 1734 1813 1757 communem.

1290 1774 1349 1810 Ill.
1377 1775 1720 1820 Congregationem.

1256 1829 1290 1862 1.
1319 1829 1373 1860 Ad
1391 1834 1527 1861 rectum
1545 1826 1716 1860 iudicium
1743 1827 1786 1859 de
1806 1824 1966 1860 honestis
1985 1831 2019 1858 et
2044 1824 2159 1869 turpi-

1289 1882 1325 1914 2.
1354 1881 1409 1913 Ad
1438 1878 1804 1913 communicationem
1825 1878 2028 1911 doctrinae.

1258 1931 1412 1965 Seneca:
1449 1932 1502 1966 lN'e
1527 1932 1672 1977 quidem
1701 1930 1914 1975 sapientiam
1940 1927 2029 1962 mihi
2056 1933 2159 1972 opta-

1153 1995 1250 2022 rem,
1277 1983 1304 2016 si
1328 1984 1424 2017 solus
1453 1984 1523 2017 frui
1547 1985 1726 2016 deberem.
1786 1982 1883 2015 Deus
1909 1988 1960 2016 est
1984 1991 2156 2016 κοινωνι-

1872 1721 1913 1757 11.
1943 1721 2159 1755 Humanita-

1151 1783 1236 1810 tem.

1153 1881 1232 1914 bus.

1152 2032 1216 2073 κός
1234 2041 1297 2067 etc.
1335 2037 1512 2070 Movmfiv
1533 2034 1708 2082 ἄφθοναι
1725 2030 1846 2081 θύραι
1855 2033 1913 2080 3⁷).
1967 2033 2156 2066 Musarum

1153 2087 1282 2119 ianuae
1309 2094 1389 2120 sunt
1420 2087 1496 2120 sine
1516 2087 1664 2120 invidia.
1718 2085 1801 2120 Non
1821 2085 1934 2119 invidi
1958 2098 2032 2119 esse
2051 2084 2156 2116 (lebe-

1153 2152 1232 2173 mus
1258 2139 1293 2171 iu
1319 2139 1647 2172 communicatione
1675 2137 1887 2182 sapientiae.
1954 2139 2102 2172 Mofioa
2135 2146 2154 2167 a

1151 2191 1327 2236 μῶσθαι,
1358 2191 1564 2236 inquirere,
1594 2191 1645 2226 ein
1660 2190 1807 2232 ‘Severius
1836 2190 2015 2235 &agetur

1257 2242 1315 2277 Vs.
1334 2243 1420 2276 773.
1444 2239 1734 2289 ’Ax96n021g²⁵⁸)‚
1762 2242 1944 2287 eit153urg.
1974 2238 2155 2285 παίων39)

1152 2307 1170 2327 a
1190 2295 1438 2339 percutiendo.
1466 2294 1551 2327 Inde
1569 2296 1674 2327 credo
1691 2295 1800 2327 etiam
1817 2307 1890 2329 esse
1902 2293 2043 2332 Kittim,
2071 2290 2156 2337 quia

1152 2347 1246 2380 idem
1275 2347 1451 2391 significat
1476 2353 1628 2392 utraque
1658 2359 1738 2380 vox.

1184 2502 1231 2534 36)
1252 2503 1331 2527 Cous.
1352 2504 1473 2526 Senecae
1495 2501 1581 2532 Epist.
1601 2502 1661 2531 six,
1687 2500 1712 2524 in
1733 2506 1785 2530 qua
1804 2500 1838 2522 de
1865 2498 1943 2522 varia
1963 2496 2154 2527 philosophiae

1220 2538 1355 2561 divisione
1374 2539 1440 2568 agit.

1183 2590 1230 2621 37)
1250 2590 1328 2614 Conf'.
1355 2589 1445 2613 simile
1472 2589 1645 2618 proverbium
1664 2584 1848 2619 Ἀιέῳγμίναι
1867 2583 1995 2608 Μουσῶν
2020 2582 2104 2614 θύραι
2126 2583 2151 2606 111

1219 2625 1328 2648 Erasmi
1348 2626 1434 2653 Δάτῳ.
1456 2626 1520 2649 clnl.
1541 2625 1571 2647 ll⁴
1592 2628 1661 2648 cent.
1682 2624 1739 2646 Vll.
1762 2629 1837 2651 prov.
1853 2622 1895 2646 ⁴1.

1183 2677 1230 2705 3⁶⁴¹)
1254 2677 1390 2707 Theognis
1409 2677 1432 2700 11.
1455 2684 1498 2701 vs,
1518 2677 1599 2700 hahet
1618 2674 1700 2699 πόλιν
1723 2672 1820 2705 ἄκρην.

1182 2727 1231 2753 39)
1251 2725 1355 2758 παίων]
1384 2727 1450 2750 haec
1478 2732 1528 2749 vox
1557 2726 1582 2749 in
1603 2724 1769 2755 Theognidis
1795 2722 1918 2747 ert-mine
1947 2723 1971 2746 h.
1993 2722 2009 2747 1.
2031 2727 2084 2745 11011
2106 2720 2150 2743 in-

1218 2763 1341 2785 venitur.
