2421 3005
111 114 183 150 125
504 111 691 147 LXXVIII.

107 213 234 236 munes
257 200 496 234 infirmitates.
548 199 656 234 Item:
685 198 725 232 In
748 198 825 233 Deo
856 207 908 234 est
930 199 1117 245 perfectio,

108 254 145 286 in
168 251 378 287 hominibus
402 265 479 285 non
507 259 570 287 est.

209 304 307 338 Deus
339 306 400 338 dat
430 306 586 338 secunda
622 310 656 337 et
687 303 869 348 adversm]

107 368 247 401 pauper
262 369 334 391 una
352 354 531 397 habitant,
560 356 658 390 Deus
676 356 983 400 facitutrumque.
1019 353 1117 387 Deus
1144 363 1145 402 l

107 408 186 442 vult
215 409 367 455 ialiquos
406 421 480 442 esse
521 420 699 453 pauperes
735 415 769 441 et
798 404 938 453 aliquos
976 406 1145 445 divites,'

106 460 237 505 singuli
259 462 427 500 videant,
456 467 495 494 ut
512 473 551 493 ea
568 461 774 500 vocatione,
804 461 848 492 ad
867 470 976 505 quam
997 457 1118 491 vocati

108 519 212 554 sunt,
242 519 276 546 et
305 525 346 546 eo
377 519 473 547 statu
498 519 594 546 recte
616 518 779 546 utantur.
1144 509 1146 561 γ’

212 573 272 607 Vs.
292 572 380 608 619.
435 572 574 606 Volvor
589 572 742 606 multum
762 572 799 604 in
819 569 1118 614 impossibilitati-

107 624 192 665 bus,
221 625 258 658 in
284 624 448 670 angustia
468 652 477 665 ,
507 626 632 658 dolens
651 625 788 669 corde.]
842 621 1118 668 [inpossibilitas
1144 657 1145 660 ,

109 689 236 710 causae
261 677 346 711 facit
371 677 575 722 angustiam
602 676 726 711 animi.
782 673 991 720 Ἀμήχανος
1015 686 1120 708 usur-

107 735 216 773 patur
234 741 301 774 pro
320 736 565 771 consternato,
593 741 659 774 pro
677 727 877 768 dubitante,
904 727 991 772 quid
1011 739 1118 772 agen-
1144 732 1146 764 ἶ

1143 770 1146 794 ²
1172 777 1214 809 de
1233 776 1427 809 docilitate.

109 781 194 814 dum
221 781 267 814 sit
298 788 363 815 etc.

214 841 274 876 Vs.
298 841 386 878 620.
440 842 612 877 Nondum
640 852 801 886 egressus
827 851 905 872 sum
936 850 976 872 ex
1004 844 1118 871 extre-

109 905 166 926 ma
189 891 431 941 paupertate]
486 894 688 938 Paupertas
708 899 758 927 est
775 891 882 924 etiam
904 891 1000 935 apud
1021 890 1117 924 cives

109 946 319 980 mediocres.
386 945 462 980 Nos
495 943 699 979 scholastici
732 955 855 979 sumus
888 943 925 975 in
958 949 1115 976 extrema

109 1004 334 1042 paupertate.
390 997 538 1032 Crassus
567 998 676 1037 dixit,
713 996 896 1030 neminem
927 1007 1000 1028 esse
1026 995 1116 1028 divi-

110 1055 180 1082 tem
195 1076 203 1090 ,
233 1049 296 1096 qui
316 1061 391 1083 non
414 1050 527 1095 possit
554 1050 626 1084 suis
652 1048 885 1083 facultatibus
905 1047 999 1080 alere
1019 1059 1117 1080 exer-

110 1100 233 1135 citum.
295 1101 374 1135 Hoc
404 1102 541 1136 dictum
570 1102 661 1136 iuste
696 1098 995 1146 reprehenditur,
1032 1098 1116 1144 quia

111 1153 305 1187 exercitum
342 1154 437 1188 alere
470 1167 544 1187 non
571 1161 622 1188 est
654 1154 878 1198 privatarum
904 1151 1115 1184 facultatum

108 1205 216 1239 ullius
237 1203 417 1246 hominis,
452 1206 526 1239 imo
551 1207 658 1239 etiam
685 1205 819 1238 nullius
846 1203 1019 1241 civitatis,
1055 1204 1114 1236 sed

108 1256 251 1301 imperii
278 1263 310 1289 et
340 1256 454 1301 regni.
536 1259 609 1293 Unb
647 1257 730 1292 mirb
759 1254 898 1300 bennod)
926 1255 972 1299 1'111
1001 1253 1117 1299 fdpnct·
1143 1269 1145 1291 ῑ

106 1319 209 1353 gaug.
264 1309 332 1344 mie
359 1308 491 1355 nerra.
528 1310 576 1345 bic
608 1312 649 1345 ba
686 1309 833 1353 {virgeus
871 1309 1021 1342 meroen&
1049 1308 1144 1342 mol.

108 1360 219 1405 junen.
271 1357 314 1395 ‘O
331 1359 490 1405 πόλεμος
514 1360 558 1395 οὐ
585 1361 737 1394 σιτεῖται
752 1358 898 1405 μέτρια,
970 1358 1113 1392 Bellum

107 1424 180 1444 non
205 1411 314 1445 alitur
337 1418 434 1444 certa
454 1423 634 1446 mensura.

209 1471 414 1506 Fridericus
431 1472 536 1506 dixit:
566 1473 668 1518 Strieg
697 1471 735 1516 ist
763 1472 814 1507 ein
841 1471 1000 1507 bobcntoss
1019 1472 1115 1517 bing.
1141 1501 1143 1510 ⁴

107 1523 368 1569 Imperatorem
403 1531 588 1566 nostrum,
631 1536 853 1571 quamquam
896 1536 972 1556 non
1006 1511 1144 1568 saepel

107 1576 220 1617 ridet,
263 1583 384 1610 tamen
417 1577 541 1611 dicunt
581 1576 789 1616 subridere,
834 1577 981 1621 quando
1014 1576 1115 1609 audit

107 1628 248 1675 aliquos
266 1641 398 1673 parvos
416 1629 585 1664 dominos
610 1641 683 1663 esse
709 1628 857 1673 cupidos
883 1628 980 1662 belli.
1034 1626 1112 1672 Ipse

108 1680 216 1714 etiam
241 1680 437 1725 aliquando
463 1688 560 1715 stans
592 1682 628 1714 in
661 1681 750 1714 colle
783 1686 865 1713 ante
900 1692 959 1713 sex
987 1692 1115 1720 annos,

107 1731 301 1777 inspiciens
325 1732 519 1765 exercitum
537 1739 746 1766 nostrorum
767 1731 973 1776 principum
988 1759 997 1771 ,
1026 1732 1113 1765 dixit

108 1785 154 1818 ad
187 1784 362 1829 aliquem:
420 1783 556 1819 Omnes
589 1785 645 1818 isti
681 1790 764 1818 suut
794 1783 995 1817 Germani?
1050 1783 1115 1818 Ita.

107 1836 214 1871 Nulla
235 1842 286 1870 est
303 1836 493 1881 peregrina
520 1836 644 1869 natio?
699 1836 795 1870 Nou.
851 1834 932 1868 Cito
959 1837 1114 1869 deerunt

107 1888 177 1922 illis
199 1888 375 1934 sapientia
396 1895 429 1922 et
458 1889 623 1934 pecunia.
677 1887 723 1922 Et
740 1887 848 1927 abiit,
879 1887 978 1920 etita
1006 1888 1113 1920 etiam

109 1941 250 1975 accidit.

211 2001 290 2037 Vss.
309 2002 381 2038 621
399 2015 452 2049 sq.
508 2001 766 2048 Unusquisque
783 1997 941 2033 honorat
966 1998 1115 2033 divitem

108 2061 143 2088 et
161 2053 309 2100 negligit
334 2067 552 2100 pauperem3
581 2056 706 2089 eadem
733 2065 833 2087 mens
856 2053 891 2085 in
916 2049 982 2086 hac
1008 2064 1046 2086 re
1066 2058 1117 2086 est

108 2108 289 2141 omnibus.

210 2168 289 2203 Vss.
308 2167 383 2203 623
409 2180 463 2214 sq.
518 2167 648 2201 Omnis
676 2166 817 2212 generis
843 2165 1004 2199 malitiae
1033 2172 1118 2199 sunt

108 2220 202 2253 inter
235 2218 422 2260 homiues,
459 2220 602 2253 fraudes
637 2226 671 2253 et
702 2219 801 2252 varia
834 2218 1006 2257 artificia,
1041 2230 1117 2250 ma-

108 2270 334 2306 chinationes
360 2272 501 2317 victus]
557 2271 594 2305 ld
616 2278 686 2312 est,
716 2272 765 2307 bie
792 2271 940 2316 {Ratung
966 2269 1004 2313 ist
1020 2280 1115 2305 matt:

109 2325 240 2370 (betlel).
294 2324 403 2357 Varia
422 2331 505 2358 sunt
521 2324 690 2365 consilia,
720 2321 870 2358 honesta
894 2329 928 2357 et
948 2322 1116 2367 probabi-

107 2378 153 2410 lia
180 2377 303 2411 etiam.

210 2437 271 2472 Vs.
288 2436 375 2473 625.
424 2435 662 2485 Ἀργαλίον]
696 2435 910 2469 Admonitio
934 2436 978 2468 de
1000 2434 1116 2468 vitan-

108 2490 161 2524 dis
180 2502 254 2523 non
278 2490 394 2529 sanis,
423 2497 462 2523 ut
490 2490 548 2522 ille
580 2489 776 2533 obiurgans
793 2487 949 2522 ebrium.
1001 2488 1113 2524 ann

107 2543 196 2578 einer
223 2543 281 2577 mil
299 2543 457 2588 prebigen
475 2543 533 2585 bct)
553 2541 825 2586 unverstenbigen
845 2539 976 2575 Reuten.
1019 2540 1114 2572 (Jon-

108 2594 247 2628 cionari
266 2595 448 2629 fascinatis
467 2595 545 2628 aliis
571 2594 805 2639 opinionibus
830 2591 886 2624 vel
911 2592 1113 2627 furentibus

108 2653 160 2681 est
177 2646 340 2681 stultitia.

211 2698 344 2743 Sapere
364 2698 459 2742 apud
478 2711 552 2732 non
570 2697 782 2741 sapientem,
798 2696 963 2730 odiosum
985 2703 1020 2730 et
1036 2708 1114 2729 mo-

108 2750 234 2784 lestum
269 2757 320 2785 est
349 2750 515 2794 sapienti.
577 2750 737 2786 &stetten
774 2748 812 2793 ist
848 2754 907 2794 gut
946 2750 1114 2795 prebigcn.

744 111 1039 147 EXPLICATIO
1073 111 1463 148 SENTENTIARUM
1501 113 1810 150 THEOGNIDIS.

938 301 1049 335 Dives
1083 307 1118 334 et
1144 345 1145 362 ¹

2104 121 2175 156 126

1176 199 1272 240 Τοὺς
1289 200 1468 241 συνίτους
1483 200 1517 236 δ’
1531 200 1578 236 ἂν
1598 201 1787 250 πείσειςΜ)
1806 201 1963 248 τάχιστα
1986 204 2106 253 λέγων
2123 204 2177 243 tgr.

1172 253 1376 299 &opbistem
1404 253 1611 299 monsinnigc
1636 256 1731 290 geute
1760 258 1825 291 unb
1857 257 1906 291 bie
1934 258 2031 302 irrigc
2058 258 2178 303 stiipffe

1172 305 1296 349 baben,
1321 304 1419 349 [affert
1438 306 1495 352 sid)
1516 307 1602 352 nicht
1619 308 1773 344 bebcutcn
1792 310 1858 344 unt)
1878 308 2046 353 sd>1ieffem
2076 309 2181 344 Chri-

1172 364 1245 392 stus
1264 358 1329 403 ⁹3):
1375 358 1496 393 Nolite
1526 360 1682 393 obiicere
1715 361 1930 405 margaritas
1960 362 2080 406 porcis
2114 369 2180 397 etc.

1173 409 1288 444 Canes
1322 417 1426 451 sunt,
1471 412 1533 457 qui
1563 418 1703 446 tantum
1738 419 1920 459 quaerunt
1953 414 2179 448 occasionem

1172 462 1414 503 dilacerandi,
1443 463 1505 508 qui
1529 465 1659 497 ardent
1686 464 1769 498 odio
1787 463 1995 509 Evangelii,
2025 467 2086 512 qui
2111 465 2180 500 hoc

1173 520 1285 558 agunt
1316 526 1391 547 non
1424 521 1463 548 ut
1503 516 1660 557 discant,
1701 517 1872 557 audiant,
1914 518 2103 551 conserant
2143 519 2180 551 in

1172 578 1387 607 commuue,
1416 567 1545 601 nolunt
1574 566 1721 604 πείθειν
1748 566 1812 604 καὶ
1829 566 2047 606 πείθεσθαι.
2097 571 2180 606 Qu}

1171 617 1218 659 fot
1247 629 1325 654 man
1349 619 1454 664 tbun„
1486 617 1632 655 πείθειν
1658 619 1719 654 καὶ
1739 619 1958 657 πείθεσθαι.
2013 621 2104 657 man
2133 622 2179 663 fol

1172 672 1225 716 fid)
1254 671 1354 715 [offen
1382 672 1587 707 conclubircn
1612 675 1678 707 nub
1707 671 1842 715 metten.
1871 683 1967 709 menn
1995 685 2074 709 man
2106 676 2180 710 eins

1172 726 1297 759 anbetn
1323 723 1423 768 rethre
1451 725 1608 769 meinung
1627 726 1830 770 9ε1)ὁι’ΐῐ)ατ.
1885 725 1949 759 Est
1974 727 2180 760 admonitio

1482 777 1588 821 Apud
1606 777 1738 811 dociles
1759 784 1810 812 est
1827 778 2030 811 docendum

1276 828 1353 862 Vss.
1373 827 1447 863 629
1469 841 1521 873 sq.
1576 829 1752 863 Pubertas
1772 836 1805 862 et
1826 830 2068 864 adolescentia
2096 830 2181 863 facit

1171 880 1306 921 levem,
1336 880 1567 913 temerariam
1595 887 1752 914 mentem
1774 881 1863 922 viri,
1891 883 1953 916 sed
1971 880 2094 922 trahit,
2124 895 2182 915 ex-

1171 933 1285 966 trudit
1312 933 1511 966 multorum
1532 933 1673 967 animos
1698 934 1743 966 ad
1768 932 1962 983 errorem.]
2018 933 2181 968 iuniores

1143 1001 1145 1007 ⁴
1171 992 1254 1019 sunt
1274 985 1483 1019 mobiliores
1502 991 1535 1018 et
1560 985 1766 1025 temerarii,
1793 984 1860 1019 hoc
1884 993 1936 1020 est
1966 986 2181 1020 familiarius

1172 1037 1229 1071 isti
1259 1037 1367 1070 aetati
1393 1037 1574 1072 imbecilli.
1631 1037 1803 1072 Ovidius:

1456 1098 1516 1121 Xon
1536 1097 1629 1120 onmia
1648 1098 1763 1129 segnior
1782 1099 1860 1121 aetas

1525 1132 1673 1156 veteriora
1694 1136 1780 1158 tenet.

1276 1173 1522 1221 Salomonffly
1551 1175 1708 1209 Stultitia
1738 1176 1881 1220 alligata
1905 1182 1956 1209 est
1975 1176 2182 1210 adolescen—

1172 1227 1277 1260 tibus.
1339 1226 1527 1273 Paulusiffi)
1557 1228 1660 1261 dicit:
1698 1227 1899 1272 Episcopus
1925 1240 2000 1261 nou
2029 1229 2073 1262 sit
2100 1226 2181 1264 νεό-

1171 1291 1308 1324 ᾳυῖος,
1352 1279 1386 1311 id
1422 1286 1492 1320 est,
1529 1281 1580 1316 ein
1608 1281 1772 1325 fficuling.
1828 1280 1984 1314 Tirones
2021 1288 2181 1314 recentes

1142 1346 1144 1358 ι
1171 1328 1305 1363 habent
1332 1331 1489 1365 maiores
1517 1334 1560 1365 de
1587 1345 1622 1366 se
1646 1333 1856 1377 opiniones,
1885 1345 1993 1378 quam
2016 1332 2088 1373 illi,
2118 1333 2181 1379 qui

1171 1382 1233 1415 diu
1255 1382 1291 1415 in
1310 1395 1348 1415 re
1367 1383 1498 1417 versati
1528 1391 1630 1425 sunt,
1659 1385 1720 1430 qui
1746 1384 1863 1418 sciunt
1888 1384 2179 1428 magnitudinem

1171 1441 1270 1468 artis.

1275 1485 1352 1520 Vss.
1372 1486 1443 1520 631
1469 1500 1546 1533 sqq.
1589 1488 1662 1522 XL.
1692 1488 1746 1522 De
1774 1488 1846 1528 ira,
1885 1495 1918 1521 et
1955 1489 2109 1533 pertinet
2135 1489 2181 1521 ad

1171 1538 1337 1584 quintum
1364 1548 1616 1584 praeceptum:
1647 1541 1729 1576 lN'on
1748 1541 1900 1574 occillas.

1273 1590 1389 1625 Iratus
1408 1593 1518 1625 multa
1541 1600 1674 1637 peccat.
1730 1592 1976 1639 Horaitius⁰⁶):
2004 1591 2057 1625 Ira
2078 1593 2180 1625 furor

1169 1643 1288 1677 brevis
1315 1651 1377 1678 est.
1432 1643 1571 1679 ,Πανία
1592 1644 1774 1691 βραχεῖα,
1813 1645 1930 1691 inquit
1956 1645 2179 1678 Aristoteles.

1170 1694 1280 1735 Item,
1310 1696 1361 1728 ira
1386 1703 1558 1740 operatur
1575 1698 1777 1731 stultitiam.

1275 1747 1336 1781 Vs.
1363 1747 1449 1781 631.
1505 1748 1569 1782 Cui
1600 1763 1675 1782 non
1700 1762 1801 1783 mens
1827 1749 1966 1782 firmior
1993 1756 2042 1783 est
2069 1761 2178 1794 quam

1171 1800 1253 1846 ira.]
1308 1799 1380 1833 Ubi
1399 1812 1473 1832 non
1493 1801 1648 1846 imperat
1665 1802 1759 1834 ratio
1778 1802 1866 1835 irae.

1273 1851 1352 1886 Vss.
1372 1852 1443 1886 631
1467 1865 1518 1898 sq.
1573 1854 1723 1897 Semper
1750 1853 1841 1886 iacet
1864 1853 1901 1885 iu
1929 1852 2069 1896 magnis
2086 1851 2179 1884 cala-

1171 1904 1358 1938 mitatibus
1381 1912 1414 1937 et
1443 1904 1597 1951 e1·ratis.]
1659 1904 1700 1938 In
1726 1904 1809 1950 Cyri
1842 1904 1970 1949 paedia
1998 1915 2177 1949 nusquam

1172 1956 1338 1990 irascitur
1356 1956 1470 2002 Cyrus
1487 1969 1550 2002 per
1567 1964 1682 1991 totum
1701 1957 1846 1990 librum.
1902 1956 2179 2002 Qualiacunque

1171 2007 1242 2042 sint
1258 2009 1388 2042 ducum
1407 2015 1566 2053 peccata,
1583 2016 1705 2043 tamen
1722 2010 1820 2042 nulla
1840 2008 1970 2052 legitur
1990 2008 2065 2042 eius
2083 2020 2180 2040 com·

1173 2060 1309 2101 motio,
1337 2061 1436 2094 nulla
1456 2061 1669 2105 significatio
1694 2062 1789 2102 irae,
1819 2061 1941 2094 omnia
1968 2060 2053 2094 facit
2070 2060 2179 2104 placi-

1171 2113 1328 2147 dissime.
1385 2112 1510 2146 Cicero
1532 2115 1658 2147 eodem
1679 2114 1788 2147 modo
1816 2113 1940 2147 laudat
1959 2112 2179 2157 Scipionem.

1171 2164 1268 2199 [dem
1287 2165 1453 2209 obiurgat
1471 2164 1516 2210 Q.
1543 2166 1690 2199 fratrem
1705 2194 1714 2207 ,
1738 2168 1835 2212 quod
1854 2171 2057 2210 sumpserat
2083 2170 2179 2197 atro-

1172 2219 1223 2252 cia
1240 2217 1415 2263 supplicia
1437 2219 1480 2250 de
1506 2218 1720 2262 quibijisdam
1739 2218 1818 2265 968).
1873 2217 2025 2262 Sapiens
2049 2217 2178 2260 guber-

1171 2278 1278 2304 nator
1304 2271 1410 2303 etiam
1441 2269 1560 2304 minus
1585 2271 1690 2311 facit,
1726 2271 1845 2315 potius
1869 2276 1992 2315 peccat
2018 2269 2178 2308 lenitate,

1171 2324 1261 2357 sicut
1298 2323 1334 2355 in
1370 2322 1448 2355 Deo
1486 2322 1620 2356 eminet
1654 2324 1809 2357 bouitas.
1873 2321 1912 2355 ln
1945 2321 2093 2366 epistola
2125 2319 2178 2352 Ia-

1172 2375 1249 2408 cobi
1273 2375 1378 2420 1.⁹⁷):
1427 2374 1676 2409 Misericordia
1705 2382 1851 2420 superat
1879 2374 2064 2407 iudicium.
2120 2372 2177 2404 Sic

1205 2463 1254 2490 92)
1274 2459 1390 2492 πείσεις]
1415 2460 1456 2485 sic
1474 2460 1596 2491 scripsi3
1628 2461 1677 2486 Ed.
1700 2461 1774 2485 1560.
1800 2460 1887 2485 πείσε.
1906 2472 1940 2477 -
1967 2458 2045 2482 Cous.
2067 2456 2176 2482 Erasmi

1241 2497 1329 2526 Adag.
1350 2496 1413 2520 clu'l.
1433 2496 1453 2520 1.
1473 2499 1546 2521 cent.
1562 2496 1592 2519 tl.
1615 2502 1694 2527 prov.
1712 2496 1752 2520 12.

1203 2542 1253 2571 93)
1271 2543 1368 2566 Manu.
1389 2542 1422 2571 7,
1441 2542 1466 2565 6,

1203 2588 1252 2614 94)
1273 2586 1358 2610 Prov.
1377 2585 1430 2616 22,
1453 2586 1493 2609 ¹5.

1203 2633 1250 2662 95)
1275 2632 1296 2656 t.
1315 2630 1383 2654 Tim.
1403 2630 1430 2659 3,
1451 2631 1476 2654 6.

1202 2677 1250 2703 96)
1271 2676 1370 2700 Horat.
1390 2674 1478 2705 Epist.
1499 2674 1528 2703 1,
1547 2674 1580 2703 2,
1599 2673 1643 2696 62.

1201 2718 1272 2750 ssa)
1293 2718 1348 2743 Cir.
1369 2718 1450 2748 epist.
1469 2717 1502 2742 ad
1524 2719 1554 2747 Q.
1579 2717 1693 2740 fratrem
1715 2715 1734 2738 Ι.
1758 2715 1780 2739 1.
1801 2722 1824 2739 c.
1843 2714 1885 2739 13.

1202 2762 1250 2793 97)
1271 2762 1324 2786 lac.
1344 2762 1378 2793 2,
1401 2761 1440 2785 13.
