2421 3005
7 1204 10 1206 ’
55 1201 182 1241 tuetis,
210 1201 283 1234 utri
306 1213 403 1235 nunc

14 2699 25 2713 J

28 2717 54 2730 r

54 111 133 147 633
380 109 469 144 XCI.

53 204 86 230 te
114 196 322 235 inferiores,
359 197 388 230 si
412 208 522 229 manu
549 196 807 229 decertandum
833 195 898 234 sit,
935 201 1056 227 tamen
1079 196 1085 237 ’ρ

51 261 160 282 nemo
187 260 337 288 eorum,
365 254 406 282 ut
428 255 485 288 tu,
513 259 654 281 mecum
680 245 739 280 hic
762 248 799 280 in
816 246 950 281 iudicio
973 257 1057 278 con-
1080 232 1085 278 l

50 300 168 334 tendit
193 301 236 333 de
262 312 383 333 rerum
409 306 589 344 gestarum
617 299 752 343 gloria3
796 301 856 332 sed
879 297 1053 331 nimirum
1082 312 1083 316 ¹

51 350 89 386 hi
105 364 230 386 omnes
250 352 474 396 intelligunt,
504 357 641 397 quanto
661 352 739 396 plus
758 350 930 396 praesidii
950 350 995 384 sit
1018 350 1053 382 in
1081 327 1084 387 l

51 404 286 450 prudentium
313 403 489 444 consiliis,
519 415 626 449 quam
646 403 887 448 pugnantium
907 402 1054 435 viribus.
1080 443 1083 453 ,

53 457 111 491 Tu
137 457 282 503 quidem
309 457 352 489 ad
372 468 471 489 arma
496 462 707 500 promptus,
735 457 795 490 sed
822 454 1054 490 temerarius;
1080 466 1083 495 Ι

51 516 91 543 tu
110 510 296 549 robustus,
325 509 385 541 sed
405 508 538 541 nullius
554 508 692 541 consilii
713 520 766 541 es:
798 520 862 551 ego
888 507 925 539 in
948 506 1055 539 rebus
1081 498 1083 531 Ι

53 561 218 606 gerendis
240 560 435 604 provideo,
471 561 554 606 quid
573 561 733 593 futurum
759 559 815 592 sit.
869 559 927 592 Tu
954 558 1055 591 miles
1081 549 1083 556 Ι

53 613 280 651 dimicand03
316 614 358 645 de
389 619 552 656 tempore
579 612 776 645 dimicandi
802 613 1054 655 Agamemnon
1081 623 1083 649 ς

51 677 192 698 mecum
218 664 405 698 deliberat.
474 664 532 697 Tu
565 670 706 697 tantum
730 664 861 708 prodes
890 673 1056 706 corpore,

52 729 118 762 ego
147 716 282 750 animo.
336 716 381 749 Et
407 716 435 749 si
459 717 576 749 dicere
596 716 698 755 licet,
727 721 902 760 quantum
929 714 1057 758 guber-
1082 707 1085 743 ἶ

52 775 161 802 nator
183 768 286 802 navis
308 769 454 811 remigi,
490 774 664 814 quantum
690 768 762 800 dux
784 766 911 805 militi,
940 777 1058 811 quan-

51 827 130 854 tum
147 820 304 866 denique
320 827 463 865 pectus,
495 821 532 852 in
553 832 625 864 quo
652 819 770 852 omnis
794 819 909 852 nostri
929 829 1058 862 corpo-

51 872 102 907 ris
125 872 179 906 vis
202 879 273 913 est,
300 872 424 905 manui
448 878 625 916 praestat,
653 877 794 904 tantum
822 883 886 915 ego
905 870 970 903 tibi
996 881 1060 902 an-

54 922 218 958 tecello,''

107 984 167 1020 Vs.
186 985 273 1019 370.
304 986 352 1019 At
378 996 450 1026 vos,
487 997 504 1018 ο
526 996 700 1028 proceres,
737 984 832 1028 viyili
856 984 934 1017 daie
957 994 1061 1026 prae-

370 1039 439 1070 mia
462 1042 581 1071 vestro.

56 1096 248 1132 Conclusio
268 1109 333 1141 per
353 1097 644 1130 obtestationem.
1087 1092 1089 1121 l

161 1149 295 1194 „Quae
323 1162 403 1182 cum
432 1149 480 1182 ita
510 1149 602 1189 siut,
629 1146 829 1193 principes,
864 1146 966 1179 facile
992 1152 1060 1179 sta-

430 1214 530 1234 arma
557 1201 634 1233 iure
656 1199 835 1232 tribuatis.
898 1198 958 1231 Me
984 1198 1061 1244 qui-

55 1254 136 1287 dem
169 1257 231 1296 (ut
259 1256 389 1297 spero)
425 1265 500 1286 non
534 1251 747 1285 fraudabitis
780 1251 848 1284 isto
883 1250 1061 1295 praemio,

56 1306 155 1351 quod
179 1311 263 1349 peto
292 1317 358 1349 pro
386 1304 517 1349 vigiliis
543 1311 576 1337 et
594 1303 779 1337 laboribus
798 1302 970 1347 susceptis
996 1314 1061 1346 pu-

54 1357 169 1390 blicae
185 1356 309 1390 salutis
327 1369 444 1390 causa.
498 1356 699 1389 Victoriam
718 1352 857 1388 habetis
883 1354 920 1386 in
946 1353 1062 1387 mani-

54 1409 139 1447 bus;
168 1420 247 1441 mea
273 1408 368 1441 enim
389 1421 497 1453 opera
520 1409 639 1448 effeci,
667 1414 707 1441 ut
725 1404 816 1439 nihil
834 1407 905 1439 iam
933 1407 1061 1446 obstet,

57 1473 131 1507 quo
157 1460 276 1494 minus
294 1459 406 1493 Troia
435 1460 513 1505 capi
540 1460 665 1505 possit.
728 1458 850 1503 Quare
875 1471 938 1502 per
965 1470 1062 1491 com-

55 1524 205 1546 munem
240 1524 361 1557 spem,
405 1524 470 1557 per
502 1519 666 1557 optatum
695 1511 830 1544 Troiae
862 1510 1063 1550 interitum,

56 1576 122 1610 per
136 1563 253 1604 Deos,
281 1577 372 1610 quos
391 1562 555 1598 hostibus
573 1563 710 1609 eripui,
737 1575 802 1597 vos
820 1575 898 1603 oro,
927 1562 955 1596 si
975 1562 1062 1608 quid

57 1616 240 1661 sapienter
269 1622 304 1649 et
326 1616 568 1660 periculosum
601 1616 779 1661 agendum
808 1621 990 1659 superest,
1026 1614 1063 1647 in

59 1680 131 1715 quo
148 1667 325 1702 industria
347 1674 380 1701 et
397 1669 484 1702 fides
503 1681 579 1702 mea
605 1668 707 1701 vobis
731 1667 813 1701 usui
841 1679 915 1701 esse
938 1667 1063 1711 possit,

57 1727 99 1754 ut
116 1720 187 1754 mei
205 1720 383 1753 rationem
401 1718 584 1760 habeatis,
614 1727 693 1759 aut,
722 1719 751 1753 si
771 1719 921 1752 omnino
944 1731 1064 1752 cense-

58 1773 104 1806 tis
138 1784 238 1805 arma
274 1770 366 1805 mihi
402 1773 611 1815 deneganda
651 1783 744 1811 esse,
789 1778 875 1804 tunc
911 1771 1065 1811 Palladi,

61 1824 160 1857 cuius
178 1824 285 1857 fatale
304 1825 444 1868 signum
465 1836 507 1857 en
529 1824 674 1863 vidctis,
703 1836 741 1855 ea
762 1821 999 1856 consecrate.''

110 1884 188 1918 Vss‚
204 1884 281 1919 382
298 1898 350 1930 sq.
381 1887 479 1919 Muta
495 1898 616 1918 munus
626 1897 802 1928 procerum
819 1890 878 1925 est,
907 1890 956 1924 ei,

371 1936 538 1980 facundia
551 1940 658 1980 possit
676 1937 719 1982 ¹⁶)
731 1963 742 1977 ‚

986 1885 1067 1929 quid

113 1990 163 2021 Re
178 1990 303 2030 patuit.

60 2047 217 2081 Effectus
234 2049 462 2093 eloquentiae
479 2048 537 2093 (ut
554 2048 676 2094 inquit
686 2048 828 2093 CIcero)
849 2054 901 2081 est
917 2046 1065 2080 audien·
1092 2029 1095 2069 Ῐ

62 2099 152 2134 tium
171 2100 455 2145 approbatio¹⁷).
496 2099 620 2146 ltaque
641 2100 785 2146 Ulysses
804 2106 843 2132 ut
863 2097 974 2132 homo
994 2098 1066 2132 elo·
1092 2070 1095 2176 1

63 2164 198 2197 quens,
238 2163 371 2196 magno
397 2152 573 2196 applausu
604 2153 745 2186 locutus
773 2151 932 2195 fingitur.
1002 2149 1067 2184 Est

62 2209 182 2237 autem
200 2200 288 2236 haec
304 2204 486 2236 contentio
504 2201 664 2238 hominis
683 2203 884 2249 eloquentis
902 2215 981 2236 cum
1001 2200 1066 2235 ho-

62 2255 159 2288 mine
182 2255 378 2295 bellatore,
417 2256 564 2288 conficta
591 2256 649 2302 (ut
678 2268 786 2301 supra
815 2255 989 2301 diximus)
1021 2255 1066 2287 ad

62 2307 297 2340 minuendam
314 2305 547 2340 Thrasonum
575 2308 842 2352 arrogantiam,
872 2307 934 2353 qui
953 2319 971 2340 a
993 2305 1095 2340 stu-

64 2358 132 2393 diis
156 2358 359 2392 litterarum
391 2359 520 2399 alieni,
561 2360 604 2392 de
633 2360 733 2393 nulla
762 2372 800 2393 re
827 2360 918 2392 bene
946 2358 1064 2392 existi—
1092 2334 1095 2392 l

63 2416 184 2451 mant,
213 2411 282 2444 nisi
306 2411 350 2444 de
374 2423 412 2444 re
430 2411 597 2444 militari:
627 2411 663 2444 id
682 2412 779 2457 quod
799 2417 903 2456 poeta
924 2411 961 2444 in
983 2412 1065 2450 fine,
1092 2395 1095 2438 l

63 2462 167 2508 quasi
190 2462 367 2496 insultans
392 2463 703 2507 contemptoribus
731 2463 977 2509 eloquentiae,
1011 2459 1094 2494 in-

63 2514 179 2553 dicat,
207 2526 287 2548 cum
305 2515 355 2547 ait
379 2514 454 2557 (Vs.
474 2515 599 2561 383.):

111 2573 278 2620 sortisque
295 2577 362 2609 viri
376 2577 456 2609 tulit
473 2588 572 2609 arma
586 2577 746 2609 disertus.

99 2693 143 2725 16)
159 2693 325 2725 possit]3sic
341 2693 424 2718 Editt.
442 2693 529 2717 ¹555..
552 2692 643 2722 1559.-,
666 2692 744 2716 Ovid.
766 2691 815 2715 Ed.
830 2691 939 2717 Mitsch.
957 2694 1066 2723 posset.

99 2744 144 2778 ¹⁷)
163 2746 221 2771 cic.
241 2747 354 2775 Quaest.
375 2746 455 2769 Tusv.
471 2745 504 2768 11.
529 2746 552 2776 1,
571 2745 595 2768 3.

524 107 812 144 ENARRATIO
845 106 977 141 LIBRI
1006 105 1096 141 XIII.

1089 1553 1091 1583 3,
1117 1549 1248 1582 civium
1274 1548 1464 1582 diiudicari
1492 1555 1526 1582 et
1552 1548 1675 1581 dirimi
1699 1547 1849 1593 possint.

1089 1609 1091 1629 ³
1117 1608 1280 1646 tempore
1298 1601 1383 1645 ipsis
1404 1600 1626 1645 principibus
1640 1599 1879 1634 necessariam
1898 1610 1971 1631 esse
1989 1598 2040 1630 rei
2059 1597 2124 1629 mi-

1092 1815 1093 1841 }
1119 1809 1208 1843 toris
1232 1809 1385 1842 dictum:

1118 2597 1230 2631 fatali.

1134 105 1612 142 METAMORPHOSEON
1649 106 1809 143 OVIDII.
2037 111 2112 147 634

1109 192 1290 228 Lutherus
1312 194 1449 227 solebat
1475 194 1612 233 dicem,
1641 195 1778 240 equites
1805 196 1888 229 licet
1904 203 2111 230 contemne-

1110 253 1191 279 rent
1219 259 1306 291 prae
1337 259 1372 280 se
1400 246 1599 285 litteratos,
1643 252 1675 278 tx.
1667 259 1764 279 men
1794 260 2005 291 agnoscere,
2039 255 2113 283 stu‘

1081 283 1206 331 dium
1250 305 1414 345 equestre
1448 310 1521 332 esse
1554 298 1704 332 inferius
1741 300 1860 332 studio
1886 300 2003 333 littera
1999 314 2110 334 ·rum:

1109 350 1262 396 ideoque
1279 351 1424 384 abiectis
1443 350 1564 384 caudis
1583 350 1743 396 equinis,
1772 364 1860 396 quas
1879 353 1962 385 olim
1983 360 2067 396 gest
2062 365 2114 387 ts-

1109 409 1205 442 sent,
1235 415 1330 436 nunc
1350 403 1561 447 imposuisse
1579 402 1645 436 sibi
1664 414 1820 447 pennas,
1850 410 1883 436 et
1902 402 2034 437 babere
2053 417 2112 438 eas

1110 455 1146 487 in
1170 455 1303 487 vertice
1329 455 1454 499 capitis
1483 461 1657 500 tanquam
1684 461 1873 499 tropaeum
1902 468 1918 487 a
1946 456 2112 490 litteratis

1110 506 1278 551 positum.
1327 507 1418 541 Nam
1441 507 1514 550 ipse
1532 519 1688 551 pennas,
1708 507 1897 540 artificium
1920 509 2112 548 scribendi,

1081 573 1083 601 3
1110 559 1188 591 ioco
1209 559 1480 603 interpretatur.

1359 644 1553 689 Clypeus
1582 643 1782 680 Achillis
1810 645 1868 693 18).

1213 711 1382 753 Achillis,
1406 714 1538 746 summi
1556 714 1751 753 bellatoris,
1769 715 1913 760 clypeus
1932 726 2004 746 non
2025 714 2116 746 otio-

1111 766 1177 806 sis,
1214 767 1273 800 sed
1303 765 1452 799 eruditis
1479 766 1627 810 picturis
1653 773 1821 807 ornatus,
1856 768 2027 799 admouet
2052 765 2117 799 lio*-

1112 825 1230 852 nestas
1246 818 1447 851 litterarum
1466 824 1560 851 artes
1576 818 1799 862 principibus
1817 824 1851 851 et
1873 818 2053 863 praesidio
2083 824 2117 850 et

1085 908 1087 915 Ι
1115 877 1329 904 ornamento
1347 882 1441 910 esse,
1466 882 1663 916 earumque
1685 872 1901 903 tuendarum
1922 883 2043 902 curam
2071 882 2116 902 ne

1086 919 1087 950 ἶ
1114 924 1208 956 inter
1233 935 1332 955 arma
1360 923 1505 967 quidem
1541 935 1614 956 esse
1645 923 1913 966 deponendam.

1983 921 2117 954 Home-

1115 987 1175 1009 rus
1199 974 1267 1021 ¹⁹)‚
1310 976 1406 1008 unde
1437 973 1525 1008 haec
1560 975 1698 1019 pictura
1731 974 1846 1020 clypei
1876 980 2018 1018 sumpta
2054 979 2118 1013 est,

1116 1027 1425 1071 fingitVulcanum
1449 1027 1484 1059 in
1506 1039 1547 1060 eo
1568 1027 1760 1061 fabricasse
1779 1033 1958 1060 astrorum
1983 1038 2119 1064 cursus,

1115 1079 1280 1124 nuptias,
1309 1079 1440 1112 iudicia
1465 1079 1643 1117 forensia,
1673 1078 1756 1112 item
1783 1078 1942 1123 proelia,
1972 1085 2005 1111 et
2026 1077 2118 1110 obsi-

1115 1132 1262 1165 dionem
1288 1131 1405 1164 urbis:
1436 1144 1527 1175 quae
1550 1131 1696 1176 quidem
1724 1130 2008 1175 sapientissimus
2034 1141 2119 1174 poe-

1087 1193 1090 1211 ?
1116 1190 1149 1216 ta
1175 1184 1257 1217 ideo
1284 1183 1321 1216 in
1343 1183 1466 1228 clypeo
1492 1183 1677 1217 fortissimi
1696 1183 1868 1227 principis
1893 1182 2118 1226 depingenda

1116 1237 1237 1276 duxit,
1262 1242 1302 1268 ut
1325 1236 1490 1275 doceret,
1519 1241 1713 1281 utramque
1737 1247 1880 1274 curam,
1910 1240 1943 1267 et
1966 1234 2062 1279 pacis
2087 1239 2121 1266 et

1115 1289 1212 1328 belli,
1241 1289 1286 1321 ad
1309 1287 1490 1332 principes
1506 1287 1701 1332 pertinere.
1757 1286 1828 1320 Eos
1852 1287 1958 1319 rebus
1985 1285 2121 1330 pacatis

1116 1341 1245 1373 debere
1271 1352 1393 1373 curam
1427 1337 1616 1380 adhibere,
1657 1346 1698 1373 ut
1721 1337 1957 1372 honestarum
1987 1337 2120 1370 artium

1088 1408 1089 1422 ι
1115 1393 1232 1427 studia
1253 1392 1426 1432 floreant,
1455 1398 1494 1425 ut
1511 1392 1564 1426 ius
1583 1391 1810 1425 matrimonii
1828 1397 1962 1424 castum
1984 1396 2017 1422 et
2035 1389 2121 1433 legi-

1088 1450 1089 1454 ’
1116 1445 1244 1478 timum
1276 1451 1470 1484 teneatur,
1513 1450 1624 1490 utque
1658 1451 1752 1478 recte
1789 1442 2055 1476 constituantur
2089 1447 2123 1474 et

1117 1503 1351 1530 exerceantur
1368 1496 1497 1529 iudicia
1512 1524 1520 1536 ‚
1549 1496 1679 1542 quibus
1697 1494 1966 1530 controversiae
1992 1501 2025 1526 et
2043 1493 2123 1526 lites

1915 1545 2007 1578 Belli
2036 1557 2122 1578 vero

1117 1653 1232 1687 litaris
1255 1653 1462 1691 scientiam,
1491 1659 1531 1686 ut
1554 1654 1746 1686 defendere
1772 1651 1885 1690 cives,
1916 1656 1950 1683 et
1975 1649 2124 1694 propul-

1117 1717 1195 1739 sare
1215 1703 1335 1739 hostes
1360 1711 1506 1751 queant.
1561 1706 1615 1739 Ad
1642 1703 1735 1738 hanc
1752 1700 1907 1736 Achillei
1932 1702 2047 1748 clypei
2068 1700 2124 1745 pi-

1119 1765 1257 1790 cturam
1287 1758 1518 1790 referendum
1552 1764 1603 1790 est
1629 1757 1718 1790 illud
1745 1754 1935 1789 Iustiniani
1964 1752 2124 1798 Impera—

1422 1809 1695 1852 imperatoriam
1719 1807 1943 1841 maiestatem
1968 1817 2043 1837 non
2068 1817 2124 1838 so-

1121 1862 1193 1894 lum
1215 1861 1325 1894 armis
1350 1862 1557 1894 decoratam
1574 1888 1582 1901 ,
1621 1873 1745 1894 verum
1774 1859 1882 1892 etiam
1906 1857 2044 1901 legibus
2069 1868 2124 1888 ar-

1121 1920 1255 1946 matam
1275 1925 1349 1947 esse
1367 1913 1509 1946 debere.

1462 1999 1520 2031 De
1558 1998 1786 2031 Palladio.

1172 2060 1233 2094 Vs.
1251 2059 1336 2094 337.
1368 2061 1539 2104 Phryye'ae
1557 2062 1690 2103 siquam
1707 2058 1880 2102 penetrale
1896 2058 2089 2090 illinere-ue.

1224 2129 1337 2163 Troia
1362 2130 1509 2173 fingitur
1534 2140 1654 2162 eversa
1669 2155 1677 2168 ,
1705 2134 1897 2173 postquam
1920 2125 2126 2158 Palladium

1118 2182 1241 2215 fuitilli
1255 2193 1301 2215 nc
1319 2182 1496 2215 ablatum.
1525 2181 1578 2214 Eo
1599 2182 1770 2224 figmento
1788 2178 2024 2223 significatur,
2047 2183 2126 2210 tum

1120 2235 1266 2268 demum
1293 2233 1405 2267 everti
1428 2233 1667 2278 respublicas,
1704 2244 1784 2265 cum
1811 2229 1985 2289 sapientia
2006 2240 2048 2262 ex
2066 2240 2126 2262 ur-

1092 2286 1223 2322 bibus
1243 2286 1382 2320 sublata
1403 2293 1465 2320 est.
1520 2285 1639 2318 Pallas
1657 2284 1776 2324 enim,
1805 2283 1904 2317 cuius
1929 2281 1965 2313 id
1985 2286 2063 2313 erat
2079 2279 2125 2314 si-

1120 2338 1343 2378 mulacrum,
1370 2337 1446 2371 Dea
1463 2337 1662 2382 sapientiae
1683 2343 1716 2370 et
1735 2335 1875 2369 consilii
1903 2334 1989 2367 olim
2016 2330 2126 2365 habe-

1119 2390 1237 2424 batur.
1307 2389 1402 2423 Fieri
1437 2396 1557 2423 autem
1582 2395 1720 2434 potest,
1762 2393 1803 2422 ut
1830 2386 2034 2420 Troianum
2071 2395 2126 2416 re-

1120 2454 1229 2486 gnum
1259 2439 1427 2475 habuerit
1449 2441 1588 2487 aliquas
1610 2440 1906 2486 significationes,
1937 2447 2044 2494 quam
2063 2435 2127 2468 diu

1120 2495 1334 2527 duraturum
1364 2499 1472 2527 esset:
1520 2500 1627 2540 atque
1659 2492 1814 2526 extitisse
1844 2503 1864 2520 x
1868 2488 2054 2522 aticinium
2082 2487 2126 2520 de

1120 2546 1181 2578 illo
1206 2545 1284 2590 ipso
1315 2545 1509 2579 simulacro
1536 2545 1714 2584 Palladis,
1750 2550 1923 2588 tanquam
1952 2541 1994 2573 de
2023 2538 2126 2583 signo

1283 2597 1408 2632 Nam
1400 2597 1552 2642 imperia
1571 2604 1605 2630 et
1621 2608 1730 2641 regna
1755 2595 1967 2639 plerumque
1992 2565 2128 2624 haboent

1156 2701 1202 2728 18)
1224 2700 1302 2724 Ovid,
1323 2701 1388 2724 Met.
1403 2699 1477 2723 xm.
1496 2698 1654 2723 291-«294.

1157 2743 1201 2770 19)
1222 2743 1298 2766 Hom.
1320 2743 1350 2766 Il.
1379 2741 1483 2764 xvflt.
1504 2739 1661 2764 tea—617.
