2341 2973
173 99 245 135 339

173 193 310 221 veteres
330 186 366 218 in
381 183 543 218 versibus
560 182 771 227 digerebant
795 182 953 215 affectus.
1013 178 1058 213 Et
1088 192 1172 225 pro-

175 245 253 284 pter
280 236 372 271 hanc
397 247 542 270 causam
566 235 674 268 etiam
699 232 956 268 assuefaciendi
982 238 1066 265 sunt
1088 233 1174 265 ado-

176 292 344 324 lescentes
359 288 405 321 ad
428 287 592 332 poeticen
607 313 616 327 ,
650 292 690 320 ut
716 285 867 319 lectione
890 289 1098 329 poematum
1125 284 1174 317 af-

179 343 290 374 fectus
315 340 469 377 lenian13
522 338 627 379 item,
672 343 711 371 ut
736 336 804 381 ipsi
828 336 1010 370 interdum
1036 335 1175 380 possint

176 393 323 426 affectus
347 403 429 426 suos
455 390 614 424 carmine
641 388 850 433 complecti,
885 387 997 421 lenire
1021 399 1174 428 amores,

175 443 341 478 insectari
357 441 488 477 hostes.
553 442 650 474 Haec
675 440 712 473 in
740 440 819 473 loco
846 451 1018 482 magnam
1040 436 1175 472 habent

176 497 318 529 laudem
355 502 389 528 et
421 493 626 528 utilitatem.
694 490 747 525 Ita
783 488 998 524 Theocritus
1034 491 1175 524 orditur

176 548 358 593 quandam
373 544 620 590 Eclogam⁹⁶):
658 543 737 582 Nil,
775 549 918 587 praeter
944 542 1087 583 Musas,
1122 542 1175 574 in-

176 612 301 633 sanum
321 598 408 632 lenit
423 608 596 630 amorem.
658 594 704 628 Et
722 594 893 638 Virgilius
918 591 987 628 hoc
1010 594 1090 627 loco
1116 594 1175 626 de-

176 651 332 684 scribens
355 648 540 684 saevitiam
569 646 724 687 amoris,
759 644 973 679 dehortatur
991 643 1175 683 homines;

177 709 209 735 et
244 700 331 734 haec
363 701 440 745 ipsa
473 699 652 733 accusatio
684 697 826 741 mitigat
859 698 1041 738 furorem,
1084 697 1176 731 sicut

177 753 342 799 querelae
367 751 483 786 solent
510 750 685 795 paulatim
711 749 875 782 minnere
897 749 1049 782 effusum
1074 749 1175 781 dolo-

176 817 273 844 rem,
301 804 392 837 sicut
407 802 560 836 Ovidius
584 801 634 835 ait
660 801 698 834 in
723 800 758 835 4.
774 800 836 835 lib.
862 801 905 833 de
923 799 1175 844 Tristibus⁹⁷):

175 855 348 900 Expletur
365 852 578 899 lachrymis,
608 853 836 897 egeriturque
853 852 970 885 dolor.
1011 851 1174 885 Secunda

178 919 259 952 pars
277 913 328 940 est
346 912 486 939 tantum
511 905 674 938 narratio
699 903 853 937 recitans
878 903 1175 942 incantationem,

179 970 286 1005 quam
321 957 473 1002 sumpsit
505 963 612 1001 poeta
650 968 691 989 ex
718 953 935 996 Theocrito,
976 961 1016 988 ut
1043 954 1175 999 stylum

178 1015 375 1049 exerceret,
404 1009 479 1048 vel,
507 1015 547 1042 ut
564 1007 745 1041 derideret
762 1007 919 1051 magicas
939 1012 1052 1046 artes,
1088 1017 1176 1051 quas

181 1060 236 1095 hic
253 1058 673 1105 significatinanes‘esse.
736 1058 853 1091 Habet
880 1058 916 1090 in
943 1058 1013 1091 fine
1039 1069 1176 1090 memo-

181 1114 290 1146 rabile
322 1114 474 1145 dictum:
527 1111 604 1155 (Vs.
631 1110 731 1156 108.)
770 1112 965 1151 Credimus,
1007 1122 1072 1150 (ιη,
1120 1110 1177 1154 qui

180 1170 294 1198 amani
307 1190 316 1204 ,
346 1166 410 1207 ipsi
425 1164 491 1197 siba·
511 1165 643 1197 somnia
657 1158 821 1205 finqunt?

480 1248 616 1283 Aliud
653 1247 870 1281 eiusdem.

282 1315 426 1360 Duplici
471 1320 684 1359 argumento
729 1319 868 1347 constat
911 1310 999 1346 haec
1032 1310 1177 1355 Ecloga.

181 1367 302 1401 Prima
319 1380 403 1412 pars
419 1365 527 1400 habet
545 1366 727 1412 querelam
747 1365 901 1398 amantis
919 1362 1116 1407 contempti
1134 1363 1177 1395 ab

181 1432 310 1460 uxore,
339 1431 358 1452 a
376 1431 445 1465 qua
463 1425 629 1452 mutuum
649 1429 811 1451 amorem
837 1423 933 1450 certo
958 1420 1178 1461 speraverat.

180 1472 301 1505 Altera
319 1483 402 1516 pars
418 1471 578 1504 continet
596 1469 875 1514 descriptionem
900 1468 1076 1512 insignem
1104 1478 1179 1499 ma-

181 1523 247 1567 gici
279 1523 466 1563 carminis,
511 1534 583 1568 quo
615 1521 746 1556 mulier
777 1520 939 1553 animum
970 1519 1039 1552 viri
1063 1518 1101 1550 in
1123 1517 1179 1551 sui

182 1586 343 1608 amorem
375 1575 515 1608 allicere
551 1575 680 1608 studet.
745 1573 861 1606 Series
887 1571 1062 1605 orationis
1090 1567 1178 1603 haec

182 1632 249 1660 est:
282 1626 408 1660 Primo
434 1626 512 1659 loco
536 1626 685 1670 ponitur
708 1623 921 1669 propositio.
978 1622 1070 1655 Huic
1098 1621 1178 1654 sub-

183 1678 301 1711 iuncta
337 1684 389 1711 est
419 1677 599 1710 invocatio
626 1689 691 1721 per
716 1672 962 1720 apostrophen
987 1675 1031 1706 ad
1057 1673 1178 1717 Augu-

182 1736 296 1769 stum,
324 1735 358 1762 et
377 1730 525 1773 figurata
547 1735 598 1762 est
622 1727 804 1761 invocatio
832 1733 937 1766 voto,
964 1732 1114 1770 optans,
1140 1730 1179 1757 ut

185 1781 284 1814 liceat
310 1780 506 1826 aliquando
530 1780 691 1814 Caesaris
718 1791 773 1812 res
799 1784 914 1823 gestas
938 1777 1097 1810 carmine
1121 1777 1180 1809 de-

182 1833 354 1869 scribere;
396 1832 466 1865 iam
496 1845 574 1865 cum
603 1831 700 1866 aliud
726 1842 799 1863 non
827 1830 958 1874 possit,
995 1836 1097 1873 grato
1126 1828 1180 1860 in-

185 1885 286 1917 terim
305 1884 427 1916 animo
444 1883 655 1917 Bucolicum
676 1881 744 1916 hoc
766 1894 913 1915 carmen
939 1882 1100 1926 accipere
1121 1892 1181 1913 ve-

186 1936 235 1968 lit.
290 1936 445 1980 Querela
464 1936 590 1981 incipit
607 1947 625 1968 a
644 1934 883 1979 descriptione
904 1933 1074 1967 matutini
1093 1939 1181 1965 tem-

188 1986 294 2031 poris.
362 1987 501 2021 Deinde
534 1988 680 2021 additur
714 1984 907 2020 vehemens
943 1985 1069 2025 πάθος
1100 1996 1180 2018 cum

188 2038 446 2083 propositione,
473 2039 570 2073 cuius
586 2038 674 2072 haec
691 2045 743 2073 est
753 2036 798 2084 9ὃ)
814 2049 972 2072 summa:
1001 2036 1078 2081 Ego
1097 2048 1180 2069 con-

186 2101 335 2136 querar,
378 2092 561 2136 quomodo
594 2090 787 2124 exciderim
819 2101 942 2123 uxore.
1011 2088 1181 2134 Sequitur

186 2142 453 2175 circumstantia
482 2143 568 2176 loci:
613 2143 730 2177 Credo
763 2139 831 2175 hoc
862 2141 970 2174 fatale
1000 2152 1073 2174 esse
1098 2137 1181 2172 hnic

186 2194 285 2233 loco,
314 2199 352 2226 ut
369 2205 508 2238 semper
525 2196 567 2228 de
590 2195 723 2228 infelici
753 2206 876 2228 amore
898 2191 955 2226 hic
982 2197 1182 2238 querantur

189 2252 359 2290 pastores.
436 2246 567 2279 Addita
600 2253 651 2280 est
683 2244 916 2291 amplificatio
948 2243 993 2277 ab
1025 2244 1180 2277 absurdo

187 2310 265 2331 cum
292 2296 408 2330 ironia
435 2303 469 2330 et
493 2297 735 2331 insultatione.
798 2297 928 2330 Postea
952 2295 1182 2339 subiungitur

188 2348 456 2382 narratiuncula
490 2349 543 2383 sui
576 2349 709 2382 amoris
735 2361 753 2381 a
779 2347 1019 2393 descriptione
1043 2346 1181 2385 aetatis,

188 2412 294 2446 quam
314 2401 508 2445 amplificat
526 2401 604 2434 loco
623 2401 805 2433 communi
827 2401 870 2433 ‹le
897 2411 1038 2439 amore,
1075 2404 1182 2443 atque

188 2451 243 2485 hic
261 2453 360 2486 locus
376 2459 548 2499 tanquam
566 2452 779 2497 praecipuus
801 2451 949 2496 poeticis
971 2450 1113 2495 figuris,
1150 2455 1183 2482 et
1210 2448 1211 2451 ’

189 2510 401 2547 argumento
427 2505 471 2538 ab
499 2505 626 2538 effectu
650 2503 783 2537 amoris
808 2503 1022 2536 mirabiliter
1047 2509 1097 2536 est
1126 2513 1182 2534 or-
1210 2536 1211 2540 ,

224 2638 270 2670 96)
292 2639 426 2663 Theocrit.
447 2639 527 2670 ldyll.
548 2640 595 2664 XI.

223 2682 270 2714 97)
292 2682 371 2708 Ovid.
391 2683 474 2708 Trist.
493 2684 547 2712 iv,
567 2683 599 2715 3,
618 2682 660 2707 38.

226 2726 273 2752 ’Μή
293 2727 350 2754 est]
372 2725 411 2750 sic
432 2727 513 2751 l-Iditt.
534 2727 627 2751 ¹568..
650 2726 740 2751 ¹593:
771 2724 795 2749 in
817 2725 864 2748 Ed.
885 2724 958 2748 1565.
978 2725 1063 2748 deest.

763 92 886 129 PHIL.
913 92 1025 128 MEL.
1061 91 1264 128 SCRIPTA
1292 92 1630 129 PfflLOLOGICA.

1200 196 1202 199 ·
1227 187 1345 215 natus.

1211 2550 1212 2566 l

1210 2573 1213 2585 t

2162 95 2237 132 340

1394 179 1540 225 Epilogi
1558 180 1633 215 vice
1655 186 1842 226 ponuntur
1860 180 2137 224 imprecationes
2154 193 2235 216 cum

1226 232 1468 277 descriptione
1497 233 1692 273 amatoris,
1724 231 1787 278 qui
1811 232 2062 277 desperatione
2088 234 2236 269 adactus

1227 284 1338 318 vitam
1357 296 1458 318 suam
1478 284 1582 318 finire
1601 285 1746 330 cogitat.

1539 369 1679 403 Aliud
1707 369 1920 405 eiusdem.

1331 437 1429 471 Haec
1451 436 1586 482 Ecloga
1620 438 1750 483 duplex
1783 439 1944 473 continet
1979 444 2233 483 argumentum

1229 496 1412 534 sumptum
1434 501 1476 523 ex
1498 489 1701 523 imitatione
1719 488 1917 524 Theocriti.
1971 489 2115 524 Primus
2134 489 2234 524 locus

1229 538 1338 574 habet
1384 541 1680 586 conquestionem
1723 544 1796 575 sive
1840 542 2023 589 querelam
2067 541 2234 582 amantis,

1230 605 1271 626 eo
1298 593 1393 638 quod
1420 593 1464 626 ab
1489 593 1605 626 amico
1634 599 1860 637 contemptus
1878 595 1933 628 sit.
1987 593 2112 627 Simile
2130 592 2234 639 quid-

1230 645 1313 677 dam
1342 651 1394 679 est
1419 643 1457 677 in
1481 642 1658 678 Eunucho
1685 645 1860 680 Terentii.
1930 645 2115 680 Secundus
2133 645 2233 679 locus

1230 694 1337 729 hahet
1362 696 1520 730 studium
1547 697 1709 732 mulieris
1740 697 1947 738 cuiusdam,
1987 696 2167 731 veneficiis
2199 701 2235 730 et

1230 747 1536 783 incantationibus
1566 748 1730 783 conantis
1763 750 1927 783 animum
1960 748 2031 782 viri
2065 748 2120 783 sui
2152 760 2234 793 per-

1230 806 1381 833 vertere.

1539 883 1677 918 Aliud
1707 884 1921 919 eiusdem.

1336 951 1491 997 Querela
1516 959 1568 987 est
1590 959 1764 998 perpetua
1791 954 1969 999 quaedam
1996 951 2085 987 haec
2098 952 2233 999 Ecloga

1231 1004 1453 1044 amantium,
1493 1016 1596 1038 snam
1631 1005 1745 1038 vicem
1778 1005 2059 1050 deplorantium.
2131 1006 2234 1040 Alter

1232 1055 1396 1102 queritur
1412 1055 1456 1088 ab
1472 1055 1586 1089 amica
1604 1056 1714 1090 alium
1732 1057 1930 1090 deformem
1955 1063 2138 1101 pastorem
2165 1057 2233 1092 sibi

1231 1108 1447 1152 praelatum.
1513 1107 1630 1140 Porro
1664 1108 1907 1142 introducitur
1940 1114 1975 1141 et
2007 1120 2090 1153 saga
2125 1120 2234 1155 quae-

1232 1160 1328 1200 dam,
1347 1169 1440 1205 quae
1458 1159 1637 1193 veneficiis
1653 1166 1687 1193 et
1703 1161 1923 1194 carminibus
1938 1159 2058 1194 virum
2075 1173 2179 1194 suum
2188 1160 2236 1206 9⁹)

1233 1212 1381 1246 domum
1416 1221 1586 1244 revocare
1620 1218 1784 1247 conatur.
1853 1211 1998 1246 Nomen
2028 1217 2080 1245 est
2113 1217 2236 1245 autem

1232 1263 1386 1308 Eclogae
1419 1262 1727 1311 φαρμακεύτρια,
1769 1262 1838 1298 hoc
1861 1270 1933 1303 est,
1977 1263 2156 1304 venefica,
2193 1275 2234 1296 eo

1233 1317 1331 1360 quod
1350 1315 1486 1359 primas
1507 1313 1615 1348 habet
1632 1322 1752 1360 partes
1766 1316 1803 1349 in
1831 1313 1970 1359 hac¹⁰⁰)
1987 1314 2120 1359 Ecloga
2147 1312 2236 1348 haec

1233 1366 1462 1400 incantatrix.
1511 1364 1773 1413 Φαριιακεύω,
1804 1365 1871 1400 hoc
1888 1372 1959 1406 est,
1986 1366 2147 1406 incanto,
2175 1377 2236 1399 ve—

1232 1430 1328 1451 neno
1348 1418 1486 1455 inficio;
1527 1419 1758 1465 φαρμακεῖς,
1787 1417 1855 1451 hoc
1873 1424 1943 1457 est,
1973 1418 2234 1456 i11cantatores;

1233 1477 1267 1503 et
1292 1470 1353 1515 qui
1378 1470 1426 1503 sic
1449 1470 1749 1510 convinciuntur‚
1790 1467 2126 1517 φαρμακευθέντες
2152 1474 2236 1503 sunt

1232 1522 1317 1567 ipsis
1342 1521 1502 1555 Graecis.

1534 1607 1672 1642 Aliud
1713 1607 1929 1640 eiusdem.

1336 1678 1433 1711 Haec
1463 1677 1596 1721 Ecloga
1629 1675 1794 1720 inprimis
1827 1675 2051 1709 observanda
2075 1681 2127 1709 est
2153 1686 2234 1708 cum

1234 1737 1383 1775 propter
1401 1729 1566 1768 affectus,
1596 1728 1657 1773 qui
1676 1728 1881 1774 frequentes
1900 1727 1936 1760 in
1952 1725 2019 1760 hac
2036 1733 2131 1767 sunt,
2158 1733 2235 1760 tum

1234 1789 1384 1827 propter
1408 1779 1750 1826 pharmaceutrian,
1793 1792 1884 1826 qnae
1915 1791 1999 1824 pars
2026 1779 2235 1823 nigroman-

1234 1834 1304 1868 tiae
1322 1840 1384 1868 est.
1450 1832 1567 1866 Habet
1595 1831 1690 1865 enim
1724 1831 1824 1876 prior
1857 1843 1940 1876 pars
1963 1830 2117 1874 Eclogae
2150 1842 2235 1863 con-

1235 1886 1461 1932 questionem
1482 1883 1654 1917 amatoris
1672 1883 1826 1927 decepti;
1855 1882 2036 1927 posterior
2052 1881 2234 1921 veneficia,

1236 1938 1365 1984 quibus
1391 1937 1522 1970 mulier
1547 1935 1737 1981 quaepiam
1767 1940 1923 1967 mentem
1954 1933 2126 1967 amatoris
2154 1945 2234 1978 per-

1236 1990 1342 2023 vertit
1355 2016 1363 2030 ,
1389 1995 1423 2022 et
1441 1986 1548 2021 habet
1566 1986 1746 2020 mirabiles
1765 1986 1964 2018 amantium
1985 1986 2144 2026 affectus,
2167 1990 2234 2019 est-

1236 2054 1304 2088 que
1318 2039 1406 2074 haec
1424 2052 1506 2085 pars
1529 2037 1726 2072 Theocriti.

1519 2125 1655 2159 Aliud
1684 2124 1885 2158 eiusdem
1901 2123 1943 2171 ¹).

1339 2195 1481 2229 Titulus
1504 2192 1610 2228 huius
1628 2193 1784 2238 Eclogae
1802 2191 2100 2227 Pharmaceutria
2127 2190 2236 2236 signi-

1237 2249 1315 2281 ficat
1348 2247 1572 2281 veneficium.
1641 2246 1733 2280 Nam
1764 2243 1958 2290 pharmaca
1985 2242 2130 2278 Graecis
2161 2255 2236 2276 non

1236 2300 1345 2333 modo
1366 2299 1534 2333 salutaria
1554 2298 1734 2338 remedia,
1763 2298 1822 2331 sed
1849 2298 1955 2331 etiam
1973 2306 2110 2329 venena
2127 2294 2236 2338 signi-

1237 2353 1353 2385 ficant.
1409 2349 1491 2383 Ideo
1520 2356 1638 2383 autem
1665 2347 1732 2383 hoc
1756 2362 1890 2382 nomen
1910 2347 2064 2391 Eclogae
2088 2345 2235 2390 imposi-

1237 2410 1311 2436 tum
1332 2408 1404 2442 est,
1432 2402 1515 2448 quia
1535 2401 1569 2434 iu
1595 2414 1634 2435 ea
1661 2401 1939 2435 introducuntur
1965 2399 2036 2432 (luo
2062 2404 2235 2438 amantes,

1237 2454 1382 2487 Damon
1407 2461 1441 2488 et
1459 2451 1739 2499 Alphesiboeus,
1772 2452 1934 2487 dissimili
1962 2451 2105 2497 ingenio
2131 2461 2234 2495 prae-

1274 2585 1320 2615 99)
1344 2584 1433 2615 suum]
1456 2585 1495 2608 sic·
1516 2585 1598 2608 Editt.
1619 2584 1709 2613 1568..
1731 2581 1822 2611 1593.;
1849 2581 1874 2604 iu
1895 2580 1944 2604 Ed.
1965 2580 2038 2604 ¹565.
2059 2580 2143 2604 deest.

1276 2638 1337 2668 100)
1359 2636 1420 2669 hac]
1442 2638 1482 2660 sic
1503 2637 1584 2661 Editt.
1605 2637 1695 2660 1568..
1718 2635 1808 2665 1593.;
1838 2635 1863 2658 iu
1884 2635 1931 2659 Ed.
1951 2634 2023 2658 15⁶5,
2045 2633 2133 2657 deest.

1277 2690 1302 2719 l)
1326 2690 1381 2712 nov
1402 2688 1594 2718 argumentum
1614 2686 1799 2709 tantunuuodo
1827 2684 1852 2707 in
1873 2684 1954 2708 Editt.
1974 2684 2065 2711 1568..
2094 2680 2168 2706 ¹593.
2188 2680 2232 2704 iu—

1312 2724 1419 2748 venitur
1433 2740 1439 2745 .
1456 2724 1489 2746 ab
1511 2723 1557 2747 ΕΛ,
1576 2723 1648 2745 1595.
1668 2723 1756 2745 abest.
