<?xml version="1.0" encoding="UTF-8"?>
<!DOCTYPE html PUBLIC "-//W3C//DTD XHTML 1.0 Transitional//EN"
    "http://www.w3.org/TR/xhtml1/DTD/xhtml1-transitional.dtd">
<html xmlns="http://www.w3.org/1999/xhtml" xml:lang="en" lang="en">
 <head>
  <title>
</title>
<meta http-equiv="Content-Type" content="text/html;charset=utf-8" />
  <meta name='ocr-system' content='tesseract 3.04.00' />
  <meta name='ocr-capabilities' content='ocr_page ocr_carea ocr_par ocr_line ocrx_word'/>
</head>
<body>
  <div class='ocr_page' id='page_1' title='image "./operaquaesupersu19melauoft_0305.png"; bbox 0 0 2421 3005; ppageno 0'>
   <div class='ocr_carea' id='block_1_1' title="bbox 67 129 1075 475">
    <p class='ocr_par' dir='ltr' id='par_1_1' title="bbox 67 129 1075 475">
     <span class='ocr_line' id='line_1_1' title="bbox 69 129 470 170; baseline -0.01 0"><span class='ocrx_word' id='word_1_1' title='bbox 69 134 144 170; x_wconf 81' lang='lat'>585</span> <span class='ocrx_word' id='word_1_2' title='bbox 382 129 470 166; x_wconf 68' lang='lat' dir='ltr'>XCI.</span> 
     </span>
     <span class='ocr_line' id='line_1_2' title="bbox 70 215 1073 265; baseline -0.002 -12"><span class='ocrx_word' id='word_1_3' title='bbox 70 223 251 259; x_wconf 50' lang='lat' dir='ltr'>fidentes,</span> <span class='ocrx_word' id='word_1_4' title='bbox 278 225 428 265; x_wconf 77' lang='lat' dir='ltr'>movent</span> <span class='ocrx_word' id='word_1_5' title='bbox 451 217 720 252; x_wconf 80' lang='lat' dir='ltr'>contentionem</span> <span class='ocrx_word' id='word_1_6' title='bbox 745 218 789 251; x_wconf 86' lang='lat' dir='ltr'>de</span> <span class='ocrx_word' id='word_1_7' title='bbox 816 217 952 253; x_wconf 82' lang='lat' dir='ltr'>exuviis</span> <span class='ocrx_word' id='word_1_8' title='bbox 980 215 1073 262; x_wconf 89' lang='lat' dir='ltr'>apri.</span> 
     </span>
     <span class='ocr_line' id='line_1_3' title="bbox 67 268 1075 315; baseline -0.005 -8"><span class='ocrx_word' id='word_1_9' title='bbox 67 273 119 308; x_wconf 88' lang='lat' dir='ltr'>Ita</span> <span class='ocrx_word' id='word_1_10' title='bbox 137 279 255 307; x_wconf 90' lang='lat' dir='ltr'>autem</span> <span class='ocrx_word' id='word_1_11' title='bbox 274 271 351 306; x_wconf 87' lang='lat' dir='ltr'>fieri</span> <span class='ocrx_word' id='word_1_12' title='bbox 374 271 484 312; x_wconf 89' lang='lat' dir='ltr'>solet,</span> <span class='ocrx_word' id='word_1_13' title='bbox 519 276 559 304; x_wconf 90' lang='lat' dir='ltr'>ut</span> <span class='ocrx_word' id='word_1_14' title='bbox 581 269 789 315; x_wconf 81' lang='lat' dir='ltr'>saepissime</span> <span class='ocrx_word' id='word_1_15' title='bbox 814 270 910 304; x_wconf 90' lang='lat' dir='ltr'>inter</span> <span class='ocrx_word' id='word_1_16' title='bbox 933 268 1075 303; x_wconf 88' lang='lat' dir='ltr'>amicis-</span> 
     </span>
     <span class='ocr_line' id='line_1_4' title="bbox 68 321 1074 368; baseline -0.005 -8"><span class='ocrx_word' id='word_1_17' title='bbox 68 326 197 365; x_wconf 88' lang='lat' dir='ltr'>simos,</span> <span class='ocrx_word' id='word_1_18' title='bbox 225 325 390 359; x_wconf 86' lang='lat' dir='ltr'>laborum</span> <span class='ocrx_word' id='word_1_19' title='bbox 410 329 444 357; x_wconf 90' lang='lat' dir='ltr'>et</span> <span class='ocrx_word' id='word_1_20' title='bbox 461 322 707 368; x_wconf 85' lang='lat' dir='ltr'>periculorum</span> <span class='ocrx_word' id='word_1_21' title='bbox 725 322 854 364; x_wconf 89' lang='lat' dir='ltr'>socios,</span> <span class='ocrx_word' id='word_1_22' title='bbox 876 323 920 356; x_wconf 89' lang='lat' dir='ltr'>de</span> <span class='ocrx_word' id='word_1_23' title='bbox 937 321 1074 356; x_wconf 84' lang='lat' dir='ltr'>exuviis</span> 
     </span>
     <span class='ocr_line' id='line_1_5' title="bbox 67 375 1074 423; baseline -0.005 -12"><span class='ocrx_word' id='word_1_24' title='bbox 67 378 160 423; x_wconf 86' lang='lat' dir='ltr'>apri,</span> <span class='ocrx_word' id='word_1_25' title='bbox 189 375 256 410; x_wconf 89' lang='lat' dir='ltr'>hoc</span> <span class='ocrx_word' id='word_1_26' title='bbox 270 383 337 418; x_wconf 83' lang='lat' dir='ltr'>est,</span> <span class='ocrx_word' id='word_1_27' title='bbox 359 377 404 410; x_wconf 89' lang='lat' dir='ltr'>de</span> <span class='ocrx_word' id='word_1_28' title='bbox 422 375 611 409; x_wconf 84' lang='lat' dir='ltr'>levissimis</span> <span class='ocrx_word' id='word_1_29' title='bbox 630 375 737 409; x_wconf 89' lang='lat' dir='ltr'>rebus</span> <span class='ocrx_word' id='word_1_30' title='bbox 755 380 974 409; x_wconf 88' lang='lat' dir='ltr'>moveantur</span> <span class='ocrx_word' id='word_1_31' title='bbox 990 385 1074 407; x_wconf 93' lang='lat' dir='ltr'>con-</span> 
     </span>
     <span class='ocr_line' id='line_1_6' title="bbox 67 427 1075 475; baseline -0.004 -12"><span class='ocrx_word' id='word_1_32' title='bbox 67 430 266 469; x_wconf 79' lang='lat' dir='ltr'>tentiones,</span> <span class='ocrx_word' id='word_1_33' title='bbox 295 441 388 475; x_wconf 79' lang='lat' dir='ltr'>quae</span> <span class='ocrx_word' id='word_1_34' title='bbox 406 427 563 461; x_wconf 84' lang='lat' dir='ltr'>afferunt</span> <span class='ocrx_word' id='word_1_35' title='bbox 580 427 799 472; x_wconf 87' lang='lat' dir='ltr'>reipublicae</span> <span class='ocrx_word' id='word_1_36' title='bbox 823 438 991 470; x_wconf 81' lang='lat' dir='ltr'>magnam</span> <span class='ocrx_word' id='word_1_37' title='bbox 1018 437 1075 459; x_wconf 87' lang='lat' dir='ltr'>ca—</span> 
     </span>
    </p>
   </div>
   <div class='ocr_carea' id='block_1_2' title="bbox 68 482 279 515">
    <p class='ocr_par' dir='ltr' id='par_1_2' title="bbox 68 482 279 515">
     <span class='ocr_line' id='line_1_7' title="bbox 68 482 279 515; baseline -0.005 0"><span class='ocrx_word' id='word_1_38' title='bbox 68 482 279 515; x_wconf 83' lang='lat' dir='ltr'>lamitatem.</span> 
     </span>
    </p>
   </div>
   <div class='ocr_carea' id='block_1_3' title="bbox 365 592 780 636">
    <p class='ocr_par' dir='ltr' id='par_1_3' title="bbox 365 592 780 636">
     <span class='ocr_line' id='line_1_8' title="bbox 365 592 780 636; baseline -0.002 -11"><span class='ocrx_word' id='word_1_39' title='bbox 365 592 596 636; x_wconf 78' lang='lat' dir='ltr'>Meleagri</span> <span class='ocrx_word' id='word_1_40' title='bbox 624 592 780 625; x_wconf 85' lang='lat' dir='ltr'>fatum.</span> 
     </span>
    </p>
   </div>
   <div class='ocr_carea' id='block_1_4' title="bbox 66 659 1106 2391">
    <p class='ocr_par' dir='ltr' id='par_1_4' title="bbox 122 659 1077 873">
     <span class='ocr_line' id='line_1_9' title="bbox 122 659 1077 707; baseline -0.004 -11"><span class='ocrx_word' id='word_1_41' title='bbox 122 662 197 696; x_wconf 68' lang='lat' dir='ltr'>Vss.</span> <span class='ocrx_word' id='word_1_42' title='bbox 209 659 280 697; x_wconf 76' lang='lat'>451</span> <span class='ocrx_word' id='word_1_43' title='bbox 294 675 346 707; x_wconf 84' lang='lat' dir='ltr'>sq.</span> <span class='ocrx_word' id='word_1_44' title='bbox 376 664 492 704; x_wconf 73' lang='lat' dir='ltr'>Stipes</span> <span class='ocrx_word' id='word_1_45' title='bbox 510 666 595 703; x_wconf 78' lang='lat' dir='ltr'>erat,</span> <span class='ocrx_word' id='word_1_46' title='bbox 620 672 726 706; x_wconf 77' lang='lat' dir='ltr'>quem,</span> <span class='ocrx_word' id='word_1_47' title='bbox 744 672 816 693; x_wconf 80' lang='lat' dir='ltr'>cum</span> <span class='ocrx_word' id='word_1_48' title='bbox 830 664 952 702; x_wconf 76' lang='lat' dir='ltr'>parius</span> <span class='ocrx_word' id='word_1_49' title='bbox 968 660 1077 692; x_wconf 62' lang='lat' dir='ltr'>enixa</span> 
     </span>
     <span class='ocr_line' id='line_1_10' title="bbox 494 716 616 746; baseline -0.008 0"><span class='ocrx_word' id='word_1_50' title='bbox 494 716 616 746; x_wconf 72' lang='lat' dir='ltr'>iaceret</span> 
     </span>
     <span class='ocr_line' id='line_1_11' title="bbox 126 765 1041 807; baseline -0.008 -6"><span class='ocrx_word' id='word_1_51' title='bbox 126 767 281 801; x_wconf 71' lang='lat' dir='ltr'>Thestias</span> <span class='ocrx_word' id='word_1_52' title='bbox 290 791 299 806; x_wconf 87' lang='lat'><em>‚</em></span> <span class='ocrx_word' id='word_1_53' title='bbox 331 767 366 799; x_wconf 74' lang='lat' dir='ltr'>in</span> <span class='ocrx_word' id='word_1_54' title='bbox 380 765 557 807; x_wconf 79' lang='lat' dir='ltr'>flammam</span> <span class='ocrx_word' id='word_1_55' title='bbox 574 765 726 806; x_wconf 74' lang='lat' dir='ltr'>triplices</span> <span class='ocrx_word' id='word_1_56' title='bbox 740 774 881 806; x_wconf 75' lang='lat' dir='ltr'>posuere</span> <span class='ocrx_word' id='word_1_57' title='bbox 897 773 1041 796; x_wconf 74' lang='lat' dir='ltr'>sorores.</span> 
     </span>
     <span class='ocr_line' id='line_1_12' title="bbox 172 822 1077 873; baseline -0.007 -12"><span class='ocrx_word' id='word_1_58' title='bbox 172 828 275 873; x_wconf 79' lang='lat' dir='ltr'>Quae</span> <span class='ocrx_word' id='word_1_59' title='bbox 299 827 343 859; x_wconf 90' lang='lat' dir='ltr'>de</span> <span class='ocrx_word' id='word_1_60' title='bbox 371 825 469 858; x_wconf 75' lang='lat' dir='ltr'>fatali</span> <span class='ocrx_word' id='word_1_61' title='bbox 502 824 622 870; x_wconf 81' lang='lat' dir='ltr'><strong>stipite</strong></span> <span class='ocrx_word' id='word_1_62' title='bbox 646 824 854 857; x_wconf 77' lang='lat' dir='ltr'>reseruntur</span> <span class='ocrx_word' id='word_1_63' title='bbox 885 823 923 856; x_wconf 89' lang='lat' dir='ltr'>iu</span> <span class='ocrx_word' id='word_1_64' title='bbox 956 822 1077 867; x_wconf 85' lang='lat' dir='ltr'>ignem</span> 
     </span>
    </p>

    <p class='ocr_par' dir='ltr' id='par_1_5' title="bbox 66 873 1080 1859">
     <span class='ocr_line' id='line_1_13' title="bbox 68 873 1078 923; baseline -0.005 -10"><span class='ocrx_word' id='word_1_65' title='bbox 68 879 208 923; x_wconf 89' lang='lat' dir='ltr'>posito,</span> <span class='ocrx_word' id='word_1_66' title='bbox 236 877 470 922; x_wconf 84' lang='lat' dir='ltr'>intelligenda</span> <span class='ocrx_word' id='word_1_67' title='bbox 495 883 580 911; x_wconf 87' lang='lat' dir='ltr'>sunt</span> <span class='ocrx_word' id='word_1_68' title='bbox 603 873 699 909; x_wconf 88' lang='lat' dir='ltr'>haud</span> <span class='ocrx_word' id='word_1_69' title='bbox 727 875 835 909; x_wconf 90' lang='lat' dir='ltr'>dubie</span> <span class='ocrx_word' id='word_1_70' title='bbox 859 876 903 908; x_wconf 78' lang='lat' dir='ltr'>(le</span> <span class='ocrx_word' id='word_1_71' title='bbox 928 874 1078 919; x_wconf 87' lang='lat' dir='ltr'>magicis</span> 
     </span>
     <span class='ocr_line' id='line_1_14' title="bbox 68 925 1078 975; baseline -0.005 -10"><span class='ocrx_word' id='word_1_72' title='bbox 68 930 378 973; x_wconf 84' lang='lat' dir='ltr'>execrationibus,</span> <span class='ocrx_word' id='word_1_73' title='bbox 415 928 545 975; x_wconf 88' lang='lat' dir='ltr'>quibus</span> <span class='ocrx_word' id='word_1_74' title='bbox 559 925 712 961; x_wconf 85' lang='lat' dir='ltr'>Althaea</span> <span class='ocrx_word' id='word_1_75' title='bbox 731 927 915 972; x_wconf 81' lang='lat' dir='ltr'>Meleagro</span> <span class='ocrx_word' id='word_1_76' title='bbox 943 926 1078 972; x_wconf 90' lang='lat' dir='ltr'>impre-</span> 
     </span>
     <span class='ocr_line' id='line_1_15' title="bbox 68 979 1074 1018; baseline -0.004 -2"><span class='ocrx_word' id='word_1_77' title='bbox 68 990 146 1017; x_wconf 89' lang='lat' dir='ltr'>cata</span> <span class='ocrx_word' id='word_1_78' title='bbox 175 989 228 1018; x_wconf 86' lang='lat' dir='ltr'>est</span> <span class='ocrx_word' id='word_1_79' title='bbox 251 988 419 1015; x_wconf 91' lang='lat' dir='ltr'>mortem.</span> <span class='ocrx_word' id='word_1_80' title='bbox 486 980 580 1015; x_wconf 82' lang='lat' dir='ltr'>Nam</span> <span class='ocrx_word' id='word_1_81' title='bbox 609 979 790 1014; x_wconf 80' lang='lat' dir='ltr'>Homerus</span> <span class='ocrx_word' id='word_1_82' title='bbox 814 986 968 1013; x_wconf 88' lang='lat' dir='ltr'>testatur</span> <span class='ocrx_word' id='word_1_83' title='bbox 997 992 1074 1012; x_wconf 86' lang='lat' dir='ltr'>eam</span> 
     </span>
     <span class='ocr_line' id='line_1_16' title="bbox 68 1031 1077 1077; baseline -0.003 -10"><span class='ocrx_word' id='word_1_84' title='bbox 68 1047 189 1069; x_wconf 82' lang='lat' dir='ltr'>orasse</span> <span class='ocrx_word' id='word_1_85' title='bbox 213 1035 408 1068; x_wconf 88' lang='lat' dir='ltr'>Plutonem</span> <span class='ocrx_word' id='word_1_86' title='bbox 436 1039 470 1065; x_wconf 83' lang='lat' dir='ltr'>et</span> <span class='ocrx_word' id='word_1_87' title='bbox 495 1032 776 1077; x_wconf 73' lang='lat' dir='ltr'>Proserpinam,</span> <span class='ocrx_word' id='word_1_88' title='bbox 813 1038 853 1064; x_wconf 86' lang='lat' dir='ltr'>ut</span> <span class='ocrx_word' id='word_1_89' title='bbox 878 1031 952 1064; x_wconf 85' lang='lat' dir='ltr'>filio</span> <span class='ocrx_word' id='word_1_90' title='bbox 980 1043 1077 1065; x_wconf 88' lang='lat' dir='ltr'>mor-</span> 
     </span>
     <span class='ocr_line' id='line_1_17' title="bbox 67 1084 1074 1129; baseline -0.004 -9"><span class='ocrx_word' id='word_1_91' title='bbox 67 1094 139 1120; x_wconf 90' lang='lat' dir='ltr'>tem</span> <span class='ocrx_word' id='word_1_92' title='bbox 158 1086 351 1125; x_wconf 80' lang='lat' dir='ltr'>afferrent,</span> <span class='ocrx_word' id='word_1_93' title='bbox 379 1097 420 1118; x_wconf 81' lang='lat' dir='ltr'>ex</span> <span class='ocrx_word' id='word_1_94' title='bbox 437 1096 509 1129; x_wconf 83' lang='lat' dir='ltr'>quo</span> <span class='ocrx_word' id='word_1_95' title='bbox 528 1097 613 1117; x_wconf 82' lang='lat' dir='ltr'>sane</span> <span class='ocrx_word' id='word_1_96' title='bbox 634 1084 864 1118; x_wconf 85' lang='lat' dir='ltr'>manifestum</span> <span class='ocrx_word' id='word_1_97' title='bbox 894 1090 964 1123; x_wconf 86' lang='lat' dir='ltr'>est,</span> <span class='ocrx_word' id='word_1_98' title='bbox 997 1096 1074 1116; x_wconf 88' lang='lat' dir='ltr'>eam</span> 
     </span>
     <span class='ocr_line' id='line_1_18' title="bbox 68 1136 1078 1183; baseline -0.001 -12"><span class='ocrx_word' id='word_1_99' title='bbox 68 1138 216 1183; x_wconf 86' lang='lat' dir='ltr'>magicis</span> <span class='ocrx_word' id='word_1_100' title='bbox 233 1136 443 1172; x_wconf 88' lang='lat' dir='ltr'>ministeriis</span> <span class='ocrx_word' id='word_1_101' title='bbox 463 1148 562 1170; x_wconf 86' lang='lat' dir='ltr'>usam</span> <span class='ocrx_word' id='word_1_102' title='bbox 584 1148 670 1170; x_wconf 89' lang='lat' dir='ltr'>esse.</span> <span class='ocrx_word' id='word_1_103' title='bbox 724 1136 769 1169; x_wconf 78' lang='lat' dir='ltr'>At</span> <span class='ocrx_word' id='word_1_104' title='bbox 787 1148 892 1175; x_wconf 79' lang='lat' dir='ltr'>ver0,</span> <span class='ocrx_word' id='word_1_105' title='bbox 920 1142 1078 1181; x_wconf 84' lang='lat' dir='ltr'>quantus</span> 
     </span>
     <span class='ocr_line' id='line_1_19' title="bbox 67 1188 1078 1234; baseline -0.003 -11"><span class='ocrx_word' id='word_1_106' title='bbox 67 1191 211 1223; x_wconf 86' lang='lat' dir='ltr'>dicendi</span> <span class='ocrx_word' id='word_1_107' title='bbox 229 1189 357 1223; x_wconf 78' lang='lat' dir='ltr'>artifex</span> <span class='ocrx_word' id='word_1_108' title='bbox 373 1189 418 1222; x_wconf 90' lang='lat' dir='ltr'>sit</span> <span class='ocrx_word' id='word_1_109' title='bbox 435 1188 608 1229; x_wconf 82' lang='lat' dir='ltr'>Ovidius,</span> <span class='ocrx_word' id='word_1_110' title='bbox 637 1200 816 1234; x_wconf 77' lang='lat' dir='ltr'>nusquam</span> <span class='ocrx_word' id='word_1_111' title='bbox 835 1194 986 1232; x_wconf 87' lang='lat' dir='ltr'>apparet</span> <span class='ocrx_word' id='word_1_112' title='bbox 1004 1200 1078 1221; x_wconf 88' lang='lat' dir='ltr'>me-</span> 
     </span>
     <span class='ocr_line' id='line_1_20' title="bbox 66 1239 1077 1288; baseline -0.002 -13"><span class='ocrx_word' id='word_1_113' title='bbox 66 1242 149 1283; x_wconf 90' lang='lat' dir='ltr'>lius,</span> <span class='ocrx_word' id='word_1_114' title='bbox 177 1254 286 1288; x_wconf 88' lang='lat' dir='ltr'>quam</span> <span class='ocrx_word' id='word_1_115' title='bbox 305 1254 346 1275; x_wconf 88' lang='lat' dir='ltr'>ex</span> <span class='ocrx_word' id='word_1_116' title='bbox 362 1242 468 1274; x_wconf 86' lang='lat' dir='ltr'>rebus</span> <span class='ocrx_word' id='word_1_117' title='bbox 485 1240 646 1283; x_wconf 80' lang='lat' dir='ltr'>tragicis,</span> <span class='ocrx_word' id='word_1_118' title='bbox 672 1241 708 1273; x_wconf 89' lang='lat' dir='ltr'>in</span> <span class='ocrx_word' id='word_1_119' title='bbox 728 1240 858 1286; x_wconf 85' lang='lat' dir='ltr'>quibus</span> <span class='ocrx_word' id='word_1_120' title='bbox 874 1239 1077 1274; x_wconf 82' lang='lat' dir='ltr'>describen-</span> 
     </span>
     <span class='ocr_line' id='line_1_21' title="bbox 69 1292 1076 1336; baseline -0.002 -9"><span class='ocrx_word' id='word_1_121' title='bbox 69 1295 124 1328; x_wconf 86' lang='lat' dir='ltr'>dis</span> <span class='ocrx_word' id='word_1_122' title='bbox 139 1307 179 1328; x_wconf 89' lang='lat' dir='ltr'>ac</span> <span class='ocrx_word' id='word_1_123' title='bbox 196 1293 393 1327; x_wconf 76' lang='lat' dir='ltr'>tractandis</span> <span class='ocrx_word' id='word_1_124' title='bbox 410 1293 458 1326; x_wconf 88' lang='lat' dir='ltr'>ita</span> <span class='ocrx_word' id='word_1_125' title='bbox 481 1292 653 1327; x_wconf 87' lang='lat' dir='ltr'>mirificus</span> <span class='ocrx_word' id='word_1_126' title='bbox 678 1299 752 1332; x_wconf 87' lang='lat' dir='ltr'>est,</span> <span class='ocrx_word' id='word_1_127' title='bbox 788 1292 836 1325; x_wconf 89' lang='lat' dir='ltr'>ita</span> <span class='ocrx_word' id='word_1_128' title='bbox 862 1298 1010 1336; x_wconf 85' lang='lat' dir='ltr'>regnat,</span> <span class='ocrx_word' id='word_1_129' title='bbox 1040 1298 1076 1325; x_wconf 90' lang='lat' dir='ltr'>ut</span> 
     </span>
     <span class='ocr_line' id='line_1_22' title="bbox 69 1344 1076 1390; baseline -0.003 -10"><span class='ocrx_word' id='word_1_130' title='bbox 69 1359 196 1380; x_wconf 87' lang='lat' dir='ltr'>omnes</span> <span class='ocrx_word' id='word_1_131' title='bbox 213 1345 472 1390; x_wconf 79' lang='lat' dir='ltr'>cogitationes,</span> <span class='ocrx_word' id='word_1_132' title='bbox 501 1345 648 1379; x_wconf 85' lang='lat' dir='ltr'>affectus</span> <span class='ocrx_word' id='word_1_133' title='bbox 665 1351 699 1378; x_wconf 90' lang='lat' dir='ltr'>et</span> <span class='ocrx_word' id='word_1_134' title='bbox 723 1351 844 1378; x_wconf 87' lang='lat' dir='ltr'>motus</span> <span class='ocrx_word' id='word_1_135' title='bbox 868 1344 1076 1377; x_wconf 87' lang='lat' dir='ltr'>animorum</span> 
     </span>
     <span class='ocr_line' id='line_1_23' title="bbox 69 1393 1077 1444; baseline -0.002 -12"><span class='ocrx_word' id='word_1_136' title='bbox 69 1398 106 1431; x_wconf 88' lang='lat' dir='ltr'>in</span> <span class='ocrx_word' id='word_1_137' title='bbox 130 1404 308 1444; x_wconf 75' lang='lat' dir='ltr'>potestate</span> <span class='ocrx_word' id='word_1_138' title='bbox 336 1404 371 1430; x_wconf 89' lang='lat' dir='ltr'>et</span> <span class='ocrx_word' id='word_1_139' title='bbox 393 1397 494 1442; x_wconf 84' lang='lat' dir='ltr'>quasi</span> <span class='ocrx_word' id='word_1_140' title='bbox 522 1397 557 1429; x_wconf 91' lang='lat' dir='ltr'>in</span> <span class='ocrx_word' id='word_1_141' title='bbox 580 1409 690 1430; x_wconf 89' lang='lat' dir='ltr'>manu</span> <span class='ocrx_word' id='word_1_142' title='bbox 713 1408 776 1430; x_wconf 87' lang='lat' dir='ltr'>sua</span> <span class='ocrx_word' id='word_1_143' title='bbox 800 1393 933 1429; x_wconf 89' lang='lat' dir='ltr'>habere</span> <span class='ocrx_word' id='word_1_144' title='bbox 957 1395 1077 1430; x_wconf 83' lang='lat' dir='ltr'>videa-</span> 
     </span>
     <span class='ocr_line' id='line_1_24' title="bbox 70 1445 1077 1494; baseline -0.004 -9"><span class='ocrx_word' id='word_1_145' title='bbox 70 1458 144 1485; x_wconf 90' lang='lat' dir='ltr'>tur:</span> <span class='ocrx_word' id='word_1_146' title='bbox 183 1450 273 1484; x_wconf 89' lang='lat' dir='ltr'>sicut</span> <span class='ocrx_word' id='word_1_147' title='bbox 298 1455 451 1494; x_wconf 86' lang='lat' dir='ltr'>apparet</span> <span class='ocrx_word' id='word_1_148' title='bbox 479 1461 520 1482; x_wconf 86' lang='lat' dir='ltr'>ex</span> <span class='ocrx_word' id='word_1_149' title='bbox 546 1449 665 1482; x_wconf 83' lang='lat' dir='ltr'>fabula</span> <span class='ocrx_word' id='word_1_150' title='bbox 695 1445 878 1494; x_wconf 88' lang='lat' dir='ltr'>Thysbes,</span> <span class='ocrx_word' id='word_1_151' title='bbox 914 1447 1077 1489; x_wconf 81' lang='lat' dir='ltr'>Medeae,</span> 
     </span>
     <span class='ocr_line' id='line_1_25' title="bbox 69 1498 1077 1547; baseline -0.003 -10"><span class='ocrx_word' id='word_1_152' title='bbox 69 1502 250 1542; x_wconf 85' lang='lat' dir='ltr'>Procnes,</span> <span class='ocrx_word' id='word_1_153' title='bbox 278 1501 438 1547; x_wconf 82' lang='lat' dir='ltr'>Scyllae,</span> <span class='ocrx_word' id='word_1_154' title='bbox 467 1507 502 1533; x_wconf 88' lang='lat' dir='ltr'>et</span> <span class='ocrx_word' id='word_1_155' title='bbox 519 1500 555 1534; x_wconf 88' lang='lat' dir='ltr'>in</span> <span class='ocrx_word' id='word_1_156' title='bbox 582 1500 709 1546; x_wconf 89' lang='lat' dir='ltr'>primis</span> <span class='ocrx_word' id='word_1_157' title='bbox 733 1513 774 1533; x_wconf 85' lang='lat' dir='ltr'>ex</span> <span class='ocrx_word' id='word_1_158' title='bbox 799 1498 865 1533; x_wconf 83' lang='lat' dir='ltr'>hac</span> <span class='ocrx_word' id='word_1_159' title='bbox 890 1500 1009 1533; x_wconf 86' lang='lat' dir='ltr'>fabula</span> <span class='ocrx_word' id='word_1_160' title='bbox 1034 1501 1077 1534; x_wconf 85' lang='lat' dir='ltr'>de</span> 
     </span>
     <span class='ocr_line' id='line_1_26' title="bbox 70 1552 1079 1599; baseline -0.003 -11"><span class='ocrx_word' id='word_1_161' title='bbox 70 1552 222 1588; x_wconf 85' lang='lat' dir='ltr'>Althaea</span> <span class='ocrx_word' id='word_1_162' title='bbox 243 1553 420 1599; x_wconf 86' lang='lat' dir='ltr'>flagrante</span> <span class='ocrx_word' id='word_1_163' title='bbox 438 1553 635 1597; x_wconf 87' lang='lat' dir='ltr'>cupiditate</span> <span class='ocrx_word' id='word_1_164' title='bbox 660 1552 854 1586; x_wconf 89' lang='lat' dir='ltr'>vindictae.</span> <span class='ocrx_word' id='word_1_165' title='bbox 915 1552 999 1587; x_wconf 86' lang='lat' dir='ltr'>Non</span> <span class='ocrx_word' id='word_1_166' title='bbox 1027 1559 1079 1587; x_wconf 89' lang='lat' dir='ltr'>est</span> 
     </span>
     <span class='ocr_line' id='line_1_27' title="bbox 71 1604 1079 1650; baseline -0.004 -9"><span class='ocrx_word' id='word_1_167' title='bbox 71 1607 168 1641; x_wconf 87' lang='lat' dir='ltr'>enim</span> <span class='ocrx_word' id='word_1_168' title='bbox 183 1606 339 1640; x_wconf 84' lang='lat' dir='ltr'>cuiusvis</span> <span class='ocrx_word' id='word_1_169' title='bbox 355 1605 501 1639; x_wconf 85' lang='lat' dir='ltr'>artificis</span> <span class='ocrx_word' id='word_1_170' title='bbox 518 1605 713 1650; x_wconf 86' lang='lat' dir='ltr'>depingere</span> <span class='ocrx_word' id='word_1_171' title='bbox 730 1611 764 1638; x_wconf 89' lang='lat' dir='ltr'>et</span> <span class='ocrx_word' id='word_1_172' title='bbox 781 1604 982 1650; x_wconf 85' lang='lat' dir='ltr'>exprimere</span> <span class='ocrx_word' id='word_1_173' title='bbox 1001 1617 1079 1638; x_wconf 88' lang='lat' dir='ltr'>ver-</span> 
     </span>
     <span class='ocr_line' id='line_1_28' title="bbox 71 1656 1078 1703; baseline -0.003 -10"><span class='ocrx_word' id='word_1_174' title='bbox 71 1659 126 1693; x_wconf 88' lang='lat' dir='ltr'>bis</span> <span class='ocrx_word' id='word_1_175' title='bbox 143 1658 251 1692; x_wconf 90' lang='lat' dir='ltr'>talem</span> <span class='ocrx_word' id='word_1_176' title='bbox 268 1656 428 1691; x_wconf 90' lang='lat' dir='ltr'>hominis</span> <span class='ocrx_word' id='word_1_177' title='bbox 443 1656 637 1701; x_wconf 87' lang='lat' dir='ltr'>imaginem</span> <span class='ocrx_word' id='word_1_178' title='bbox 650 1684 660 1697; x_wconf 91' lang='lat'>,</span> <span class='ocrx_word' id='word_1_179' title='bbox 687 1657 724 1690; x_wconf 85' lang='lat' dir='ltr'>iu</span> <span class='ocrx_word' id='word_1_180' title='bbox 741 1669 810 1703; x_wconf 86' lang='lat' dir='ltr'>qua</span> <span class='ocrx_word' id='word_1_181' title='bbox 829 1657 1003 1690; x_wconf 88' lang='lat' dir='ltr'>contrarii</span> <span class='ocrx_word' id='word_1_182' title='bbox 1029 1658 1078 1690; x_wconf 88' lang='lat' dir='ltr'>af-</span> 
     </span>
     <span class='ocr_line' id='line_1_29' title="bbox 71 1708 1080 1753; baseline -0.003 -8"><span class='ocrx_word' id='word_1_183' title='bbox 71 1712 203 1750; x_wconf 84' lang='lat' dir='ltr'>fectus,</span> <span class='ocrx_word' id='word_1_184' title='bbox 232 1710 307 1750; x_wconf 89' lang='lat' dir='ltr'>ira,</span> <span class='ocrx_word' id='word_1_185' title='bbox 335 1715 470 1748; x_wconf 88' lang='lat' dir='ltr'>metus,</span> <span class='ocrx_word' id='word_1_186' title='bbox 498 1709 720 1753; x_wconf 84' lang='lat' dir='ltr'>indignatio,</span> <span class='ocrx_word' id='word_1_187' title='bbox 756 1715 790 1742; x_wconf 87' lang='lat' dir='ltr'>et</span> <span class='ocrx_word' id='word_1_188' title='bbox 818 1708 1080 1750; x_wconf 85' lang='lat' dir='ltr'>misericordia,</span> 
     </span>
     <span class='ocr_line' id='line_1_30' title="bbox 72 1761 1079 1807; baseline -0.002 -10"><span class='ocrx_word' id='word_1_189' title='bbox 72 1763 178 1798; x_wconf 89' lang='lat' dir='ltr'>simul</span> <span class='ocrx_word' id='word_1_190' title='bbox 196 1761 463 1807; x_wconf 83' lang='lat' dir='ltr'>exprimantur,</span> <span class='ocrx_word' id='word_1_191' title='bbox 492 1761 634 1806; x_wconf 85' lang='lat' dir='ltr'>qualem</span> <span class='ocrx_word' id='word_1_192' title='bbox 652 1761 727 1806; x_wconf 89' lang='lat' dir='ltr'>ipse</span> <span class='ocrx_word' id='word_1_193' title='bbox 746 1761 902 1805; x_wconf 80' lang='lat' dir='ltr'>effingit,</span> <span class='ocrx_word' id='word_1_194' title='bbox 932 1774 1011 1795; x_wconf 89' lang='lat' dir='ltr'>cum</span> <span class='ocrx_word' id='word_1_195' title='bbox 1034 1762 1079 1795; x_wconf 89' lang='lat' dir='ltr'>de</span> 
     </span>
     <span class='ocr_line' id='line_1_31' title="bbox 73 1812 709 1859; baseline -0.006 -10"><span class='ocrx_word' id='word_1_196' title='bbox 73 1813 225 1849; x_wconf 82' lang='lat' dir='ltr'>Althaea</span> <span class='ocrx_word' id='word_1_197' title='bbox 249 1814 299 1847; x_wconf 88' lang='lat' dir='ltr'>ait</span> <span class='ocrx_word' id='word_1_198' title='bbox 324 1813 418 1856; x_wconf 72' lang='lat' dir='ltr'>(Vss.</span> <span class='ocrx_word' id='word_1_199' title='bbox 440 1812 709 1859; x_wconf 76' lang='lat'>465—474.):</span> 
     </span>
    </p>

    <p class='ocr_par' dir='ltr' id='par_1_6' title="bbox 125 1874 898 1919">
     <span class='ocr_line' id='line_1_32' title="bbox 125 1874 898 1919; baseline -0.005 -8"><span class='ocrx_word' id='word_1_200' title='bbox 125 1878 233 1919; x_wconf 66' lang='lat' dir='ltr'>Saepe</span> <span class='ocrx_word' id='word_1_201' title='bbox 251 1880 338 1909; x_wconf 76' lang='lat' dir='ltr'>metu</span> <span class='ocrx_word' id='word_1_202' title='bbox 352 1875 489 1909; x_wconf 71' lang='lat' dir='ltr'>sceleris</span> <span class='ocrx_word' id='word_1_203' title='bbox 501 1875 673 1917; x_wconf 72' lang='lat' dir='ltr'>pallebunt</span> <span class='ocrx_word' id='word_1_204' title='bbox 691 1886 750 1907; x_wconf 80' lang='lat' dir='ltr'>ura</span> <span class='ocrx_word' id='word_1_205' title='bbox 764 1874 878 1916; x_wconf 64' lang='lat' dir='ltr'>[icturi</span> <span class='ocrx_word' id='word_1_206' title='bbox 888 1900 898 1913; x_wconf 92' lang='lat'>,</span> 
     </span>
    </p>

    <p class='ocr_par' dir='ltr' id='par_1_7' title="bbox 125 1927 1000 1971">
     <span class='ocr_line' id='line_1_33' title="bbox 125 1927 1000 1971; baseline -0.006 -8"><span class='ocrx_word' id='word_1_207' title='bbox 125 1931 234 1971; x_wconf 74' lang='lat' dir='ltr'>Saepe</span> <span class='ocrx_word' id='word_1_208' title='bbox 252 1939 349 1961; x_wconf 75' lang='lat' dir='ltr'>,vuum</span> <span class='ocrx_word' id='word_1_209' title='bbox 360 1927 498 1970; x_wconf 66' lang='lat' dir='ltr'>servem·</span> <span class='ocrx_word' id='word_1_210' title='bbox 513 1928 616 1960; x_wconf 64' lang='lat' dir='ltr'>oculis</span> <span class='ocrx_word' id='word_1_211' title='bbox 633 1927 735 1960; x_wconf 77' lang='lat' dir='ltr'>dabat</span> <span class='ocrx_word' id='word_1_212' title='bbox 753 1928 806 1959; x_wconf 78' lang='grc' dir='ltr'>ἱνα</span> <span class='ocrx_word' id='word_1_213' title='bbox 827 1928 979 1959; x_wconf 75' lang='lat' dir='ltr'>ruborem</span> <span class='ocrx_word' id='word_1_214' title='bbox 990 1952 1000 1966; x_wconf 91' lang='lat'>,</span> 
     </span>
    </p>

    <p class='ocr_par' dir='ltr' id='par_1_8' title="bbox 126 1978 1032 2024">
     <span class='ocr_line' id='line_1_34' title="bbox 126 1978 1032 2024; baseline -0.003 -11"><span class='ocrx_word' id='word_1_215' title='bbox 126 1983 169 2014; x_wconf 65' lang='lat' dir='ltr'>Et</span> <span class='ocrx_word' id='word_1_216' title='bbox 189 1982 300 2020; x_wconf 80' lang='lat' dir='ltr'>modo,</span> <span class='ocrx_word' id='word_1_217' title='bbox 331 1981 442 2013; x_wconf 69' lang='lat' dir='ltr'>nescio</span> <span class='ocrx_word' id='word_1_218' title='bbox 461 1981 561 2024; x_wconf 78' lang='lat' dir='ltr'>quid,</span> <span class='ocrx_word' id='word_1_219' title='bbox 591 1980 716 2012; x_wconf 74' lang='lat' dir='ltr'>sae&#39;milis</span> <span class='ocrx_word' id='word_1_220' title='bbox 734 1978 866 2011; x_wconf 71' lang='lat' dir='ltr'>crudele</span> <span class='ocrx_word' id='word_1_221' title='bbox 883 1980 1032 2012; x_wconf 72' lang='lat' dir='ltr'>mimmii</span> 
     </span>
    </p>

    <p class='ocr_par' dir='ltr' id='par_1_9' title="bbox 131 2032 1106 2077">
     <span class='ocr_line' id='line_1_35' title="bbox 131 2032 1106 2077; baseline -0.004 -11"><span class='ocrx_word' id='word_1_222' title='bbox 131 2032 249 2066; x_wconf 60' lang='lat' dir='ltr'>Vultus</span> <span class='ocrx_word' id='word_1_223' title='bbox 266 2037 359 2071; x_wconf 75' lang='lat' dir='ltr'>erat,</span> <span class='ocrx_word' id='word_1_224' title='bbox 389 2032 482 2064; x_wconf 80' lang='lat' dir='ltr'>modo</span> <span class='ocrx_word' id='word_1_225' title='bbox 498 2044 591 2077; x_wconf 74' lang='lat' dir='ltr'>quem</span> <span class='ocrx_word' id='word_1_226' title='bbox 612 2033 769 2064; x_wconf 59' lang='lat' dir='ltr'>„viserem</span> <span class='ocrx_word' id='word_1_227' title='bbox 787 2032 922 2064; x_wconf 72' lang='lat' dir='ltr'>credere</span> <span class='ocrx_word' id='word_1_228' title='bbox 934 2042 1059 2073; x_wconf 66' lang='lat' dir='ltr'>posses.</span> <span class='ocrx_word' id='word_1_229' title='bbox 1104 2038 1106 2071; x_wconf 64' lang='lat' dir='ltr'><strong>ff</strong></span> 
     </span>
    </p>

    <p class='ocr_par' dir='ltr' id='par_1_10' title="bbox 128 2084 1038 2128">
     <span class='ocr_line' id='line_1_36' title="bbox 128 2084 1038 2128; baseline -0.002 -10"><span class='ocrx_word' id='word_1_230' title='bbox 128 2086 274 2128; x_wconf 76' lang='lat' dir='ltr'>Cumque</span> <span class='ocrx_word' id='word_1_231' title='bbox 286 2084 384 2126; x_wconf 72' lang='lat' dir='ltr'>serus·</span> <span class='ocrx_word' id='word_1_232' title='bbox 399 2085 572 2127; x_wconf 69' lang='lat' dir='ltr'>lacryma-s·</span> <span class='ocrx_word' id='word_1_233' title='bbox 588 2085 698 2116; x_wconf 72' lang='grc' dir='ltr'>ωοὶιηὶ</span> <span class='ocrx_word' id='word_1_234' title='bbox 713 2085 896 2116; x_wconf 62' lang='lat' dir='ltr'>siccae-erat</span> <span class='ocrx_word' id='word_1_235' title='bbox 915 2085 1038 2121; x_wconf 77' lang='lat' dir='ltr'>ardor,</span> 
     </span>
    </p>

    <p class='ocr_par' dir='ltr' id='par_1_11' title="bbox 130 2137 1015 2180">
     <span class='ocr_line' id='line_1_37' title="bbox 130 2137 1015 2180; baseline -0.005 -10"><span class='ocrx_word' id='word_1_236' title='bbox 130 2137 394 2170; x_wconf 67' lang='lat' dir='ltr'>Inveniebantur</span> <span class='ocrx_word' id='word_1_237' title='bbox 412 2137 582 2178; x_wconf 71' lang='lat' dir='ltr'>lacrymae</span> <span class='ocrx_word' id='word_1_238' title='bbox 599 2142 729 2169; x_wconf 74' lang='lat' dir='ltr'>mmen:</span> <span class='ocrx_word' id='word_1_239' title='bbox 760 2140 858 2180; x_wconf 72' lang='lat' dir='ltr'>utque</span> <span class='ocrx_word' id='word_1_240' title='bbox 875 2137 996 2168; x_wconf 67' lang='lat' dir='ltr'>cui-Iun</span> <span class='ocrx_word' id='word_1_241' title='bbox 1008 2161 1015 2171; x_wconf 85' lang='lat'><em>‚</em></span> 
     </span>
    </p>

    <p class='ocr_par' dir='ltr' id='par_1_12' title="bbox 129 2189 1014 2232">
     <span class='ocr_line' id='line_1_38' title="bbox 129 2189 1014 2232; baseline -0.002 -12"><span class='ocrx_word' id='word_1_242' title='bbox 129 2191 236 2229; x_wconf 77' lang='lat' dir='ltr'>Quum</span> <span class='ocrx_word' id='word_1_243' title='bbox 256 2193 372 2220; x_wconf 66' lang='lat' dir='ltr'>centu-5-</span> <span class='ocrx_word' id='word_1_244' title='bbox 389 2192 544 2232; x_wconf 68' lang='lat' dir='ltr'>ventoque</span> <span class='ocrx_word' id='word_1_245' title='bbox 563 2190 652 2230; x_wconf 74' lang='lat' dir='ltr'>rupi!</span> <span class='ocrx_word' id='word_1_246' title='bbox 671 2189 866 2221; x_wconf 65' lang='lat' dir='ltr'>contrat-lus</span> <span class='ocrx_word' id='word_1_247' title='bbox 883 2192 1014 2226; x_wconf 68' lang='lat' dir='ltr'>aestas,</span> 
     </span>
    </p>

    <p class='ocr_par' dir='ltr' id='par_1_13' title="bbox 131 2240 1025 2286">
     <span class='ocr_line' id='line_1_39' title="bbox 131 2240 1025 2286; baseline -0.002 -13"><span class='ocrx_word' id='word_1_248' title='bbox 131 2243 205 2273; x_wconf 76' lang='lat' dir='ltr'>Vim</span> <span class='ocrx_word' id='word_1_249' title='bbox 218 2242 392 2283; x_wconf 73' lang='lat' dir='ltr'>yeminam</span> <span class='ocrx_word' id='word_1_250' title='bbox 411 2241 529 2279; x_wconf 68' lang='lat' dir='ltr'>semis,</span> <span class='ocrx_word' id='word_1_251' title='bbox 556 2246 718 2286; x_wconf 73' lang='lat' dir='ltr'>paretque</span> <span class='ocrx_word' id='word_1_252' title='bbox 737 2242 866 2273; x_wconf 61' lang='lat' dir='ltr'>incerta</span> <span class='ocrx_word' id='word_1_253' title='bbox 883 2240 1025 2272; x_wconf 63' lang='lat' dir='ltr'>dnobus:</span> 
     </span>
    </p>

    <p class='ocr_par' dir='ltr' id='par_1_14' title="bbox 131 2291 959 2334">
     <span class='ocr_line' id='line_1_40' title="bbox 131 2291 959 2334; baseline 0 -9"><span class='ocrx_word' id='word_1_254' title='bbox 131 2294 286 2326; x_wconf 72' lang='lat' dir='ltr'>Thestias</span> <span class='ocrx_word' id='word_1_255' title='bbox 302 2293 391 2325; x_wconf 75' lang='lat' dir='ltr'>liam!</span> <span class='ocrx_word' id='word_1_256' title='bbox 407 2293 509 2324; x_wconf 74' lang='lat' dir='ltr'>aliter</span> <span class='ocrx_word' id='word_1_257' title='bbox 526 2293 638 2324; x_wconf 69' lang='lat' dir='ltr'>dubiis</span> <span class='ocrx_word' id='word_1_258' title='bbox 655 2291 828 2334; x_wconf 76' lang='lat' dir='ltr'>affectibus</span> <span class='ocrx_word' id='word_1_259' title='bbox 845 2297 959 2331; x_wconf 77' lang='lat' dir='ltr'>errat,</span> 
     </span>
    </p>

    <p class='ocr_par' dir='ltr' id='par_1_15' title="bbox 125 2345 1018 2391">
     <span class='ocr_line' id='line_1_41' title="bbox 125 2345 1018 2391; baseline -0.003 -13"><span class='ocrx_word' id='word_1_260' title='bbox 125 2347 230 2391; x_wconf 75' lang='lat' dir='ltr'>Inque</span> <span class='ocrx_word' id='word_1_261' title='bbox 250 2347 336 2378; x_wconf 69' lang='lat' dir='ltr'>vices</span> <span class='ocrx_word' id='word_1_262' title='bbox 349 2345 463 2387; x_wconf 66' lang='lat' dir='ltr'>ymnis,</span> <span class='ocrx_word' id='word_1_263' title='bbox 490 2345 701 2388; x_wconf 64' lang='lat' dir='ltr'>pos-iramque</span> <span class='ocrx_word' id='word_1_264' title='bbox 716 2346 899 2377; x_wconf 67' lang='lat' dir='ltr'>resuscitat</span> <span class='ocrx_word' id='word_1_265' title='bbox 917 2346 1018 2376; x_wconf 70' lang='lat' dir='ltr'>irunt.</span> 
     </span>
    </p>
   </div>
   <div class='ocr_carea' id='block_1_5' title="bbox 1104 2124 1107 2196">
    <p class='ocr_par' dir='ltr' id='par_1_16' title="bbox 1104 2124 1107 2196">
     <span class='ocr_line' id='line_1_42' title="bbox 1104 2124 1107 2196; baseline 0 0"><span class='ocrx_word' id='word_1_266' title='bbox 1104 2124 1107 2196; x_wconf 95' lang='lat' dir='ltr'> </span> 
     </span>
    </p>
   </div>
   <div class='ocr_carea' id='block_1_6' title="bbox 73 2405 1107 2724">
    <p class='ocr_par' dir='ltr' id='par_1_17' title="bbox 73 2405 1107 2724">
     <span class='ocr_line' id='line_1_43' title="bbox 74 2405 1078 2450; baseline -0.003 -12"><span class='ocrx_word' id='word_1_267' title='bbox 74 2405 206 2450; x_wconf 84' lang='lat' dir='ltr'>Magna</span> <span class='ocrx_word' id='word_1_268' title='bbox 233 2412 354 2439; x_wconf 81' lang='lat' dir='ltr'>autem</span> <span class='ocrx_word' id='word_1_269' title='bbox 384 2405 435 2438; x_wconf 71' lang='lat' dir='ltr'>vis</span> <span class='ocrx_word' id='word_1_270' title='bbox 463 2405 691 2450; x_wconf 72' lang='lat' dir='ltr'>eloquentiae</span> <span class='ocrx_word' id='word_1_271' title='bbox 717 2410 790 2444; x_wconf 89' lang='lat' dir='ltr'>est,</span> <span class='ocrx_word' id='word_1_272' title='bbox 826 2410 867 2437; x_wconf 87' lang='lat' dir='ltr'>ut</span> <span class='ocrx_word' id='word_1_273' title='bbox 889 2416 995 2448; x_wconf 82' lang='lat' dir='ltr'>saepe</span> <span class='ocrx_word' id='word_1_274' title='bbox 1017 2405 1078 2436; x_wconf 85' lang='lat' dir='ltr'>ad-</span> 
     </span>
     <span class='ocr_line' id='line_1_44' title="bbox 74 2455 1078 2498; baseline -0.005 -7"><span class='ocrx_word' id='word_1_275' title='bbox 74 2457 221 2498; x_wconf 87' lang='lat' dir='ltr'>monui,</span> <span class='ocrx_word' id='word_1_276' title='bbox 249 2458 285 2491; x_wconf 90' lang='lat' dir='ltr'>in</span> <span class='ocrx_word' id='word_1_277' title='bbox 311 2456 380 2491; x_wconf 87' lang='lat' dir='ltr'>illis</span> <span class='ocrx_word' id='word_1_278' title='bbox 406 2456 699 2492; x_wconf 82' lang='lat' dir='ltr'>contentionibus</span> <span class='ocrx_word' id='word_1_279' title='bbox 724 2468 785 2490; x_wconf 88' lang='lat' dir='ltr'>seu</span> <span class='ocrx_word' id='word_1_280' title='bbox 811 2456 914 2490; x_wconf 87' lang='lat' dir='ltr'>luctis</span> <span class='ocrx_word' id='word_1_281' title='bbox 937 2455 1078 2489; x_wconf 79' lang='lat' dir='ltr'>animo-</span> 
     </span>
     <span class='ocr_line' id='line_1_45' title="bbox 74 2506 1078 2556; baseline -0.002 -14"><span class='ocrx_word' id='word_1_282' title='bbox 74 2521 154 2542; x_wconf 89' lang='lat' dir='ltr'>rum</span> <span class='ocrx_word' id='word_1_283' title='bbox 167 2537 176 2549; x_wconf 93' lang='lat'>,</span> <span class='ocrx_word' id='word_1_284' title='bbox 203 2510 327 2556; x_wconf 82' lang='lat' dir='ltr'>quales</span> <span class='ocrx_word' id='word_1_285' title='bbox 346 2521 487 2544; x_wconf 81' lang='lat' dir='ltr'>necesse</span> <span class='ocrx_word' id='word_1_286' title='bbox 505 2515 555 2542; x_wconf 79' lang='lat' dir='ltr'>est</span> <span class='ocrx_word' id='word_1_287' title='bbox 572 2509 721 2543; x_wconf 83' lang='lat' dir='ltr'>existere</span> <span class='ocrx_word' id='word_1_288' title='bbox 738 2508 775 2541; x_wconf 90' lang='lat' dir='ltr'>in</span> <span class='ocrx_word' id='word_1_289' title='bbox 793 2506 1003 2542; x_wconf 85' lang='lat' dir='ltr'>hominihus</span> <span class='ocrx_word' id='word_1_290' title='bbox 1028 2509 1078 2540; x_wconf 77' lang='lat' dir='ltr'>fa-</span> 
     </span>
     <span class='ocr_line' id='line_1_46' title="bbox 74 2560 1079 2596; baseline 0 -3"><span class='ocrx_word' id='word_1_291' title='bbox 74 2561 198 2595; x_wconf 75' lang='lat' dir='ltr'>cinora</span> <span class='ocrx_word' id='word_1_292' title='bbox 217 2560 520 2596; x_wconf 84' lang='lat' dir='ltr'>machinantibus.</span> <span class='ocrx_word' id='word_1_293' title='bbox 574 2560 691 2596; x_wconf 84' lang='lat' dir='ltr'>Nemo</span> <span class='ocrx_word' id='word_1_294' title='bbox 711 2567 763 2594; x_wconf 83' lang='lat' dir='ltr'>est</span> <span class='ocrx_word' id='word_1_295' title='bbox 785 2560 882 2594; x_wconf 89' lang='lat' dir='ltr'>enim</span> <span class='ocrx_word' id='word_1_296' title='bbox 906 2567 980 2594; x_wconf 90' lang='lat' dir='ltr'>tam</span> <span class='ocrx_word' id='word_1_297' title='bbox 1005 2572 1079 2594; x_wconf 80' lang='lat' dir='ltr'>sce-</span> 
     </span>
     <span class='ocr_line' id='line_1_47' title="bbox 74 2613 1075 2657; baseline -0.002 -11"><span class='ocrx_word' id='word_1_298' title='bbox 74 2614 229 2653; x_wconf 76' lang='lat' dir='ltr'>letatus,</span> <span class='ocrx_word' id='word_1_299' title='bbox 265 2614 365 2649; x_wconf 88' lang='lat' dir='ltr'>cuius</span> <span class='ocrx_word' id='word_1_300' title='bbox 386 2614 530 2647; x_wconf 86' lang='lat' dir='ltr'>animus</span> <span class='ocrx_word' id='word_1_301' title='bbox 556 2626 629 2646; x_wconf 87' lang='lat' dir='ltr'>non</span> <span class='ocrx_word' id='word_1_302' title='bbox 655 2613 798 2657; x_wconf 89' lang='lat' dir='ltr'>saepius</span> <span class='ocrx_word' id='word_1_303' title='bbox 818 2613 1017 2647; x_wconf 80' lang='lat' dir='ltr'>reluctetur</span> <span class='ocrx_word' id='word_1_304' title='bbox 1044 2619 1075 2645; x_wconf 81' lang='lat' dir='ltr'>et</span> 
     </span>
     <span class='ocr_line' id='line_1_48' title="bbox 73 2663 1107 2724; baseline -0.001 -26"><span class='ocrx_word' id='word_1_305' title='bbox 73 2663 314 2710; x_wconf 86' lang='lat' dir='ltr'>reprehendat</span> <span class='ocrx_word' id='word_1_306' title='bbox 331 2679 434 2700; x_wconf 90' lang='lat' dir='ltr'>suum</span> <span class='ocrx_word' id='word_1_307' title='bbox 450 2667 626 2703; x_wconf 77' lang='lat' dir='ltr'>furorem,</span> <span class='ocrx_word' id='word_1_308' title='bbox 654 2672 848 2711; x_wconf 84' lang='lat' dir='ltr'>antequam</span> <span class='ocrx_word' id='word_1_309' title='bbox 868 2665 1079 2711; x_wconf 87' lang='lat' dir='ltr'>obsequitur</span> <span class='ocrx_word' id='word_1_310' title='bbox 1103 2676 1107 2724; x_wconf 78' lang='grc' dir='ltr'>Ι</span> 
     </span>
    </p>
   </div>
   <div class='ocr_carea' id='block_1_7' title="bbox 74 2716 1106 2815">
    <p class='ocr_par' dir='ltr' id='par_1_18' title="bbox 74 2716 1106 2815">
     <span class='ocr_line' id='line_1_49' title="bbox 74 2716 1106 2764; baseline -0.001 -14"><span class='ocrx_word' id='word_1_311' title='bbox 74 2717 271 2752; x_wconf 82' lang='lat' dir='ltr'>affectibus.</span> <span class='ocrx_word' id='word_1_312' title='bbox 324 2719 380 2751; x_wconf 86' lang='lat' dir='ltr'>Ad</span> <span class='ocrx_word' id='word_1_313' title='bbox 399 2716 486 2752; x_wconf 87' lang='lat' dir='ltr'>haec</span> <span class='ocrx_word' id='word_1_314' title='bbox 504 2730 613 2764; x_wconf 84' lang='lat' dir='ltr'>quarn</span> <span class='ocrx_word' id='word_1_315' title='bbox 632 2718 691 2751; x_wconf 88' lang='lat' dir='ltr'>illa</span> <span class='ocrx_word' id='word_1_316' title='bbox 711 2722 795 2752; x_wconf 90' lang='lat' dir='ltr'>sunt</span> <span class='ocrx_word' id='word_1_317' title='bbox 810 2717 959 2761; x_wconf 86' lang='lat' dir='ltr'>tragica,</span> <span class='ocrx_word' id='word_1_318' title='bbox 986 2728 1077 2762; x_wconf 83' lang='lat' dir='ltr'>quae</span> <span class='ocrx_word' id='word_1_319' title='bbox 1104 2725 1106 2737; x_wconf 61' lang='lat'>&gt;</span> 
     </span>
     <span class='ocr_line' id='line_1_50' title="bbox 74 2739 1106 2815; baseline 0 -15"><span class='ocrx_word' id='word_1_320' title='bbox 74 2770 117 2801; x_wconf 81' lang='lat' dir='ltr'>ab</span> <span class='ocrx_word' id='word_1_321' title='bbox 135 2768 283 2803; x_wconf 74' lang='lat' dir='ltr'>Althaea</span> <span class='ocrx_word' id='word_1_322' title='bbox 302 2770 472 2803; x_wconf 79' lang='lat' dir='ltr'>dicuntur</span> <span class='ocrx_word' id='word_1_323' title='bbox 494 2769 589 2813; x_wconf 76' lang='lat' dir='ltr'>(Vss.</span> <span class='ocrx_word' id='word_1_324' title='bbox 609 2767 877 2815; x_wconf 72' lang='grc'>482-485.);</span> <span class='ocrx_word' id='word_1_325' title='bbox 1102 2739 1106 2800; x_wconf 81' lang='lat' dir='ltr'>l</span> 
     </span>
    </p>
   </div>
   <div class='ocr_carea' id='block_1_8' title="bbox 524 128 1110 166">
    <p class='ocr_par' dir='ltr' id='par_1_19' title="bbox 524 128 1110 166">
     <span class='ocr_line' id='line_1_51' title="bbox 524 128 1110 166; baseline 0.002 -2"><span class='ocrx_word' id='word_1_326' title='bbox 524 128 814 166; x_wconf 79' lang='lat' dir='ltr'><strong>ENARRATIO</strong></span> <span class='ocrx_word' id='word_1_327' title='bbox 860 129 987 164; x_wconf 81' lang='lat' dir='ltr'>LIBRI</span> <span class='ocrx_word' id='word_1_328' title='bbox 1017 128 1110 165; x_wconf 67' lang='lat' dir='ltr'>vlu.</span> 
     </span>
    </p>
   </div>
   <div class='ocr_carea' id='block_1_9' title="bbox 1103 2074 1633 2124">
    <p class='ocr_par' dir='ltr' id='par_1_20' title="bbox 1103 2074 1633 2124">
     <span class='ocr_line' id='line_1_52' title="bbox 1103 2074 1633 2124; baseline -0.002 -11"><span class='ocrx_word' id='word_1_329' title='bbox 1103 2074 1107 2120; x_wconf 83' lang='grc' dir='ltr'>Ι</span> <span class='ocrx_word' id='word_1_330' title='bbox 1132 2091 1265 2124; x_wconf 85' lang='lat' dir='ltr'>magno</span> <span class='ocrx_word' id='word_1_331' title='bbox 1284 2078 1420 2123; x_wconf 86' lang='lat' dir='ltr'>impetu</span> <span class='ocrx_word' id='word_1_332' title='bbox 1438 2078 1633 2123; x_wconf 86' lang='lat' dir='ltr'>protrudit.</span> 
     </span>
    </p>
   </div>
   <div class='ocr_carea' id='block_1_10' title="bbox 1147 129 2138 417">
    <p class='ocr_par' dir='ltr' id='par_1_21' title="bbox 1147 129 2138 417">
     <span class='ocr_line' id='line_1_53' title="bbox 1147 129 2138 167; baseline 0.004 -5"><span class='ocrx_word' id='word_1_333' title='bbox 1147 129 1626 165; x_wconf 65' lang='lat' dir='ltr'>Mli&#39;t&#39;AMORPHOSEQN</span> <span class='ocrx_word' id='word_1_334' title='bbox 1663 130 1825 166; x_wconf 59' lang='lat' dir='ltr'>ovum.</span> <span class='ocrx_word' id='word_1_335' title='bbox 2063 132 2138 167; x_wconf 79' lang='grc'>586</span> 
     </span>
     <span class='ocr_line' id='line_1_54' title="bbox 1184 218 2026 262; baseline -0.001 -11"><span class='ocrx_word' id='word_1_336' title='bbox 1184 220 1383 252; x_wconf 67' lang='lat' dir='ltr'>Eumenides</span> <span class='ocrx_word' id='word_1_337' title='bbox 1400 221 1510 252; x_wconf 67' lang='lat' dir='ltr'>sacris</span> <span class='ocrx_word' id='word_1_338' title='bbox 1529 220 1635 251; x_wconf 66' lang='lat' dir='ltr'>vultus</span> <span class='ocrx_word' id='word_1_339' title='bbox 1662 221 1825 255; x_wconf 65' lang='lat' dir='ltr'>adm-rin:</span> <span class='ocrx_word' id='word_1_340' title='bbox 1845 221 1971 253; x_wconf 67' lang='lat' dir='ltr'>naslris</span> <span class='ocrx_word' id='word_1_341' title='bbox 1984 218 2026 262; x_wconf 69' lang='lat'>¹¹)</span> 
     </span>
     <span class='ocr_line' id='line_1_55' title="bbox 1185 270 2137 315; baseline 0 -12"><span class='ocrx_word' id='word_1_342' title='bbox 1185 272 1352 309; x_wconf 67' lang='lat' dir='ltr'>‘&#39;lc-iscar,</span> <span class='ocrx_word' id='word_1_343' title='bbox 1374 271 1528 315; x_wconf 64' lang='lat' dir='ltr'>silviaque</span> <span class='ocrx_word' id='word_1_344' title='bbox 1546 270 1641 313; x_wconf 67' lang='lat' dir='ltr'>nefas</span> <span class='ocrx_word' id='word_1_345' title='bbox 1654 298 1661 311; x_wconf 73' lang='lat'><em>‚</em></span> <span class='ocrx_word' id='word_1_346' title='bbox 1691 284 1785 304; x_wconf 67' lang='lat' dir='ltr'>&#39;nous</span> <span class='ocrx_word' id='word_1_347' title='bbox 1805 277 1909 304; x_wconf 72' lang='lat' dir='ltr'>morte</span> <span class='ocrx_word' id='word_1_348' title='bbox 1931 273 2061 314; x_wconf 71' lang='lat' dir='ltr'>pianda·</span> <span class='ocrx_word' id='word_1_349' title='bbox 2077 277 2137 304; x_wconf 71' lang='lat' dir='ltr'>est.</span> 
     </span>
     <span class='ocr_line' id='line_1_56' title="bbox 1183 323 2109 366; baseline 0 -11"><span class='ocrx_word' id='word_1_350' title='bbox 1183 325 1229 355; x_wconf 76' lang='lat'>111.</span> <span class='ocrx_word' id='word_1_351' title='bbox 1242 324 1348 356; x_wconf 66' lang='lat' dir='ltr'>scelus</span> <span class='ocrx_word' id='word_1_352' title='bbox 1365 325 1552 356; x_wconf 70' lang='lat' dir='ltr'>addendum</span> <span class='ocrx_word' id='word_1_353' title='bbox 1571 324 1678 355; x_wconf 61' lang='lat' dir='ltr'>scelus</span> <span class='ocrx_word' id='word_1_354' title='bbox 1693 329 1739 356; x_wconf 72' lang='lat' dir='ltr'>est</span> <span class='ocrx_word' id='word_1_355' title='bbox 1754 350 1760 362; x_wconf 72' lang='lat'>‚</span> <span class='ocrx_word' id='word_1_356' title='bbox 1793 326 1826 355; x_wconf 74' lang='lat' dir='ltr'>in</span> <span class='ocrx_word' id='word_1_357' title='bbox 1844 324 1971 366; x_wconf 70' lang='lat' dir='ltr'>limera</span> <span class='ocrx_word' id='word_1_358' title='bbox 1990 323 2109 366; x_wconf 57' lang='lat' dir='ltr'>ficitas.</span> 
     </span>
     <span class='ocr_line' id='line_1_57' title="bbox 1188 376 2013 417; baseline 0 -10"><span class='ocrx_word' id='word_1_359' title='bbox 1188 377 1251 407; x_wconf 71' lang='lat' dir='ltr'>t’er</span> <span class='ocrx_word' id='word_1_360' title='bbox 1267 381 1476 408; x_wconf 71' lang='lat' dir='ltr'>‹·‹m‹·‹¹1·1·(dos</span> <span class='ocrx_word' id='word_1_361' title='bbox 1493 380 1612 417; x_wconf 57' lang='lat' dir='ltr'>pereat</span> <span class='ocrx_word' id='word_1_362' title='bbox 1631 376 1748 407; x_wconf 61' lang='lat' dir='ltr'>‹lomus-</span> <span class='ocrx_word' id='word_1_363' title='bbox 1768 378 1873 417; x_wconf 71' lang='lat' dir='ltr'>impla</span> <span class='ocrx_word' id='word_1_364' title='bbox 1893 376 2013 408; x_wconf 65' lang='lat' dir='ltr'>lucius.</span> 
     </span>
    </p>
   </div>
   <div class='ocr_carea' id='block_1_11' title="bbox 1129 433 2139 625">
    <p class='ocr_par' dir='ltr' id='par_1_22' title="bbox 1129 433 2139 625">
     <span class='ocr_line' id='line_1_58' title="bbox 1129 433 2137 481; baseline 0 -14"><span class='ocrx_word' id='word_1_365' title='bbox 1129 433 1193 468; x_wconf 65' lang='lat' dir='ltr'>fist</span> <span class='ocrx_word' id='word_1_366' title='bbox 1217 436 1338 481; x_wconf 88' lang='lat' dir='ltr'>itaque</span> <span class='ocrx_word' id='word_1_367' title='bbox 1363 436 1457 469; x_wconf 87' lang='lat' dir='ltr'>inter</span> <span class='ocrx_word' id='word_1_368' title='bbox 1487 436 1679 480; x_wconf 85' lang='lat' dir='ltr'>praecipua</span> <span class='ocrx_word' id='word_1_369' title='bbox 1713 435 1941 480; x_wconf 79' lang='lat' dir='ltr'>eloquentiae</span> <span class='ocrx_word' id='word_1_370' title='bbox 1976 434 2137 479; x_wconf 88' lang='lat' dir='ltr'>exempla</span> 
     </span>
     <span class='ocr_line' id='line_1_59' title="bbox 1130 484 2139 533; baseline 0 -14"><span class='ocrx_word' id='word_1_371' title='bbox 1130 484 1217 519; x_wconf 86' lang='lat' dir='ltr'>baec</span> <span class='ocrx_word' id='word_1_372' title='bbox 1244 500 1390 533; x_wconf 82' lang='lat' dir='ltr'>quoque</span> <span class='ocrx_word' id='word_1_373' title='bbox 1418 485 1593 521; x_wconf 81' lang='lat' dir='ltr'>Althaeae</span> <span class='ocrx_word' id='word_1_374' title='bbox 1618 487 1815 533; x_wconf 84' lang='lat' dir='ltr'>disputatio</span> <span class='ocrx_word' id='word_1_375' title='bbox 1839 500 1901 521; x_wconf 89' lang='lat' dir='ltr'>seu</span> <span class='ocrx_word' id='word_1_376' title='bbox 1925 486 2139 520; x_wconf 85' lang='lat' dir='ltr'>deliberatio</span> 
     </span>
     <span class='ocr_line' id='line_1_60' title="bbox 1132 538 2138 586; baseline -0.002 -14"><span class='ocrx_word' id='word_1_377' title='bbox 1132 538 1373 581; x_wconf 80' lang='lat' dir='ltr'>observanda,</span> <span class='ocrx_word' id='word_1_378' title='bbox 1401 552 1469 585; x_wconf 88' lang='lat' dir='ltr'>qua</span> <span class='ocrx_word' id='word_1_379' title='bbox 1490 540 1546 572; x_wconf 68' lang='lat' dir='ltr'>vix</span> <span class='ocrx_word' id='word_1_380' title='bbox 1563 546 1677 583; x_wconf 78' lang='lat' dir='ltr'>potest</span> <span class='ocrx_word' id='word_1_381' title='bbox 1701 539 1895 586; x_wconf 81' lang='lat' dir='ltr'>quicquam</span> <span class='ocrx_word' id='word_1_382' title='bbox 1915 538 2064 583; x_wconf 87' lang='lat' dir='ltr'>cogitari</span> <span class='ocrx_word' id='word_1_383' title='bbox 2083 550 2138 571; x_wconf 86' lang='lat' dir='ltr'>ar-</span> 
     </span>
     <span class='ocr_line' id='line_1_61' title="bbox 1131 590 1328 625; baseline 0.005 -1"><span class='ocrx_word' id='word_1_384' title='bbox 1131 590 1328 625; x_wconf 81' lang='lat' dir='ltr'>tificiosius.</span> 
     </span>
    </p>
   </div>
   <div class='ocr_carea' id='block_1_12' title="bbox 1131 669 2143 1685">
    <p class='ocr_par' dir='ltr' id='par_1_23' title="bbox 1210 669 2062 768">
     <span class='ocr_line' id='line_1_62' title="bbox 1210 669 2062 711; baseline -0.002 -7"><span class='ocrx_word' id='word_1_385' title='bbox 1210 670 1436 711; x_wconf 62' lang='lat' dir='ltr'>Meleagri</span> <span class='ocrx_word' id='word_1_386' title='bbox 1466 683 1657 703; x_wconf 76' lang='lat' dir='ltr'>sorores</span> <span class='ocrx_word' id='word_1_387' title='bbox 1686 670 1728 703; x_wconf 84' lang='lat' dir='ltr'>in</span> <span class='ocrx_word' id='word_1_388' title='bbox 1757 684 1774 703; x_wconf 88' lang='lat' dir='ltr'>a</span> <span class='ocrx_word' id='word_1_389' title='bbox 1790 683 1863 704; x_wconf 66' lang='lat' dir='ltr'>ves</span> <span class='ocrx_word' id='word_1_390' title='bbox 1891 669 2062 703; x_wconf 81' lang='lat' dir='ltr'>Melea-</span> 
     </span>
     <span class='ocr_line' id='line_1_63' title="bbox 1517 722 1753 768; baseline 0.008 -14"><span class='ocrx_word' id='word_1_391' title='bbox 1517 722 1672 765; x_wconf 72' lang='lat' dir='ltr'>grides</span> <span class='ocrx_word' id='word_1_392' title='bbox 1696 722 1753 768; x_wconf 78' lang='lat'>¹⁵).</span> 
     </span>
    </p>

    <p class='ocr_par' dir='ltr' id='par_1_24' title="bbox 1131 782 2143 1455">
     <span class='ocr_line' id='line_1_64' title="bbox 1237 782 2140 828; baseline 0 -13"><span class='ocrx_word' id='word_1_393' title='bbox 1237 782 1335 816; x_wconf 87' lang='lat' dir='ltr'>Sicut</span> <span class='ocrx_word' id='word_1_394' title='bbox 1362 782 1574 827; x_wconf 84' lang='lat' dir='ltr'>peregrinae</span> <span class='ocrx_word' id='word_1_395' title='bbox 1600 784 1779 828; x_wconf 85' lang='lat' dir='ltr'>quaedam</span> <span class='ocrx_word' id='word_1_396' title='bbox 1804 796 1887 817; x_wconf 73' lang='lat' dir='ltr'>aves</span> <span class='ocrx_word' id='word_1_397' title='bbox 1917 795 2016 817; x_wconf 90' lang='lat' dir='ltr'>nono</span> <span class='ocrx_word' id='word_1_398' title='bbox 2050 794 2140 828; x_wconf 89' lang='lat' dir='ltr'>quo-</span> 
     </span>
     <span class='ocr_line' id='line_1_65' title="bbox 1133 834 2139 881; baseline -0.001 -13"><span class='ocrx_word' id='word_1_399' title='bbox 1133 847 1202 881; x_wconf 92' lang='lat' dir='ltr'>que</span> <span class='ocrx_word' id='word_1_400' title='bbox 1219 847 1316 868; x_wconf 89' lang='lat' dir='ltr'>anno</span> <span class='ocrx_word' id='word_1_401' title='bbox 1332 834 1369 867; x_wconf 93' lang='lat' dir='ltr'>in</span> <span class='ocrx_word' id='word_1_402' title='bbox 1386 834 1570 869; x_wconf 86' lang='lat' dir='ltr'>Prussiam</span> <span class='ocrx_word' id='word_1_403' title='bbox 1596 835 1791 875; x_wconf 72' lang='lat' dir='ltr'>advolant,</span> <span class='ocrx_word' id='word_1_404' title='bbox 1826 847 1918 881; x_wconf 86' lang='lat' dir='ltr'>quae</span> <span class='ocrx_word' id='word_1_405' title='bbox 1944 835 2051 879; x_wconf 69' lang='lat' dir='ltr'>vulgo</span> <span class='ocrx_word' id='word_1_406' title='bbox 2070 834 2139 867; x_wconf 90' lang='lat' dir='ltr'>Pa-</span> 
     </span>
     <span class='ocr_line' id='line_1_66' title="bbox 1132 886 2140 932; baseline -0.001 -12"><span class='ocrx_word' id='word_1_407' title='bbox 1132 887 1238 921; x_wconf 90' lang='lat' dir='ltr'>risiae</span> <span class='ocrx_word' id='word_1_408' title='bbox 1266 899 1350 921; x_wconf 78' lang='lat' dir='ltr'>aves</span> <span class='ocrx_word' id='word_1_409' title='bbox 1377 887 1564 920; x_wconf 86' lang='lat' dir='ltr'>dicuntur:</span> <span class='ocrx_word' id='word_1_410' title='bbox 1603 886 1651 920; x_wconf 84' lang='lat' dir='ltr'>ita</span> <span class='ocrx_word' id='word_1_411' title='bbox 1678 887 1783 921; x_wconf 87' lang='lat' dir='ltr'>certis</span> <span class='ocrx_word' id='word_1_412' title='bbox 1807 887 2031 932; x_wconf 88' lang='lat' dir='ltr'>temporibus</span> <span class='ocrx_word' id='word_1_413' title='bbox 2056 898 2140 920; x_wconf 86' lang='lat' dir='ltr'>aves</span> 
     </span>
     <span class='ocr_line' id='line_1_67' title="bbox 1132 938 2139 985; baseline -0.002 -12"><span class='ocrx_word' id='word_1_414' title='bbox 1132 952 1174 973; x_wconf 85' lang='lat' dir='ltr'>ex</span> <span class='ocrx_word' id='word_1_415' title='bbox 1192 939 1313 974; x_wconf 85' lang='lat' dir='ltr'>Africa</span> <span class='ocrx_word' id='word_1_416' title='bbox 1331 939 1367 972; x_wconf 91' lang='lat' dir='ltr'>in</span> <span class='ocrx_word' id='word_1_417' title='bbox 1385 938 1576 973; x_wconf 88' lang='lat' dir='ltr'>Boeotiam</span> <span class='ocrx_word' id='word_1_418' title='bbox 1595 939 1790 980; x_wconf 70' lang='lat' dir='ltr'>advolant,</span> <span class='ocrx_word' id='word_1_419' title='bbox 1819 952 1908 985; x_wconf 87' lang='lat' dir='ltr'>quas</span> <span class='ocrx_word' id='word_1_420' title='bbox 1927 945 2054 983; x_wconf 88' lang='lat' dir='ltr'>poetae</span> <span class='ocrx_word' id='word_1_421' title='bbox 2074 939 2139 971; x_wconf 82' lang='lat' dir='ltr'>fm-</span> 
     </span>
     <span class='ocr_line' id='line_1_68' title="bbox 1132 989 2139 1037; baseline -0.003 -11"><span class='ocrx_word' id='word_1_422' title='bbox 1132 998 1220 1037; x_wconf 86' lang='lat' dir='ltr'>gunt</span> <span class='ocrx_word' id='word_1_423' title='bbox 1245 1004 1389 1026; x_wconf 85' lang='lat' dir='ltr'>sorores</span> <span class='ocrx_word' id='word_1_424' title='bbox 1414 991 1521 1026; x_wconf 85' lang='lat' dir='ltr'>fuisse</span> <span class='ocrx_word' id='word_1_425' title='bbox 1546 991 1741 1036; x_wconf 84' lang='lat' dir='ltr'>Meleagri,</span> <span class='ocrx_word' id='word_1_426' title='bbox 1785 991 1869 1037; x_wconf 88' lang='lat' dir='ltr'>quia</span> <span class='ocrx_word' id='word_1_427' title='bbox 1894 991 2035 1031; x_wconf 89' lang='lat' dir='ltr'>locum,</span> <span class='ocrx_word' id='word_1_428' title='bbox 2078 989 2139 1024; x_wconf 91' lang='lat' dir='ltr'>ubi</span> 
     </span>
     <span class='ocr_line' id='line_1_69' title="bbox 1132 1044 2139 1089; baseline -0.003 -11"><span class='ocrx_word' id='word_1_429' title='bbox 1132 1044 1314 1089; x_wconf 87' lang='lat' dir='ltr'>Meleager</span> <span class='ocrx_word' id='word_1_430' title='bbox 1345 1044 1544 1078; x_wconf 84' lang='lat' dir='ltr'>tumulatus</span> <span class='ocrx_word' id='word_1_431' title='bbox 1577 1050 1655 1083; x_wconf 88' lang='lat' dir='ltr'>est,</span> <span class='ocrx_word' id='word_1_432' title='bbox 1703 1044 1860 1077; x_wconf 78' lang='lat' dir='ltr'>maxime</span> <span class='ocrx_word' id='word_1_433' title='bbox 1894 1045 2139 1089; x_wconf 78' lang='lat' dir='ltr'>frequentant.</span> 
     </span>
     <span class='ocr_line' id='line_1_70' title="bbox 1133 1095 2139 1140; baseline 0 -12"><span class='ocrx_word' id='word_1_434' title='bbox 1133 1096 1314 1130; x_wconf 86' lang='lat' dir='ltr'>Videntur</span> <span class='ocrx_word' id='word_1_435' title='bbox 1348 1103 1466 1129; x_wconf 88' lang='lat' dir='ltr'>autem</span> <span class='ocrx_word' id='word_1_436' title='bbox 1494 1095 1732 1140; x_wconf 85' lang='lat' dir='ltr'>Meleagrides</span> <span class='ocrx_word' id='word_1_437' title='bbox 1763 1108 1837 1130; x_wconf 86' lang='lat' dir='ltr'>esse</span> <span class='ocrx_word' id='word_1_438' title='bbox 1865 1097 2014 1130; x_wconf 86' lang='lat' dir='ltr'>eaedem</span> <span class='ocrx_word' id='word_1_439' title='bbox 2043 1107 2139 1135; x_wconf 71' lang='lat' dir='ltr'>aves,</span> 
     </span>
     <span class='ocr_line' id='line_1_71' title="bbox 1132 1147 2138 1194; baseline -0.004 -11"><span class='ocrx_word' id='word_1_440' title='bbox 1132 1156 1194 1183; x_wconf 85' lang='lat' dir='ltr'>aut</span> <span class='ocrx_word' id='word_1_441' title='bbox 1211 1161 1285 1182; x_wconf 91' lang='lat' dir='ltr'>non</span> <span class='ocrx_word' id='word_1_442' title='bbox 1303 1147 1494 1183; x_wconf 88' lang='lat' dir='ltr'>dissimiles</span> <span class='ocrx_word' id='word_1_443' title='bbox 1514 1147 1576 1189; x_wconf 90' lang='lat' dir='ltr'>iis,</span> <span class='ocrx_word' id='word_1_444' title='bbox 1604 1160 1697 1194; x_wconf 88' lang='lat' dir='ltr'>quae</span> <span class='ocrx_word' id='word_1_445' title='bbox 1722 1161 1764 1181; x_wconf 82' lang='lat' dir='ltr'>ex</span> <span class='ocrx_word' id='word_1_446' title='bbox 1781 1147 1880 1181; x_wconf 87' lang='lat' dir='ltr'>lndia</span> <span class='ocrx_word' id='word_1_447' title='bbox 1910 1161 2028 1193; x_wconf 87' lang='lat' dir='ltr'>nuper</span> <span class='ocrx_word' id='word_1_448' title='bbox 2051 1148 2138 1180; x_wconf 86' lang='lat' dir='ltr'>alla-</span> 
     </span>
     <span class='ocr_line' id='line_1_72' title="bbox 1132 1199 2140 1245; baseline -0.005 -9"><span class='ocrx_word' id='word_1_449' title='bbox 1132 1207 1190 1236; x_wconf 88' lang='lat' dir='ltr'>tae</span> <span class='ocrx_word' id='word_1_450' title='bbox 1222 1207 1324 1241; x_wconf 80' lang='lat' dir='ltr'>sunt,</span> <span class='ocrx_word' id='word_1_451' title='bbox 1367 1214 1408 1233; x_wconf 88' lang='lat' dir='ltr'>ac</span> <span class='ocrx_word' id='word_1_452' title='bbox 1444 1206 1621 1234; x_wconf 65' lang='lat' dir='ltr'>vocantur</span> <span class='ocrx_word' id='word_1_453' title='bbox 1647 1200 1801 1245; x_wconf 88' lang='lat' dir='ltr'>gallinae</span> <span class='ocrx_word' id='word_1_454' title='bbox 1830 1200 1986 1235; x_wconf 84' lang='lat' dir='ltr'>Indicae.</span> <span class='ocrx_word' id='word_1_455' title='bbox 2047 1199 2140 1234; x_wconf 82' lang='lat' dir='ltr'>Nam</span> 
     </span>
     <span class='ocr_line' id='line_1_73' title="bbox 1131 1252 2140 1298; baseline -0.005 -10"><span class='ocrx_word' id='word_1_456' title='bbox 1131 1253 1272 1288; x_wconf 80' lang='lat' dir='ltr'>Plinius</span> <span class='ocrx_word' id='word_1_457' title='bbox 1284 1252 1329 1298; x_wconf 79' lang='grc'>16)</span> <span class='ocrx_word' id='word_1_458' title='bbox 1347 1254 1456 1286; x_wconf 86' lang='lat' dir='ltr'>refert</span> <span class='ocrx_word' id='word_1_459' title='bbox 1472 1264 1546 1287; x_wconf 88' lang='lat' dir='ltr'>esse</span> <span class='ocrx_word' id='word_1_460' title='bbox 1568 1253 1785 1297; x_wconf 85' lang='lat' dir='ltr'>gallinarum</span> <span class='ocrx_word' id='word_1_461' title='bbox 1814 1266 1926 1298; x_wconf 87' lang='lat' dir='ltr'>genus</span> <span class='ocrx_word' id='word_1_462' title='bbox 1951 1252 2140 1297; x_wconf 85' lang='lat' dir='ltr'>gibberum</span> 
     </span>
     <span class='ocr_line' id='line_1_74' title="bbox 1133 1305 2142 1351; baseline -0.001 -13"><span class='ocrx_word' id='word_1_463' title='bbox 1133 1318 1173 1339; x_wconf 89' lang='lat' dir='ltr'>ac</span> <span class='ocrx_word' id='word_1_464' title='bbox 1192 1305 1303 1340; x_wconf 86' lang='lat' dir='ltr'>variis</span> <span class='ocrx_word' id='word_1_465' title='bbox 1325 1317 1491 1350; x_wconf 88' lang='lat' dir='ltr'>sparsum</span> <span class='ocrx_word' id='word_1_466' title='bbox 1518 1305 1672 1350; x_wconf 89' lang='lat' dir='ltr'>plumis,</span> <span class='ocrx_word' id='word_1_467' title='bbox 1707 1305 2018 1351; x_wconf 68' lang='lat' dir='ltr'>novissimumque</span> <span class='ocrx_word' id='word_1_468' title='bbox 2042 1316 2142 1349; x_wconf 90' lang='lat' dir='ltr'>pere-</span> 
     </span>
     <span class='ocr_line' id='line_1_75' title="bbox 1132 1357 2143 1403; baseline -0.003 -12"><span class='ocrx_word' id='word_1_469' title='bbox 1132 1357 1319 1403; x_wconf 85' lang='lat' dir='ltr'>grinarum</span> <span class='ocrx_word' id='word_1_470' title='bbox 1344 1357 1466 1391; x_wconf 85' lang='lat' dir='ltr'>avium</span> <span class='ocrx_word' id='word_1_471' title='bbox 1492 1357 1689 1391; x_wconf 85' lang='lat' dir='ltr'>admissum</span> <span class='ocrx_word' id='word_1_472' title='bbox 1718 1357 1754 1390; x_wconf 91' lang='lat' dir='ltr'>in</span> <span class='ocrx_word' id='word_1_473' title='bbox 1786 1369 1949 1398; x_wconf 88' lang='lat' dir='ltr'>mensas,</span> <span class='ocrx_word' id='word_1_474' title='bbox 1992 1362 2143 1402; x_wconf 88' lang='lat' dir='ltr'>propter</span> 
     </span>
     <span class='ocr_line' id='line_1_76' title="bbox 1132 1410 1450 1455; baseline 0 -12"><span class='ocrx_word' id='word_1_475' title='bbox 1132 1410 1314 1455; x_wconf 85' lang='lat' dir='ltr'>ingratum</span> <span class='ocrx_word' id='word_1_476' title='bbox 1340 1410 1450 1445; x_wconf 86' lang='lat' dir='ltr'>virus.</span> 
     </span>
    </p>

    <p class='ocr_par' dir='ltr' id='par_1_25' title="bbox 1159 1485 2142 1685">
     <span class='ocr_line' id='line_1_77' title="bbox 1159 1485 2113 1533; baseline -0.004 -12"><span class='ocrx_word' id='word_1_477' title='bbox 1159 1489 1412 1525; x_wconf 78' lang='lat' dir='ltr'>Perimele,</span> <span class='ocrx_word' id='word_1_478' title='bbox 1456 1488 1857 1533; x_wconf 83' lang='lat' dir='ltr'>Hippodomautis</span> <span class='ocrx_word' id='word_1_479' title='bbox 1894 1486 2018 1525; x_wconf 74' lang='lat' dir='ltr'>tilia,</span> <span class='ocrx_word' id='word_1_480' title='bbox 2072 1485 2113 1518; x_wconf 89' lang='lat' dir='ltr'>in</span> 
     </span>
     <span class='ocr_line' id='line_1_78' title="bbox 1527 1540 1740 1573; baseline 0.009 -2"><span class='ocrx_word' id='word_1_481' title='bbox 1527 1541 1626 1573; x_wconf 86' lang='lat' dir='ltr'>insu</span> <span class='ocrx_word' id='word_1_482' title='bbox 1642 1540 1740 1573; x_wconf 88' lang='lat' dir='ltr'>lam.</span> 
     </span>
     <span class='ocr_line' id='line_1_79' title="bbox 1185 1599 2142 1646; baseline -0.001 -14"><span class='ocrx_word' id='word_1_483' title='bbox 1185 1601 1245 1634; x_wconf 77' lang='lat' dir='ltr'>Vs.</span> <span class='ocrx_word' id='word_1_484' title='bbox 1261 1600 1348 1635; x_wconf 85' lang='lat'>588.</span> <span class='ocrx_word' id='word_1_485' title='bbox 1380 1603 1418 1634; x_wconf 81' lang='lat' dir='ltr'>ln</span> <span class='ocrx_word' id='word_1_486' title='bbox 1437 1603 1587 1641; x_wconf 66' lang='lat' dir='ltr'>totidem,</span> <span class='ocrx_word' id='word_1_487' title='bbox 1612 1602 1732 1633; x_wconf 68' lang='lat' dir='ltr'>mediis</span> <span class='ocrx_word' id='word_1_488' title='bbox 1750 1602 1837 1646; x_wconf 80' lang='lat' dir='ltr'>quod</span> <span class='ocrx_word' id='word_1_489' title='bbox 1849 1599 1892 1641; x_wconf 72' lang='grc'>17)</span> <span class='ocrx_word' id='word_1_490' title='bbox 1911 1600 2025 1632; x_wconf 71' lang='lat' dir='ltr'>cernis</span> <span class='ocrx_word' id='word_1_491' title='bbox 2038 1599 2142 1631; x_wconf 74' lang='lat' dir='ltr'>Echi-</span> 
     </span>
     <span class='ocr_line' id='line_1_80' title="bbox 1559 1654 1797 1685; baseline 0.004 -1"><span class='ocrx_word' id='word_1_492' title='bbox 1559 1654 1667 1685; x_wconf 65' lang='lat' dir='ltr'>nadas·</span> <span class='ocrx_word' id='word_1_493' title='bbox 1685 1654 1797 1685; x_wconf 72' lang='lat' dir='ltr'>undis.</span> 
     </span>
    </p>
   </div>
   <div class='ocr_carea' id='block_1_13' title="bbox 1133 1710 2142 1915">
    <p class='ocr_par' dir='ltr' id='par_1_26' title="bbox 1133 1710 2142 1915">
     <span class='ocr_line' id='line_1_81' title="bbox 1237 1710 2141 1758; baseline -0.006 -11"><span class='ocrx_word' id='word_1_494' title='bbox 1237 1711 1442 1747; x_wconf 75' lang='lat' dir='ltr'>Echinades</span> <span class='ocrx_word' id='word_1_495' title='bbox 1459 1713 1610 1752; x_wconf 85' lang='lat' dir='ltr'>insulae,</span> <span class='ocrx_word' id='word_1_496' title='bbox 1635 1725 1725 1758; x_wconf 87' lang='lat' dir='ltr'>quas</span> <span class='ocrx_word' id='word_1_497' title='bbox 1744 1712 1936 1746; x_wconf 89' lang='lat' dir='ltr'>inundatio</span> <span class='ocrx_word' id='word_1_498' title='bbox 1954 1717 1989 1744; x_wconf 88' lang='lat' dir='ltr'>et</span> <span class='ocrx_word' id='word_1_499' title='bbox 2006 1710 2141 1744; x_wconf 87' lang='lat' dir='ltr'>alluvio</span> 
     </span>
     <span class='ocr_line' id='line_1_82' title="bbox 1134 1762 2142 1809; baseline -0.003 -11"><span class='ocrx_word' id='word_1_500' title='bbox 1134 1765 1270 1805; x_wconf 86' lang='lat' dir='ltr'>effecit,</span> <span class='ocrx_word' id='word_1_501' title='bbox 1300 1764 1440 1809; x_wconf 85' lang='lat' dir='ltr'>poetice</span> <span class='ocrx_word' id='word_1_502' title='bbox 1464 1766 1650 1808; x_wconf 84' lang='lat' dir='ltr'>finguntur</span> <span class='ocrx_word' id='word_1_503' title='bbox 1676 1766 1721 1797; x_wconf 85' lang='lat' dir='ltr'>ab</span> <span class='ocrx_word' id='word_1_504' title='bbox 1736 1762 1898 1798; x_wconf 84' lang='lat' dir='ltr'>Acheloo</span> <span class='ocrx_word' id='word_1_505' title='bbox 1919 1769 1954 1796; x_wconf 89' lang='lat' dir='ltr'>et</span> <span class='ocrx_word' id='word_1_506' title='bbox 1969 1762 2142 1807; x_wconf 89' lang='lat' dir='ltr'>Neptuno</span> 
     </span>
     <span class='ocr_line' id='line_1_83' title="bbox 1134 1814 2141 1863; baseline -0.004 -12"><span class='ocrx_word' id='word_1_507' title='bbox 1134 1818 1300 1857; x_wconf 65' lang='lat' dir='ltr'>ess‘ectae,</span> <span class='ocrx_word' id='word_1_508' title='bbox 1330 1816 1413 1863; x_wconf 88' lang='lat' dir='ltr'>quia</span> <span class='ocrx_word' id='word_1_509' title='bbox 1431 1816 1465 1849; x_wconf 72' lang='lat' dir='ltr'>vi</span> <span class='ocrx_word' id='word_1_510' title='bbox 1490 1829 1667 1862; x_wconf 88' lang='lat' dir='ltr'>aquarum</span> <span class='ocrx_word' id='word_1_511' title='bbox 1695 1817 1750 1850; x_wconf 82' lang='lat' dir='ltr'>vel</span> <span class='ocrx_word' id='word_1_512' title='bbox 1775 1816 2062 1859; x_wconf 88' lang='lat' dir='ltr'>interrumpente</span> <span class='ocrx_word' id='word_1_513' title='bbox 2085 1814 2141 1848; x_wconf 80' lang='lat' dir='ltr'>vel</span> 
     </span>
     <span class='ocr_line' id='line_1_84' title="bbox 1133 1866 2142 1915; baseline -0.004 -12"><span class='ocrx_word' id='word_1_514' title='bbox 1133 1876 1325 1915; x_wconf 84' lang='lat' dir='ltr'>aggerente</span> <span class='ocrx_word' id='word_1_515' title='bbox 1348 1875 1482 1902; x_wconf 85' lang='lat' dir='ltr'>terram</span> <span class='ocrx_word' id='word_1_516' title='bbox 1509 1869 1647 1903; x_wconf 74' lang='lat' dir='ltr'>insulae</span> <span class='ocrx_word' id='word_1_517' title='bbox 1670 1875 1879 1902; x_wconf 90' lang='lat' dir='ltr'>nascuntur.</span> <span class='ocrx_word' id='word_1_518' title='bbox 1939 1866 2142 1911; x_wconf 85' lang='lat' dir='ltr'>Emergunt</span> 
     </span>
    </p>
   </div>
   <div class='ocr_carea' id='block_1_14' title="bbox 1104 1905 2141 1967">
    <p class='ocr_par' dir='ltr' id='par_1_27' title="bbox 1104 1905 2141 1967">
     <span class='ocr_line' id='line_1_85' title="bbox 1104 1905 2141 1967; baseline -0.004 -11"><span class='ocrx_word' id='word_1_519' title='bbox 1104 1905 1108 1967; x_wconf 70' lang='lat' dir='ltr'>l</span> <span class='ocrx_word' id='word_1_520' title='bbox 1133 1923 1241 1956; x_wconf 87' lang='lat' dir='ltr'>etiam</span> <span class='ocrx_word' id='word_1_521' title='bbox 1267 1921 1304 1955; x_wconf 91' lang='lat' dir='ltr'>in</span> <span class='ocrx_word' id='word_1_522' title='bbox 1334 1921 1425 1954; x_wconf 89' lang='lat' dir='ltr'>mari</span> <span class='ocrx_word' id='word_1_523' title='bbox 1456 1921 1612 1960; x_wconf 83' lang='lat' dir='ltr'>insulae,</span> <span class='ocrx_word' id='word_1_524' title='bbox 1661 1921 1808 1967; x_wconf 77' lang='lat' dir='ltr'>quando</span> <span class='ocrx_word' id='word_1_525' title='bbox 1832 1927 1893 1953; x_wconf 88' lang='lat' dir='ltr'>aut</span> <span class='ocrx_word' id='word_1_526' title='bbox 1921 1931 2015 1965; x_wconf 84' lang='lat' dir='ltr'>aqua</span> <span class='ocrx_word' id='word_1_527' title='bbox 2045 1930 2141 1952; x_wconf 86' lang='lat' dir='ltr'>rece-</span> 
     </span>
    </p>
   </div>
   <div class='ocr_carea' id='block_1_15' title="bbox 1132 1970 2141 2322">
    <p class='ocr_par' dir='ltr' id='par_1_28' title="bbox 1132 1970 2141 2322">
     <span class='ocr_line' id='line_1_86' title="bbox 1132 1970 2141 2018; baseline -0.002 -10"><span class='ocrx_word' id='word_1_528' title='bbox 1132 1975 1204 2014; x_wconf 88' lang='lat' dir='ltr'>dit,</span> <span class='ocrx_word' id='word_1_529' title='bbox 1226 1981 1285 2007; x_wconf 91' lang='lat' dir='ltr'>aut</span> <span class='ocrx_word' id='word_1_530' title='bbox 1304 1973 1451 2018; x_wconf 86' lang='lat' dir='ltr'>spiritus</span> <span class='ocrx_word' id='word_1_531' title='bbox 1467 1980 1585 2007; x_wconf 88' lang='lat' dir='ltr'>terrae</span> <span class='ocrx_word' id='word_1_532' title='bbox 1603 1973 1758 2007; x_wconf 88' lang='lat' dir='ltr'>inclusus</span> <span class='ocrx_word' id='word_1_533' title='bbox 1776 1979 1903 2017; x_wconf 90' lang='lat' dir='ltr'>potens</span> <span class='ocrx_word' id='word_1_534' title='bbox 1921 1978 2030 2017; x_wconf 89' lang='lat' dir='ltr'>atque</span> <span class='ocrx_word' id='word_1_535' title='bbox 2049 1970 2141 2006; x_wconf 85' lang='lat' dir='ltr'>acris</span> 
     </span>
     <span class='ocr_line' id='line_1_87' title="bbox 1133 2023 2138 2072; baseline -0.003 -13"><span class='ocrx_word' id='word_1_536' title='bbox 1133 2027 1247 2072; x_wconf 86' lang='lat' dir='ltr'>ipsam</span> <span class='ocrx_word' id='word_1_537' title='bbox 1266 2033 1399 2059; x_wconf 86' lang='lat' dir='ltr'>terram</span> <span class='ocrx_word' id='word_1_538' title='bbox 1418 2025 1485 2059; x_wconf 88' lang='lat' dir='ltr'>sibi</span> <span class='ocrx_word' id='word_1_539' title='bbox 1502 2026 1651 2059; x_wconf 84' lang='lat' dir='ltr'>luctanti</span> <span class='ocrx_word' id='word_1_540' title='bbox 1670 2025 1892 2060; x_wconf 87' lang='lat' dir='ltr'>resistentem</span> <span class='ocrx_word' id='word_1_541' title='bbox 1918 2023 2071 2063; x_wconf 87' lang='lat' dir='ltr'>attollit,</span> <span class='ocrx_word' id='word_1_542' title='bbox 2107 2030 2138 2056; x_wconf 81' lang='lat' dir='ltr'>et</span> 
     </span>
     <span class='ocr_line' id='line_1_88' title="bbox 1688 2074 2140 2122; baseline -0.007 -11"><span class='ocrx_word' id='word_1_543' title='bbox 1688 2077 1764 2111; x_wconf 87' lang='lat' dir='ltr'>Hoc</span> <span class='ocrx_word' id='word_1_544' title='bbox 1790 2077 1899 2122; x_wconf 87' lang='lat' dir='ltr'>igitur</span> <span class='ocrx_word' id='word_1_545' title='bbox 1924 2077 2034 2110; x_wconf 90' lang='lat' dir='ltr'>modo</span> <span class='ocrx_word' id='word_1_546' title='bbox 2052 2074 2140 2109; x_wconf 85' lang='lat' dir='ltr'>Ovi-</span> 
     </span>
     <span class='ocr_line' id='line_1_89' title="bbox 1132 2127 2141 2171; baseline -0.005 -7"><span class='ocrx_word' id='word_1_547' title='bbox 1132 2131 1212 2166; x_wconf 80' lang='lat' dir='ltr'>dius</span> <span class='ocrx_word' id='word_1_548' title='bbox 1232 2131 1364 2165; x_wconf 87' lang='lat' dir='ltr'>indicat</span> <span class='ocrx_word' id='word_1_549' title='bbox 1392 2137 1426 2164; x_wconf 88' lang='lat' dir='ltr'>et</span> <span class='ocrx_word' id='word_1_550' title='bbox 1442 2130 1647 2164; x_wconf 85' lang='lat' dir='ltr'>Perimelen</span> <span class='ocrx_word' id='word_1_551' title='bbox 1673 2130 1850 2171; x_wconf 82' lang='lat' dir='ltr'>extitisse,</span> <span class='ocrx_word' id='word_1_552' title='bbox 1885 2141 1965 2163; x_wconf 90' lang='lat' dir='ltr'>cum</span> <span class='ocrx_word' id='word_1_553' title='bbox 1993 2127 2063 2167; x_wconf 86' lang='lat' dir='ltr'>ait,</span> <span class='ocrx_word' id='word_1_554' title='bbox 2099 2127 2141 2160; x_wconf 85' lang='lat' dir='ltr'>il-</span> 
     </span>
     <span class='ocr_line' id='line_1_90' title="bbox 1134 2181 2139 2228; baseline -0.004 -11"><span class='ocrx_word' id='word_1_555' title='bbox 1134 2185 1203 2218; x_wconf 88' lang='lat' dir='ltr'>lam</span> <span class='ocrx_word' id='word_1_556' title='bbox 1226 2184 1333 2218; x_wconf 81' lang='lat' dir='ltr'>suisse</span> <span class='ocrx_word' id='word_1_557' title='bbox 1359 2190 1538 2217; x_wconf 88' lang='lat' dir='ltr'>servatam</span> <span class='ocrx_word' id='word_1_558' title='bbox 1569 2182 1741 2216; x_wconf 84' lang='lat' dir='ltr'>beneficio</span> <span class='ocrx_word' id='word_1_559' title='bbox 1758 2181 1940 2228; x_wconf 89' lang='lat' dir='ltr'>Neptuni,</span> <span class='ocrx_word' id='word_1_560' title='bbox 1975 2193 2019 2214; x_wconf 88' lang='lat' dir='ltr'>ne</span> <span class='ocrx_word' id='word_1_561' title='bbox 2045 2192 2139 2213; x_wconf 88' lang='lat' dir='ltr'>mer-</span> 
     </span>
     <span class='ocr_line' id='line_1_91' title="bbox 1132 2234 2138 2281; baseline -0.006 -10"><span class='ocrx_word' id='word_1_562' title='bbox 1132 2243 1294 2281; x_wconf 86' lang='lat' dir='ltr'>geretur:</span> <span class='ocrx_word' id='word_1_563' title='bbox 1332 2236 1380 2269; x_wconf 87' lang='lat' dir='ltr'>ita</span> <span class='ocrx_word' id='word_1_564' title='bbox 1399 2237 1443 2269; x_wconf 86' lang='lat' dir='ltr'>ad</span> <span class='ocrx_word' id='word_1_565' title='bbox 1464 2236 1602 2269; x_wconf 84' lang='lat' dir='ltr'>fabulas</span> <span class='ocrx_word' id='word_1_566' title='bbox 1621 2236 1856 2275; x_wconf 80' lang='lat' dir='ltr'>transfertur,</span> <span class='ocrx_word' id='word_1_567' title='bbox 1893 2234 1989 2280; x_wconf 82' lang='lat' dir='ltr'>quod</span> <span class='ocrx_word' id='word_1_568' title='bbox 2017 2245 2138 2266; x_wconf 85' lang='lat' dir='ltr'>rerum</span> 
     </span>
     <span class='ocr_line' id='line_1_92' title="bbox 1132 2288 1374 2322; baseline 0 0"><span class='ocrx_word' id='word_1_569' title='bbox 1132 2296 1261 2322; x_wconf 85' lang='lat' dir='ltr'>natura</span> <span class='ocrx_word' id='word_1_570' title='bbox 1281 2288 1374 2322; x_wconf 79' lang='lat' dir='ltr'>fecit.</span> 
     </span>
    </p>
   </div>
   <div class='ocr_carea' id='block_1_16' title="bbox 1375 2355 1895 2392">
    <p class='ocr_par' dir='ltr' id='par_1_29' title="bbox 1375 2355 1895 2392">
     <span class='ocr_line' id='line_1_93' title="bbox 1375 2355 1895 2392; baseline -0.004 -1"><span class='ocrx_word' id='word_1_571' title='bbox 1375 2358 1538 2392; x_wconf 75' lang='lat' dir='ltr'>Baucis</span> <span class='ocrx_word' id='word_1_572' title='bbox 1567 2365 1604 2391; x_wconf 89' lang='lat' dir='ltr'>et</span> <span class='ocrx_word' id='word_1_573' title='bbox 1636 2355 1895 2391; x_wconf 76' lang='lat' dir='ltr'>Philemon.</span> 
     </span>
    </p>
   </div>
   <div class='ocr_carea' id='block_1_17' title="bbox 1133 2414 2135 2515">
    <p class='ocr_par' dir='ltr' id='par_1_30' title="bbox 1133 2414 2135 2515">
     <span class='ocr_line' id='line_1_94' title="bbox 1236 2414 2135 2460; baseline -0.006 -8"><span class='ocrx_word' id='word_1_574' title='bbox 1236 2419 1405 2453; x_wconf 77' lang='lat' dir='ltr'>Baucidis</span> <span class='ocrx_word' id='word_1_575' title='bbox 1422 2426 1456 2453; x_wconf 87' lang='lat' dir='ltr'>et</span> <span class='ocrx_word' id='word_1_576' title='bbox 1472 2416 1697 2453; x_wconf 89' lang='lat' dir='ltr'>Philemonis</span> <span class='ocrx_word' id='word_1_577' title='bbox 1714 2418 1834 2452; x_wconf 85' lang='lat' dir='ltr'>sabula</span> <span class='ocrx_word' id='word_1_578' title='bbox 1852 2419 1954 2451; x_wconf 86' lang='lat' dir='ltr'>docet</span> <span class='ocrx_word' id='word_1_579' title='bbox 1976 2414 2135 2460; x_wconf 85' lang='lat' dir='ltr'>hospita-</span> 
     </span>
     <span class='ocr_line' id='line_1_95' title="bbox 1133 2465 2134 2515; baseline -0.004 -11"><span class='ocrx_word' id='word_1_580' title='bbox 1133 2471 1268 2505; x_wconf 85' lang='lat' dir='ltr'>litatem</span> <span class='ocrx_word' id='word_1_581' title='bbox 1296 2484 1335 2504; x_wconf 89' lang='lat' dir='ltr'>ac</span> <span class='ocrx_word' id='word_1_582' title='bbox 1359 2472 1600 2514; x_wconf 70' lang='lat' dir='ltr'>frugalitatem</span> <span class='ocrx_word' id='word_1_583' title='bbox 1629 2471 1704 2504; x_wconf 90' lang='lat' dir='ltr'>Deo</span> <span class='ocrx_word' id='word_1_584' title='bbox 1731 2477 1869 2515; x_wconf 82' lang='lat' dir='ltr'>gratam</span> <span class='ocrx_word' id='word_1_585' title='bbox 1896 2482 1981 2503; x_wconf 80' lang='lat' dir='ltr'>esse.</span> <span class='ocrx_word' id='word_1_586' title='bbox 2036 2465 2134 2501; x_wconf 82' lang='lat' dir='ltr'>Idem</span> 
     </span>
    </p>
   </div>
   <div class='ocr_carea' id='block_1_18' title="bbox 1169 2577 2134 2813">
    <p class='ocr_par' dir='ltr' id='par_1_31' title="bbox 1171 2577 2134 2642">
     <span class='ocr_line' id='line_1_96' title="bbox 1171 2577 2134 2612; baseline -0.005 -6"><span class='ocrx_word' id='word_1_587' title='bbox 1171 2583 1215 2612; x_wconf 70' lang='lat'>1⁴)</span> <span class='ocrx_word' id='word_1_588' title='bbox 1235 2582 1361 2609; x_wconf 59' lang='lat' dir='ltr'>nastris!</span> <span class='ocrx_word' id='word_1_589' title='bbox 1383 2581 1421 2605; x_wconf 70' lang='lat' dir='ltr'>si«-</span> <span class='ocrx_word' id='word_1_590' title='bbox 1444 2581 1525 2605; x_wconf 61' lang='lat' dir='ltr'>biatu.</span> <span class='ocrx_word' id='word_1_591' title='bbox 1545 2582 1636 2604; x_wconf 68' lang='lat'>1555..</span> <span class='ocrx_word' id='word_1_592' title='bbox 1661 2581 1751 2602; x_wconf 41' lang='lat'>15:120:</span> <span class='ocrx_word' id='word_1_593' title='bbox 1780 2577 1857 2601; x_wconf 68' lang='lat' dir='ltr'>(ind.</span> <span class='ocrx_word' id='word_1_594' title='bbox 1888 2579 1933 2601; x_wconf 66' lang='grc' dir='ltr'>ΕΛ.</span> <span class='ocrx_word' id='word_1_595' title='bbox 1956 2577 2064 2599; x_wconf 47' lang='lat' dir='ltr'>lingva,</span> <span class='ocrx_word' id='word_1_596' title='bbox 2088 2585 2134 2601; x_wconf 68' lang='lat' dir='ltr'>re-</span> 
     </span>
     <span class='ocr_line' id='line_1_97' title="bbox 1201 2619 1292 2642; baseline -0.022 0"><span class='ocrx_word' id='word_1_597' title='bbox 1201 2619 1292 2642; x_wconf 74' lang='lat' dir='ltr'>seros.</span> 
     </span>
    </p>

    <p class='ocr_par' dir='ltr' id='par_1_32' title="bbox 1169 2659 1570 2689">
     <span class='ocr_line' id='line_1_98' title="bbox 1169 2659 1570 2689; baseline -0.007 -5"><span class='ocrx_word' id='word_1_598' title='bbox 1169 2662 1213 2688; x_wconf 75' lang='lat'>15)</span> <span class='ocrx_word' id='word_1_599' title='bbox 1233 2660 1313 2684; x_wconf 78' lang='lat' dir='ltr'>Ovid.</span> <span class='ocrx_word' id='word_1_600' title='bbox 1335 2661 1397 2684; x_wconf 74' lang='lat' dir='ltr'>Met.</span> <span class='ocrx_word' id='word_1_601' title='bbox 1420 2660 1493 2689; x_wconf 77' lang='lat' dir='ltr'>xm,</span> <span class='ocrx_word' id='word_1_602' title='bbox 1512 2659 1570 2682; x_wconf 72' lang='lat' dir='ltr'>52⁰v</span> 
     </span>
    </p>

    <p class='ocr_par' dir='ltr' id='par_1_33' title="bbox 1170 2699 2132 2763">
     <span class='ocr_line' id='line_1_99' title="bbox 1170 2699 2132 2733; baseline -0.005 -6"><span class='ocrx_word' id='word_1_603' title='bbox 1170 2704 1215 2733; x_wconf 73' lang='lat'>16}</span> <span class='ocrx_word' id='word_1_604' title='bbox 1235 2704 1303 2728; x_wconf 44' lang='lat' dir='ltr'>Ptin,</span> <span class='ocrx_word' id='word_1_605' title='bbox 1326 2704 1386 2727; x_wconf 73' lang='lat' dir='ltr'>Nat.</span> <span class='ocrx_word' id='word_1_606' title='bbox 1410 2703 1480 2727; x_wconf 74' lang='lat' dir='ltr'>Hist.</span> <span class='ocrx_word' id='word_1_607' title='bbox 1502 2703 1535 2725; x_wconf 75' lang='grc' dir='ltr'>Χ.</span> <span class='ocrx_word' id='word_1_608' title='bbox 1557 2709 1578 2724; x_wconf 69' lang='grc' dir='ltr'>ν,</span> <span class='ocrx_word' id='word_1_609' title='bbox 1597 2701 1638 2724; x_wconf 70' lang='grc'>38.</span> <span class='ocrx_word' id='word_1_610' title='bbox 1668 2702 1714 2724; x_wconf 70' lang='lat' dir='ltr'>Ed.</span> <span class='ocrx_word' id='word_1_611' title='bbox 1734 2701 1834 2724; x_wconf 55' lang='lat' dir='ltr'>Erana</span> <span class='ocrx_word' id='word_1_612' title='bbox 1856 2705 1892 2728; x_wconf 71' lang='lat' dir='ltr'>(c.</span> <span class='ocrx_word' id='word_1_613' title='bbox 1911 2700 1953 2723; x_wconf 69' lang='lat'>26.</span> <span class='ocrx_word' id='word_1_614' title='bbox 1977 2699 2060 2723; x_wconf 66' lang='lat' dir='ltr'>mitt.</span> <span class='ocrx_word' id='word_1_615' title='bbox 2080 2705 2132 2722; x_wconf 75' lang='lat' dir='ltr'>un·</span> 
     </span>
     <span class='ocr_line' id='line_1_100' title="bbox 1203 2740 1221 2762; baseline 0.014 0"><span class='ocrx_word' id='word_1_616' title='bbox 1203 2740 1221 2762; x_wconf 81' lang='lat' dir='ltr'>n&#39;</span> 
     </span>
    </p>

    <p class='ocr_par' dir='ltr' id='par_1_34' title="bbox 1171 2742 2113 2813">
     <span class='ocr_line' id='line_1_101' title="bbox 1171 2742 2113 2813; baseline -0.007 -8"><span class='ocrx_word' id='word_1_617' title='bbox 1171 2742 1324 2813; x_wconf 50' lang='lat' dir='ltr'>17quitod!</span> <span class='ocrx_word' id='word_1_618' title='bbox 1346 2783 1386 2805; x_wconf 70' lang='lat' dir='ltr'>sir·</span> <span class='ocrx_word' id='word_1_619' title='bbox 1406 2781 1489 2805; x_wconf 65' lang='lat' dir='ltr'>Editt.</span> <span class='ocrx_word' id='word_1_620' title='bbox 1511 2780 1600 2804; x_wconf 68' lang='lat'>1555..</span> <span class='ocrx_word' id='word_1_621' title='bbox 1628 2780 1717 2803; x_wconf 72' lang='lat' dir='ltr'>t.359.:</span> <span class='ocrx_word' id='word_1_622' title='bbox 1748 2779 1816 2803; x_wconf 60' lang='lat' dir='ltr'>ovid</span> <span class='ocrx_word' id='word_1_623' title='bbox 1846 2780 1891 2802; x_wconf 62' lang='lat' dir='ltr'>tud.</span> <span class='ocrx_word' id='word_1_624' title='bbox 1910 2779 2006 2802; x_wconf 66' lang='lat' dir='ltr'>Mitsvli</span> <span class='ocrx_word' id='word_1_625' title='bbox 2037 2779 2113 2808; x_wconf 64' lang='lat' dir='ltr'>«sunt.</span> 
     </span>
    </p>
   </div>
  </div>
 </body>
</html>
