2421 3005
67 101 144 139 529
408 99 497 135 XCI.

118 189 237 223 Pallor
252 189 288 221 in
305 199 361 221 ore
378 189 489 228 sedet,
517 190 643 222 macies
661 190 699 222 in
715 200 850 231 corpore
865 193 945 223 tolo.

62 248 153 282 Item
190 247 268 293 (Vs.
289 247 415 292 777.):

115 302 259 335 Pectora
270 299 352 344 selle
371 302 503 342 virent,
537 301 657 344 hayna
672 305 722 334 est
739 299 870 343 suffusa
887 312 1023 335 veneno.

60 360 140 395 Hoc
160 367 224 402 est,
236 362 497 395 obtrectatores
515 361 612 405 pleni
629 367 713 395 sunt
731 361 949 402 acerbitatis,
966 359 1074 394 nihil-

61 426 131 459 que
159 420 212 447 est
236 413 306 447 illis
333 413 565 446 virulentius:
595 414 692 447 unde
708 420 835 446 natum
857 420 908 447 est
924 426 1073 458 prover-

59 465 181 507 bium,
208 463 462 512 Sycophantae
482 478 644 499 morsum
665 478 739 499 esse
756 465 1006 500 incurabilem.

268 551 505 596 Aglauros
540 551 586 584 in
623 551 856 595 saxumffl).

160 611 341 656 Aglauros
365 618 503 646 mutata
529 612 566 645 in
591 625 736 652 saxum,
778 612 955 657 significat
981 613 1072 646 invi-

59 663 125 697 dos
143 675 183 697 ac
200 664 400 698 malevolos
418 664 495 698 fieri
513 677 651 705 saxeos,
679 662 749 698 hoc
765 670 836 705 est,
865 676 1013 709 asperos
1033 671 1068 698 et

58 715 104 749 ab
121 716 221 749 omni
240 713 468 750 humanitate
485 717 633 751 alienos.
667 714 767 751 Nihil
784 723 836 750 est
854 717 949 749 enim
969 729 1071 761 aspe-

56 767 152 808 rius,
184 765 281 801 nihil
304 766 560 809 inhumanius,
595 780 704 814 quam
732 768 896 801 invidere
922 769 1069 804 alterius

55 819 163 853 rebus
182 821 368 861 secundis,
397 833 491 867 quae
507 819 600 854 nihil
621 826 754 854 nocent
771 819 961 855 invidenti.

309 915 491 962 Iupiter
526 916 569 949 in
603 922 806 951 taurum.

157 977 440 1011 Accommodari
469 983 589 1021 potest
615 977 661 1010 ad
686 976 869 1022 principes
895 977 1067 1011 libidino-

52 1040 111 1062 sos
144 1035 180 1061 et
203 1029 406 1072 puellarum
440 1035 548 1073 raptu
578 1028 751 1069 infames,
793 1029 856 1075 qui
878 1029 1066 1063 amatoriis

50 1079 260 1114 levitatibus
282 1081 415 1122 dediti,
445 1080 713 1115 obliviscuntur
730 1093 929 1125 personae,
955 1094 1065 1128 quam

84 1181 132 1213 so)
155 1182 237 1207 Ovid.
256 1183 321 1206 Met.
337 1182 371 1212 ιι,
385 1181 547 1206 785—832.

550 99 839 135 ENARRATIO
874 99 1005 135 LIBRI
1030 100 1087 137 Ill.

1123 101 1606 139 METAMORPHOSEON
1645 103 1808 140 OVIDII.
2072 107 2148 143 530

1129 190 1330 231 sustinent,
1373 191 1536 236 fiuntque
1581 191 1716 226 similes
1759 199 1963 227 taurorum.
2041 193 2147 230 Eius-

1131 242 1230 275 modi
1246 242 1293 282 61)
1318 243 1414 276 enim
1440 243 1643 288 principem
1671 244 1814 277 videtur
1833 245 1985 279 Ovidius
2002 243 2061 280 hie
2087 249 2146 281 de-

1129 294 1297 344 pingere,
1325 308 1404 329 cum
1424 295 1544 341 inquit
1571 295 1663 338 (Vss.
1683 295 1956 344 846—851.):

1181 367 1262 398 IVon
1279 365 1359 398 benc
1376 366 1578 398 conveniunt
1594 377 1653 399 nec
1676 368 1711 399 in
1732 379 1801 399 una
1820 369 1896 400 sede
1915 372 2093 401 moraniur

1181 418 1356 450 Maiestas
1371 422 1402 450 cl
1417 430 1533 457 amor,
1562 420 1687 461 sceptri
1698 421 1870 462 yrccriiaie
1891 420 2021 452 relicta.

1180 469 1244 500 Ille
1255 474 1355 511 pater
1373 475 1547 515 rectorque
1561 471 1697 510 Deam,
1725 473 1779 503 cm*
1795 472 1923 504 dextra
1942 471 2095 505 trisulce’s

1179 521 1321 564 lym'bns
1337 526 1475 554 ccrnmm
1492 527 1558 562 cst,
1589 524 1647 568 qui
1667 528 1751 556 nutu
1767 524 1915 556 concutit
1932 523 2061 563 orbem,

1180 573 1344 605 Indeciiur
1359 573 1484 616 ficce'cm
1501 576 1615 614 lauri,
1646 576 1844 620 mistusque
1862 577 2021 607 iuvencae
2038 573 2086 620 ⁶²)

1178 625 1297 668 Muyit
1316 630 1347 658 et
1365 628 1399 658 in
1417 627 1544 659 teneris
1559 626 1731 668 formosus
1747 627 1937 660 obambulat
1954 627 2081 660 herbis.

1127 691 1319 726 Caeterum
1355 695 1453 739 quod
1486 696 1532 727 ad
1562 692 1751 728 historiam
1786 696 1935 735 attinet,
1976 694 2139 740 Europa,

1123 745 1303 789 AgenorIS
1327 746 1420 786 filia,
1449 758 1467 778 a
1488 745 1718 780 Cretensibus
1743 754 1846 792 rapta
1875 755 1909 781 et
1934 747 1970 779 in
1991 747 2138 781 Cretam

1124 797 1279 830 abducta
1307 803 1359 832 cst
1380 797 1485 838 navi,
1521 798 1558 830 in
1589 810 1660 844 qua
1687 805 1812 833 taurus
1830 799 2056 843 eratpictus;
2083 797 2139 833 lu-

1123 850 1218 893 piter
1242 862 1347 889 vero,
1393 849 1456 895 qui
1483 862 1525 883 eo
1552 856 1716 894 tempore
1748 852 1923 895 regnabat
1953 851 1989 883 in
2018 851 2137 893 Creta,

1122 901 1256 936 liberos
1287 914 1328 934 ex
1350 913 1389 934 ea
1416 902 1563 945 genuit,
1603 902 1728 935 Minoa
1759 910 1793 936 et
1816 901 2134 937 Rliadamantum:

1122 953 1205 987 inde
1221 960 1307 987 nata
1327 960 1380 988 est
1396 954 1518 988 fabula
1536 955 1580 987 de
1599 953 1748 1000 Europa
1769 968 1787 988 a
1805 962 1910 990 tauro
1932 962 2047 1000 rapta.

1155 1096 1202 1127 61)
1224 1098 1381 1127 Eiusmodi]
1402 1099 1452 1123 Ed.
1472 1100 1548 1124 ¹559.
1567 1100 1656 1124 male:
1686 1100 1847 1126 EiusmodO.

1154 1149 1202 1190 62)=
1223 1150 1382 1190 iuvencae]
1412 1151 1452 1175 sic
1479 1152 1562 1176 Editt.
1587 1152 1680 1183 1555„
1708 1152 1804 1182 1559.;
1841 1151 1920 1176 Ovid.
1949 1151 1998 1176 Ed.
2029 1151 2139 1177 Mitsch.

1191 1192 1333 1209 tuvenczs.

670 1284 720 1319 In
757 1286 931 1320 librum
970 1284 1028 1320 Ill.
1064 1286 1516 1334 Metamorphoseon.

115 1370 345 1415 Draconis
374 1371 536 1404 dentes
572 1371 665 1404 sati
703 1383 722 1404 a
753 1371 998 1419 Cadmoffi).

153 1438 326 1480 Cadmus,
344 1438 524 1483 Agenoris
540 1438 646 1480 filius,
663 1439 781 1474 occiso
795 1452 892 1484 rege,
912 1440 969 1474 cui
987 1447 1065 1473 erat

46 1503 184 1525 nomen
199 1490 382 1532 Draconi,
419 1491 535 1524 fertur
557 1503 750 1537 occupasse
776 1504 928 1536 regnum
946 1492 1063 1525 Boeo-

45 1543 137 1578 tiae:
166 1544 339 1578 adversus
367 1556 476 1589 quem
499 1555 586 1584 cum
610 1544 718 1577 amici
743 1550 778 1578 et
801 1545 865 1577 filii
884 1544 1063 1578 Draconis

44 1596 181 1629 bellum
209 1596 412 1630 coniunctis
432 1595 570 1629 viribus
590 1596 849 1641 suscepissent,
878 1597 954 1642 ipse
981 1597 1064 1630 iecit

44 1647 142 1682 inter
167 1660 229 1682 eos
251 1647 389 1681 semina
413 1647 638 1689 discordiae,
666 1661 737 1694 qna
760 1650 907 1682 tandem
933 1650 1063 1683 distra-

45 1700 93 1734 cti
116 1706 225 1746 atque
249 1699 455 1744 consumpti
482 1706 577 1734 sunt.
631 1699 726 1734 Hinc
750 1707 836 1734 nata
862 1708 914 1736 est
939 1701 1061 1735 sabula

49 1754 95 1786 de
113 1758 304 1797 serpente,
333 1751 481 1797 eiusque
497 1750 665 1786 dentibus
682 1752 719 1785 in
745 1758 878 1785 terram
905 1754 1062 1787 semina-

49 1805 117 1845 tis,
147 1816 189 1838 ex
207 1803 338 1851 quibus
359 1803 478 1838 subito
501 1804 689 1837 extiterint
712 1805 806 1838 duae
829 1804 922 1839 acies
951 1805 1062 1850 galeis

49 1863 85 1890 et
106 1854 219 1891 hastis
244 1862 426 1897 armatae,
455 1868 548 1902 quae
580 1856 715 1890 mutuis
746 1857 959 1891 vulneribus
985 1869 1060 1891 sese

49 1908 283 1943 confecerint.
352 1907 521 1952 Fingitur
553 1914 673 1942 autem
699 1907 857 1942 Cadmus
883 1909 980 1942 illam
1007 1921 1061 1942 se-

47 1967 208 1995 mentem
232 1960 356 1995 secisse
381 1960 479 1994 iussu
506 1960 685 2001 Palladis,
721 1958 790 1994 hoc
824 1968 897 2001 cst,
933 1961 1058 1994 divino

49 2012 220 2052 consilio;
270 2019 323 2047 est
357 2013 453 2046 enim
493 2012 687 2056 singularis
722 2013 958 2058 prudentiae,
1014 2013 1062 2046 ita

49 2065 223 2099 divellere
250 2062 409 2099 hostium
437 2077 665 2099 consensum.
734 2065 786 2098 Ac
821 2065 943 2099 videre
968 2063 1064 2098 mihi

48 2117 177 2151 videor
212 2117 251 2150 in
293 2114 361 2150 hac
400 2117 522 2150 fabula
547 2118 733 2163 quandam
763 2117 959 2162 imaginem
998 2116 1063 2151 bo-

48 2181 132 2204 rum
164 2176 393 2214 temporum,
436 2168 499 2202 ubi
530 2169 723 2215 aliquoties
752 2170 928 2203 foederati
961 2171 1064 2215 prin-

49 2221 145 2267 cipes
168 2221 279 2256 simili
304 2227 380 2254 arte
408 2226 492 2255 sunt
523 2221 705 2263 distracti,
749 2229 783 2256 et
808 2229 931 2267 postea
966 2223 1063 2256 inter

49 2286 127 2308 sese
174 2274 387 2307 dimicantes
442 2272 640 2318 perierunt.
722 2274 842 2308 Porro
880 2273 971 2308 nihil
1012 2281 1064 2309 est

52 2325 197 2360 stultius
231 2338 271 2359 ac
298 2324 562 2371 perniciosius,
610 2337 720 2372 quam
744 2326 925 2372 implicari
960 2328 1063 2361 bellis

53 2377 230 2412 civilibus.
312 2377 421 2413 Nulla
453 2377 549 2411 enim
587 2377 738 2413 societas
781 2380 967 2414 foederum
1011 2385 1064 2414 est

50 2430 253 2468 diuturna;
306 2430 420 2464 multa
462 2429 641 2476 siquidem
689 2430 855 2465 incidunt
872 2459 881 2473 ,
931 2432 1062 2478 quibus

50 2482 113 2515 illa
133 2482 342 2523 dirimitur,
371 2488 406 2516 et
429 2482 653 2516 convertitur
675 2482 712 2515 in
736 2481 882 2518 hostiles
908 2484 1063 2518 inimici-

51 2534 134 2568 tias.
181 2533 298 2568 Docet
315 2534 425 2578 igitur
441 2534 563 2568 fabula
577 2562 586 2575 ‚
615 2533 839 2581 συμμαχίαν
854 2549 927 2571 esse
946 2537 1062 2570 vitan-

48 2586 157 2627 dam,
194 2586 349 2633 ideoque
374 2600 467 2622 unus
492 2588 536 2620 de
561 2587 752 2632 terrigenis
777 2589 950 2624 fratribus
969 2589 1062 2624 Cad-

51 2650 153 2672 mum
173 2639 392 2680 admonens‚
419 2640 468 2673 ita
491 2640 668 2674 exclamat
696 2638 776 2685 (Vs.
796 2639 918 2687 117.):

88 2738 137 2770 6³)
159 2739 240 2765 evm.
263 2740 328 2764 Met.
343 2739 390 2770 111,
407 2740 420 2764 1
436 2746 495 2771 sqq.

12 2802 15 2809 .
55 2781 242 2813 MELANTH.
266 2782 373 2813 Oxum.
399 2781 484 2813 Yon.
507 2781 598 2813 XIX.

1171 1378 1224 1410 Ne
1241 1376 1288 1422 64()
1314 1382 1346 1410 ie
1364 1378 1520 1410 civilibus
1538 1379 1652 1411 insere
1670 1377 1777 1411 bellis.

1118 1453 1292 1488 Erasmus
1342 1454 1615 1489 Roterodamus
1662 1468 1739 1489 non
1785 1455 1974 1489 invenuste
2020 1462 2137 1489 trans-

1118 1507 1188 1540 fert
1212 1506 1411 1540 Cadmeam
1449 1514 1647 1541 sementem
1679 1510 1723 1541 ad
1748 1508 1938 1542 litteratos.
2005 1508 2138 1542 Scribit

1119 1559 1215 1592 enim
1251 1559 1480 1603 serpentinos
1516 1561 1640 1593 dentes
1683 1560 1721 1593 in
1748 1560 1902 1594 Boeotia
1938 1560 2135 1595 seminatos

1119 1612 1320 1656 significare
1347 1611 1503 1652 litteras,
1553 1625 1642 1658 quas
1669 1612 1827 1647 Cadmus
1863 1626 1905 1646 cx
1935 1611 2134 1646 Phoenicia

1119 1665 1258 1709 primus
1277 1665 1315 1696 in
1335 1663 1527 1697 Graeciam
1546 1664 1688 1705 attulit,
1717 1665 1840 1711 ibique
1859 1665 1991 1710 sparsit
2017 1678 2057 1698 ac
2079 1678 2132 1699 se-

1119 1717 1291 1754 minavit;
1329 1728 1395 1760 per
1412 1716 1602 1751 seditiosos
1626 1729 1712 1750 vero
1736 1718 1887 1757 fratres,
1920 1730 1961 1751 ex
1988 1731 2136 1763 serpen-

1119 1769 1204 1802 tinis
1224 1768 1300 1802 istis
1319 1769 1486 1802 dentibus
1505 1775 1624 1809 ortos,
1652 1769 1849 1813 significari
1866 1770 2055 1804 litteratos.
2094 1770 2135 1803 Id

1118 1821 1148 1855 si
1164 1832 1240 1854 non
1269 1820 1386 1854 credis
1412 1820 1588 1867 (inquit),
1619 1821 1832 1862 considera,
1857 1834 1926 1867 qua
1955 1829 2072 1866 strage
2096 1835 2132 1856 se

1119 1879 1246 1906 mutuo
1274 1873 1487 1914 conficiant,
1517 1874 1577 1919 qni
1604 1871 1712 1906 hodie
1737 1874 1875 1907 litteras
1902 1875 2131 1918 profitentur.

1118 1925 1244 1958 Potest
1262 1924 1369 1958 etiam
1382 1926 1570 1959 transferri
1584 1926 1898 1959 etaccommodari
1910 1927 1953 1959 ad
1966 1926 2072 1960 alios:
2091 1933 2132 1960 ut

1119 1977 1182 2022 qui
1206 1977 1468 2021 rempublicam
1486 1978 1562 2011 sine
1582 1978 1709 2011 ordine
1729 1984 1762 2011 et
1787 1979 1901 2023 gradu
1925 1985 2128 2023 capessunt.

1119 2029 1166 2062 Hi
1190 2030 1286 2062 enim
1312 2030 1430 2064 subito
1456 2030 1612 2063 existunt
1640 2028 1833 2070 honorati,
1860 2037 2036 2076 tanquam
2066 2031 2131 2072 illi,

1119 2095 1209 2128 quos
1239 2082 1398 2116 Cadmus
1429 2083 1642 2123 seminavit,
1685 2083 1828 2116 armati.
1905 2083 1963 2116 Sic
1993 2083 2131 2128 Grego-

1119 2135 1193 2168 rius
1211 2133 1258 2181 65)
1288 2134 1539 2170 Nazianzenus
1566 2135 1602 2168 in
1633 2134 1705 2167 xita
1734 2134 1861 2169 Basilii
1879 2135 2006 2180 Magni
2036 2134 2131 2169 hanc

1118 2186 1233 2231 ipsam
1260 2189 1514 2221 accommodat
1538 2193 1735 2222 sementem
1763 2188 1808 2220 ad
1836 2200 1916 2229 eos,
1946 2188 2008 2234 qui
2027 2189 2127 2222 nullo

1119 2237 1305 2272 doctrinae
1325 2241 1440 2284 gradu
1462 2240 1604 2279 ornati,
1632 2252 1698 2272 nec
1715 2239 1848 2273 virtute
1867 2253 1932 2273 nec
1957 2241 2130 2287 eloquen-

1119 2291 1166 2325 tia
1186 2292 1334 2336 muniti,
1362 2291 1453 2325 nibil
1469 2293 1624 2338 denique
1643 2304 1709 2336 pro
1728 2291 1887 2326 Ecclesia
1906 2293 2014 2337 passi,
2038 2294 2129 2326 fiunt

1118 2344 1318 2387 corrogatis
1358 2345 1538 2389 suffragiis
1581 2344 1751 2389 episcopi.
1822 2346 1930 2389 Apud
1964 2345 2126 2378 Ammia-

1118 2409 1204 2429 num
1216 2396 1468 2431 Marcellinum
1481 2403 1577 2430 extat
1591 2397 1762 2441 allegoria
1784 2396 1941 2431 eiusdem
1957 2397 2126 2431 sementis

1118 2450 1391 2482 accommodata
1421 2450 1465 2482 ad
1496 2449 1732 2494 improvisam
1764 2447 1921 2483 hostium
1957 2450 2123 2482 multitu-

1116 2501 1259 2542 dinem,
1295 2513 1387 2547 quae
1421 2514 1462 2535 ex
1497 2501 1644 2535 occultis
1682 2501 1841 2541 insidiis,
1878 2508 2052 2547 tanquam
2083 2514 2124 2535 ex

1117 2560 1210 2587 terra
1229 2566 1435 2597 emergens,
1464 2554 1581 2587 subito
1599 2553 1780 2598 irrumpit.

1085 2682 1091 2757 Ι
1151 2686 1199 2718 64)
1221 2685 1284 2716 Ne]
1299 2686 1339 2710 sic
1358 2685 1444 2712 Editt.
1462 2687 1554 2717 1555.,
1578 2687 1669 2717 1559.;
1690 2685 1770 2711 Ovid.
1790 2685 1963 2710 Ed.1⁴1itsch.
1983 2691 2042 2710 nec.

1158 2739 1206 2771 65)
1227 2738 1396 2770 Gregorius]
1417 2739 1458 2763 sic
1477 2738 1594 2769 scripsi:
1613 2738 1806 2769 Editt.1555.,
1827 2738 1903 2762 1559.
1922 2738 2070 2770 Georgius.

1548 2774 1597 2808 34
