2421 3005
110 87 187 125 517
462 83 550 120 XCI.

169 175 230 210 De
259 174 387 215 telis,
425 173 591 220 quibus
620 171 800 218 Cupido
829 178 1050 206 armatur.

156 244 217 280 Vs.
236 241 323 280 456.
352 245 505 291 Quidque
531 243 596 278 tibi
618 243 742 277 lascive
761 255 847 287 puer
868 254 943 276 cnm
966 241 1116 286 fortibus

434 295 571 330 armis?
599 301 665 330 etc.

207 358 265 392 Ad
297 356 571 402 exprimendam
602 355 737 390 amoris
760 355 835 389 vim
863 354 1113 388 attribuuntur

104 409 276 455 Cupidini
293 409 444 454 sagittae
460 414 495 442 et
519 408 632 447 faces;
674 420 759 441 nam
785 413 826 441 ut
849 405 940 441 nihil
967 407 1049 451 igne
1078 412 1112 439 et

101 463 219 504 ferro,
248 463 297 496 ita
317 473 383 495 nee
409 472 533 494 amore
560 461 754 508 quicquam
782 459 900 494 acrius
924 459 1111 505 magisque

100 514 344 560 penetrabile,
373 525 598 560 quamquam
618 525 723 547 amor
740 512 848 546 etiam
874 512 956 557 igne
981 512 1111 545 arden-

99 567 174 600 tior
191 573 259 601 est:
294 565 474 612 siquidem
491 565 585 610 ignis
600 565 722 600 adurit
736 571 946 609 tangentes,
974 570 1009 597 et
1025 575 1109 608 pro-

99 619 196 652 xima
229 624 373 652 tantum
409 624 564 657 cremat;
607 630 712 651 amor
742 630 760 651 e
793 616 995 662 longinquo
1023 615 1108 649 urit.

97 669 183 705 Non
212 683 287 704 uno
322 677 443 704 autern
474 671 586 704 modo
623 682 749 704 omnes
772 669 810 702 in
836 680 962 702 amore
990 666 1109 701 affecti

98 729 199 757 sunt:
226 723 318 757 alius
336 723 406 756 alio
429 729 528 756 amat
544 720 815 762 vehementius,
849 732 916 754 nec
939 731 1025 753 raro
1052 731 1108 752 ac-

98 774 207 816 cidit,
235 781 275 809 ut
290 775 346 808 vel
361 775 504 820 puellae
522 781 734 809 aversentur
750 784 900 818 procos,
928 772 985 806 vel
1005 771 1107 817 proci

96 827 257 872 puellas,
284 839 304 860 a
321 827 451 874 quibus
469 833 638 861 amantur
654 825 926 866 ardentissime,
953 824 991 858 id
1007 825 1106 871 quod

97 879 263 924 Apollini
285 879 355 924 ipsi
379 879 548 914 accidisse
572 877 641 913 hac
664 878 786 912 sabula
812 878 982 912 traditur.
1052 875 1105 910 Ea

97 931 142 964 de
167 943 274 966 causa
296 931 406 964 etiam
430 931 571 975 Cupido
598 937 763 964 armatur
786 929 926 975 sagittis
953 928 1106 974 dispari-

96 983 184 1025 bus,
209 983 377 1018 videlicet
394 982 508 1017 acutis
523 989 557 1017 et
579 983 735 1024 obtusis,
773 982 909 1017 auratis
937 988 972 1016 et
988 982 1105 1027 plum-

96 1035 183 1071 beis.
236 1035 330 1071 Nam
349 1034 406 1082 (ut
422 1035 543 1080 inquit
559 1034 833 1082 Horatius³⁴)):

202 1095 248 1122 Sic
266 1095 356 1119 visum
375 1094 500 1122 Veneri,
527 1094 572 1119 cui
592 1095 684 1125 placet
703 1094 823 1125 impares

201 1141 321 1166 Formas
340 1140 423 1170 atque
442 1138 550 1162 animos
571 1139 622 1163 sub
641 1138 707 1170 iuga
723 1139 829 1162 ahenea

202 1184 295 1208 Saevo
314 1182 427 1206 mittere
446 1187 507 1206 cum
527 1181 598 1205 ioco.

148 1253 318 1300 Apollo
349 1264 427 1286 cur
456 1252 682 1286 inventor
709 1251 975 1285 medicinae
1010 1257 1053 1284 et

493 1316 705 1338 musmes.

199 1372 333 1417 Apollo
359 1371 507 1416 fingitur
529 1371 701 1405 inventor
724 1370 925 1404 medicinae
955 1377 1106 1416 propter

96 1422 169 1457 vim
194 1423 300 1465 solis,
344 1435 414 1469 qua
441 1421 575 1457 herbae
604 1429 838 1468 vegetantur,
882 1435 1037 1469 quarum
1068 1424 1106 1457 in

95 1475 275 1510 medicina
290 1488 376 1510 usus
396 1481 448 1510 est
473 1475 654 1510 maximus
682 1476 726 1509 ad
751 1475 1000 1509 salubritatem
1028 1488 1106 1510 cor-

94 1540 227 1574 porum
244 1525 505 1563 humanorum.
559 1527 728 1572 Fingitur
745 1533 778 1561 et
800 1527 971 1561 inventor
995 1529 1106 1563 musi-

95 1593 151 1614 ces
167 1581 213 1614 ad
232 1581 561 1614 commendandam
581 1580 793 1625 dignitatem
812 1580 919 1619 artis;
949 1592 1033 1614 nam
1046 1593 1105 1614 ve-

95 1639 210 1673 teres,
246 1638 288 1665 ut
308 1632 554 1676 significarent
576 1632 752 1666 musicam
779 1632 954 1667 divinitus
978 1632 1106 1667 inven-

95 1691 170 1718 tam
188 1696 284 1724 esse,
311 1696 388 1716 non
404 1681 567 1724 homini,
595 1686 654 1718 sed
667 1684 745 1718 Deo
762 1684 1011 1718 inventionem
1030 1686 1106 1720 eius

96 1736 373 1770 adscribendam
399 1736 663 1770 existimarunt.
723 1736 817 1770 Hinc
842 1737 954 1781 igitur
971 1738 1104 1783 Apollo

98 1801 133 1824 se
150 1789 200 1822 ita
219 1788 347 1821 iactat:

147 1848 209 1884 Vs.
232 1846 321 1883 518.
364 1851 432 1883 Per
459 1861 511 1883 me
545 1851 750 1883 concordant
786 1851 945 1884 earmina
979 1853 1104 1885 nervis.

94 1900 202 1936 I'tem:

145 1952 225 1989 Vss.
246 1952 318 1989 521
339 1965 393 2000 sq.
422 1955 600 1987 Inventum
617 1954 787 1987 medicina
804 1965 913 1987 meum
933 1959 1002 1995 est,
1030 1956 1105 1998 opi-

506 2004 690 2051 fea-quem)
707 2017 770 2048 per
786 2006 907 2039 orbem,

146 2059 274 2098 Dicor,
301 2061 333 2091 et
350 2057 533 2091 herbarum
550 2058 700 2091 subiecta
716 2060 870 2101 potentia
886 2059 992 2092 nobis.

325 2148 519 2194 Daphne
549 2151 593 2184 in
622 2151 802 2185 laurum
819 2150 879 2198 3⁶).

199 2217 356 2264 Daphne
383 2219 526 2252 laurum
554 2220 750 2264 significat,
790 2220 1003 2264 aclingitur
1027 2227 1102 2254 turn

95 2272 168 2306 filia
193 2271 308 2306 Penei
333 2270 516 2312 fluminis,
558 2283 599 2305 eo
632 2273 730 2318 quod
761 2274 862 2317 ripae
889 2273 965 2307 eius
991 2273 1104 2306 abun-

95 2325 186 2358 dant
201 2324 328 2363 lauro,
364 2329 440 2357 tum
468 2329 587 2356 amata
612 2324 657 2357 ab
675 2325 868 2369 Apolline,
905 2324 990 2371 quia
1016 2323 1104 2358 haec

94 2377 206 2410 arbor
223 2375 374 2421 praebet
393 2374 596 2409 medicinae
620 2388 792 2420 magnum
817 2390 944 2416 usum;
981 2383 1104 2424 estque

94 2427 356 2474 spectatissima
382 2427 439 2473 (ut
468 2428 592 2461 scribit
616 2427 774 2475 Plinius)
809 2431 906 2474 apud
929 2427 1104 2474 Delphos,

95 2480 159 2514 ubi
183 2480 316 2526 Apollo
342 2480 540 2514 colebatur.
608 2478 723 2525 Ipsius
750 2479 1037 2528 verokDaphnes
1067 2482 1103 2515 in

130 2614 178 2647 34)
199 2615 301 2640 Horat.
320 2614 371 2640 Od.
390 2614 411 2646 1,
430 2614 475 2646 33,
497 2615 619 2639 10—12.

130 2657 179 2690 35)
200 2658 372 2690 opifexque]
399 2658 439 2683 sic
464 2660 548 2683 Editt.
573 2659 665 2687 1555,
694 2659 788 2689 1559.;

165 2694 327 2725 opiferque.

129 2735 180 2766 36)
199 2738 276 2761 lianc
295 2737 417 2762 fabulam
437 2741 535 2763 narrat
558 2738 638 2764 Ovid.
659 2739 723 2762 Met.
743 2738 765 2767 1,
785 2738 836 2762 452
855 2745 915 2769 sqq.

825 2658 906 2684 ovid.
927 2660 974 2684 Ed.
995 2659 1104 2684 Mitscli.

603 82 891 120 ENARRATIO
927 81 1058 118 LIBRI
1083 82 1110 119 l.
1147 82 1631 122 METAMORPHOSEON
1666 85 1828 122 OVIDII.

2102 84 2178 122 518

1172 173 1340 207 arborem
1368 186 1511 219 semper
1543 175 1720 208 virentem
1756 175 1932 216 mutatio,
1978 175 2083 208 docet
2110 174 2177 207 im-

1171 226 1363 260 mortalem
1381 227 1534 272 gloriam
1561 239 1634 262 esse
1656 233 1822 273 paratam
1849 226 2050 273 virginibus
2074 227 2177 272 pudi-

1169 278 1290 312 citiam
1309 279 1620 315 conservantibus.

1167 362 1348 399 Laurus
1378 371 1421 399 et
1451 377 1643 411 quercus
1671 377 1748 399 cur
1777 371 1880 399 ante
1915 365 2174 411 imperato-

1424 430 1522 451 rum
1553 419 1689 452 aedes
1719 418 1914 462 positae.

1217 483 1278 519 Vs.
1297 482 1384 519 563.
1412 487 1633 534 Mediumque
1651 488 1786 522 tuebere
1801 500 1974 534 quereum.

1269 544 1410 580 Romae
1429 553 1512 580 ante
1535 547 1800 592 imperatorum
1824 548 1930 582 aedes
1955 555 2033 581 erat
2054 547 2170 592 posita

1164 609 1318 642 quercus
1334 598 1430 632 inter
1444 600 1533 634 duas
1551 600 1673 635 lauros
1685 627 1694 641 ‚
1731 613 1823 647 quae
1843 600 2068 646 significabat
2080 627 2088 640 ‚
2117 612 2171 634 sa—

1163 649 1275 684 luoem
1301 650 1522 696 reipublicae
1547 654 1719 686 tuendam
1747 665 1821 688 esse
1846 654 1980 687 virtute
2004 660 2039 687 et
2059 652 2170 686 felici-

1163 707 1235 735 tate
1266 702 1543 748 imperatorum,
1619 704 1762 740 Laurus
1796 718 1884 740 vero
1916 713 1994 741 erat
2025 707 2168 752 signum

1162 753 1337 789 victoriae
1355 768 1396 790 ac
1413 754 1609 802 triumphi;
1639 770 1793 804 quercus
1815 771 1902 793 vero
1924 766 2001 794 erat
2024 760 2167 804 signum

1163 808 1368 842 conservati
1387 808 1492 843 civis:
1528 810 1624 843 unde
1646 811 1808 844 confecto
1832 811 1989 853 bellojet
2012 812 2169 857 impera-

1163 866 1280 901 tores,
1325 861 1389 906 qui
1411 861 1588 906 insignem
1618 862 1809 896 victoriam
1834 870 1951 898 essent
1975 865 2169 905 consecuti,

1162 911 1197 945 in
1214 911 1436 958 Capitolium
1466 926 1546 948 cum
1573 915 1697 948 laurea
1725 912 2011 957 invehebantur,
2048 923 2082 950 et
2107 917 2169 962 qui

1161 964 1275 998 civem
1297 966 1342 999 ab
1359 963 1462 1001 hoste
1482 974 1750 1009 conservasset,
1778 980 1917 1014 querna
1946 981 2083 1003 corona
2106 970 2170 1003 do-

1160 1018 1329 1053 nabatur.

1462 1102 1867 1154 Ioi11vacca1n³⁷).

1264 1173 1434 1219 Aegyptii
1465 1180 1615 1219 propter
1647 1175 1907 1219 agriculturam
1939 1177 2072 1212 divinis
2104 1175 2169 1211 llo·

1161 1226 1314 1260 noribus
1347 1227 1537 1260 coluerunt
1569 1227 1712 1262 bovem.
1782 1228 1891 1274 Apud
1916 1226 1982 1264 hos
2009 1242 2088 1264 cum
2118 1228 2170 1270 Io,

1161 1278 1232 1311 filia
1257 1276 1401 1319 Inachi,
1446 1279 1539 1323 regis
1562 1279 1804 1324 Argivorum,
1846 1281 1990 1316 divinos
2023 1294 2170 1328 quoque

1161 1328 1320 1365 honores
1346 1338 1556 1371 consecuta,
1593 1338 1628 1365 et
1654 1339 1795 1367 mutato
1816 1333 1967 1367 nomine
1988 1333 2052 1368 Isis
2074 1335 2168 1368 dicta

1162 1390 1264 1424 esset,
1293 1384 1519 1418 occasionem
1539 1384 1639 1418 dedit
1655 1385 1812 1426 fabulae,
1839 1392 1880 1420 ut
1896 1386 2077 1421 diceretur
2092 1400 2172 1422 mu-

1161 1441 1234 1468 tata
1255 1435 1294 1468 in
1310 1436 1461 1478 bovem,
1490 1434 1559 1470 hoc
1576 1444 1649 1479 est,
1677 1437 1714 1471 in
1730 1439 1994 1485 Aegyptiorum
2021 1452 2170 1474 numen.

1160 1487 1245 1521 Fuit
1262 1495 1383 1522 autem
1396 1501 1414 1522 a
1428 1487 1672 1524 Phoenicibus
1686 1497 1791 1536 rapta
1803 1498 1837 1525 et
1847 1491 1884 1524 in
1894 1491 2099 1538 Aegyptum
2109 1493 2172 1526 ab·

1161 1540 1280 1574 ducta.
1326 1539 1528 1576 Phoenices
1546 1542 1642 1575 enim
1659 1555 1740 1576 cum
1758 1556 1859 1577 more
1874 1544 2008 1578 usitato
2028 1543 2171 1591 (quem-

1161 1593 1359 1627 admodum
1378 1595 1489 1628 refert
1504 1594 1730 1643 Herodotus)
1749 1596 1980 1641 navigassent
1997 1596 2115 1642 Argos
2132 1597 2171 1631 in

1160 1644 1374 1686 Graeciam,
1399 1653 1434 1680 et
1451 1647 1699 1691 exposuissent
1723 1648 1773 1681 ibi
1800 1661 1958 1690 merces,
1993 1656 2101 1696 atque
2126 1651 2171 1684 ad

1161 1709 1220 1731 eas
1248 1699 1419 1732 emendas
1446 1699 1676 1734 accessissent
1695 1700 1852 1735 feminae
1867 1701 2047 1747 Argivae,
2075 1702 2171 1736 inter

1161 1762 1250 1795 quas
1284 1757 1361 1784 erat
1382 1749 1422 1783 Io
1455 1751 1549 1795 regis
1579 1752 1672 1793 filia,
1715 1760 1917 1798 rapuerunt
1947 1766 2094 1796 omnes,
2136 1762 2170 1790 et

1160 1807 1282 1846 raptas
1299 1803 1507 1837 detulerunt
1521 1804 1559 1836 in
1575 1804 1794 1850 Aegyptum.
1855 1805 1940 1840 Fuit
1962 1807 2071 1841 etiam
2098 1813 2170 1841 tra-

1160 1854 1233 1887 dita
1254 1860 1288 1888 et
1306 1855 1344 1888 in
1361 1856 1638 1890 matrimonium
1658 1857 1832 1891 collocata
1843 1857 1954 1900 Osiri,
1972 1858 2169 1906 Aegyptio-

1160 1918 1241 1941 rum
1260 1907 1360 1951 regi,
1401 1908 1458 1942 cui
1485 1921 1687 1954 cognomen
1715 1916 1792 1943 erat
1810 1909 1985 1944 Ammoni
2001 1924 2063 1946 seu
2079 1911 2170 1954 Iovi,

1160 1965 1248 1993 teste
1272 1958 1439 1994 Diodoro
1466 1960 1683 2008 Siculo373).
1752 1961 1845 1996 Hinc
1872 1963 2022 2009 fingitur
2045 1977 2065 1998 a
2084 1963 2169 1999 Iove

1160 2017 1294 2047 amata.

1351 2097 1413 2132 De
1442 2099 1563 2143 Argo
1593 2105 1635 2133 et
1662 2098 1972 2148 Mercurioae).

1267 2165 1421 2201 Centum
1438 2167 1637 2202 luminibus
1662 2167 1817 2202 cinctum
1845 2177 1954 2215 caput
1970 2169 2087 2216 Argus
2106 2170 2170 2206 ha·

1158 2220 1278 2254 bebat.
1332 2219 1421 2264 Argi
1439 2220 1580 2260 sabula,
1609 2220 1638 2254 si
1654 2221 1834 2255 referatur
1858 2223 1904 2255 ad
1931 2236 2071 2263 mores,
2105 2226 2169 2258 do-

1159 2278 1214 2306 cet
1238 2272 1422 2305 neminem
1453 2284 1526 2306 esse
1554 2279 1626 2305 tam
1654 2273 1859 2315 oculatum,
1903 2275 1960 2309 cui
1984 2288 2003 2308 a
2027 2276 2169 2312 Mercu-

1159 2324 1235 2365 rio,
1262 2321 1332 2357 hoc
1349 2330 1413 2364 est,
1441 2325 1486 2357 ab
1506 2322 1654 2358 homine
1675 2332 1821 2360 versuto
1838 2332 1873 2360 et
1890 2327 2083 2374 eloquente
2102 2330 2167 2363 im-

1159 2376 1248 2422 poni
1272 2382 1441 2422 nequeat.
1502 2376 1705 2412 Mercurius
1733 2379 1828 2412 enim
1854 2379 1941 2412 olim
1967 2378 2168 2416 habebatur

1159 2441 1225 2474 pro
1245 2428 1324 2461 Deo
1346 2429 1576 2474 eloquentiae
1602 2437 1636 2463 et
1655 2431 1855 2472 versutiae,
1884 2432 1983 2465 cuius
2003 2433 2095 2466 alata
2116 2440 2166 2467 ta-

1158 2481 1248 2514 laria
1275 2480 1479 2525 significant
1505 2487 1538 2515 et
1562 2482 1721 2516 velocem
1750 2483 1861 2528 ipsius
1887 2490 2047 2526 motum,
2082 2487 2167 2532 quia

1160 2533 1323 2567 omnium
1342 2533 1572 2578 planetarum
1594 2535 1818 2569 velocissime
1837 2542 2021 2575 movetur:
2052 2544 2084 2571 et
2105 2551 2165 2572 vo-

1194 2645 1242 2677 37)
1263 2645 1336 2669 vide
1357 2644 1436 2670 Ovid.
1456 2646 1522 2670 Met.
1543 2645 1704 2669 568—621.

1195 2689 1262 2720 37³)
1285 2689 1399 2713 monor.
1420 2689 1474 2712 sic.
1495 2688 1621 2712 ammoth.
1643 2688 1663 2717 ι,
1678 2688 1720 2712 25.

1194 2734 1241 2765 38)
1263 2733 1334 2757 vide
1355 2732 1434 2758 ovid.
1455 2733 1520 2802 Meg
1523 2731 1633 2801 314624
1648 2738 1707 2762 sqq.
