2421 3005
126 99 199 137 261
535 86 723 124 LXXXIV.

127 186 225 221 enim
242 189 282 217 tu
300 178 393 216 mihi
419 176 625 217 ostendisti,
656 181 697 209 ut
721 172 857 219 hymno
877 175 1013 203 vestras
1030 166 1142 200 wirtu-

126 246 178 272 tes
195 245 408 282 persequar,
436 231 566 278 quibus
581 233 757 274 perpetuo
776 219 1022 258 ssorentesDei
1040 217 1140 252 auxi-

126 290 176 324 lio
192 289 222 333 ⁹)
254 285 391 333 posteri
420 281 611 328 Cleonymi
640 277 832 313 mortalem
864 275 978 308 vitam
1010 271 1141 328 transi-

127 347 228 387 gunt.
279 338 490 384 Aliquando
509 340 630 368 autem
650 332 739 365 alius
755 335 883 363 ventus
901 336 1051 369 surgens
1068 335 1141 380 agi·

127 400 192 428 tat.
246 394 346 433 (Ant.
362 392 414 431 2.)
450 385 585 422 Thebis
612 384 759 431 quidem
788 378 962 415 honorati
986 389 1028 410 ex
1050 381 1142 408 anti-

128 457 200 492 qua
218 443 331 488 stirpe
349 441 594 479 celebrantur,
624 443 659 471 et
676 435 835 480 hospites
853 431 1057 465 vicinorum
1071 454 1080 468 ,
1109 432 1144 460 et

128 496 240 531 alieni
265 508 285 528 a
308 493 553 528 tumultuante
576 489 723 523 iniuria.
780 487 1028 532 Quaecunque
1056 491 1142 512 vero

128 546 335 583 testimonia
362 547 530 579 feruntur
556 544 600 576 de
628 540 787 574 maxima
815 537 949 571 virtute
978 534 1143 566 virorum

127 606 381 639 mortuorum,
409 595 498 631 haec
523 594 721 639 attigerunt
744 591 815 636 isti.
879 589 1002 622 Domo
1027 595 1141 629 usque

128 653 175 686 ad
192 651 380 686 columnas
396 647 562 683 Herculis
578 648 823 691 pervenerunt
839 639 966 686 gloria,
997 636 1078 682 (Ep.
1089 638 1142 677 2.)

126 716 195 738 nec
217 703 369 738 ulterius
396 699 620 735 extendenda
649 703 702 730 est
729 695 854 728 virtus.
921 690 968 724 lit
995 691 1144 723 suerunt

129 755 268 803 equites
281 782 290 796 ‚
325 760 360 787 et
385 765 498 787 aeneo
516 750 627 785 Marti
643 749 874 793 placuerunt3
911 743 972 777 sed
992 753 1066 775 uno
1085 739 1142 772 die

130 819 260 853 aspera
282 806 368 840 belli
392 809 586 849 tempestas
603 806 761 848 quatuor
783 797 871 831 viris
893 793 1038 828 orbavit
1058 793 1143 826 bea-

130 867 207 894 tam
231 860 395 893 domum.
465 856 570 891 Nunc
597 865 722 887 rursus
746 856 828 895 post
855 846 1058 893 hybernam
1086 855 1143 876 ca-

130 911 279 956 liginem
321 916 418 943 terra
468 907 601 946 floret,
652 904 752 937 velut
800 898 994 946 purpureis
1037 895 1142 935 rosis,

129 965 242 1007 (Odae
265 959 324 996 ΙΙΙ.
359 963 435 995 Sir.
459 959 512 1001 3.)
550 956 676 991 dixino
717 952 881 989 consilio.
949 949 1142 993 Neptunus

129 1027 216 1048 vero
234 1012 403 1048 habitans
420 1008 644 1045 Onchestum
658 1034 667 1048 ‚
695 1013 730 1040 et
745 1011 896 1051 pontem
921 1001 1034 1035 maris
1059 1005 1142 1033 ante

129 1063 299 1100 Corinthi
331 1063 498 1103 moenia,
533 1061 711 1107 praebens
745 1056 843 1091 hunc
878 1053 1056 1100 hymnum
1084 1063 1142 1095 ge-

129 1118 211 1152 neri
237 1117 371 1157 electo,
396 1114 538 1148 reducit
569 1119 728 1146 veterem
750 1110 885 1143 famam
913 1104 1140 1150 egregiorum

130 1182 296 1215 operum.
363 1167 499 1201 Fuerat
524 1165 620 1199 enim
647 1162 784 1207 sopita;
820 1160 881 1194 sed
907 1157 1058 1191 excitata
1085 1166 1143 1187 co-

130 1222 208 1255 lore
222 1221 338 1259 lucet,
366 1218 457 1253 sicut
471 1216 616 1251 Lucifer
642 1214 807 1259 splendet
830 1211 925 1244 inter
952 1208 1039 1241 alias
1061 1206 1142 1240 stel-

131 1274 195 1307 las.
259 1271 361 1317 (Ani.
381 1268 435 1315 3)
464 1268 566 1314 Quae
602 1268 699 1300 fama
738 1271 771 1298 et
807 1260 959 1298 Athenis
1000 1258 1141 1292 clvilem

130 1322 322 1357 victoriam
345 1320 538 1360 nuntians,
574 1325 608 1351 et
639 1318 677 1350 in
700 1315 848 1349 Adrasti
871 1310 1142 1349 certaminibus,

130 1373 301 1421 praebuit
318 1372 374 1405 illi
397 1371 507 1405 aetati
525 1369 700 1403 carmina.
753 1367 826 1402 Nec
842 1367 1072 1398 retraxerunt
1090 1360 1143 1393 tui

130 1426 288 1461 maiores
306 1435 433 1458 currus
451 1435 471 1456 a
490 1421 646 1467 publicis
666 1417 903 1453 conventibus
916 1442 925 1456 ,
954 1421 987 1448 et
1004 1419 1143 1447 certan-

132 1484 184 1513 tes
218 1477 313 1510 inter
346 1475 506 1509 Graecos
539 1478 685 1517 sumptu
714 1481 893 1517 equorum
925 1465 1143 1511 gaudebant.

131 1529 273 1564 Eorum
292 1527 388 1561 enim
401 1553 410 1567 ,
445 1525 508 1572 qui
524 1523 617 1559 nihil
632 1523 769 1568 experti
788 1527 890 1561 sunt,
920 1517 1054 1552 oblivio
1073 1521 1143 1553 est;

132 1584 214 1625 (Ep.
230 1580 285 1626 3.)
309 1580 371 1614 sed
400 1579 549 1611 fortuna
582 1575 824 1621 pugnantium
847 1577 930 1605 ante
957 1572 1064 1603 finem
1090 1567 1145 1600 in-

135 1639 234 1667 certa
254 1637 317 1665 est.
371 1630 498 1663 Finem
518 1628 612 1662 enim
631 1628 694 1661 dat
711 1627 856 1660 fortuna
871 1651 880 1665 ,
907 1629 941 1656 et
962 1623 1061 1655 fraus
1085 1620 1146 1653 de—

136 1681 368 1730 prehendens
398 1681 596 1726 aliquando
625 1678 753 1712 evertit
774 1677 963 1711 fortiorem
996 1685 1060 1718 per
1085 1672 1146 1705 de-

137 1735 302 1770 teriores.
357 1732 462 1767 Scitis
478 1731 598 1766 Aiacis
616 1742 762 1770 necem,
792 1741 903 1774 quam
920 1725 1054 1759 faciens
1080 1735 1144 1758 suo

136 1799 243 1827 ense,
280 1785 458 1830 probrum
492 1782 641 1828 reliquit
670 1780 838 1814 omnibus
871 1777 1019 1812 Graecis
1049 1775 1146 1820 apud

134 1838 302 1873 Troiam.
371 1836 482 1881 (Odae
497 1833 555 1868 111.
581 1832 724 1874 Sauli.)
754 1831 823 1865 Sed
853 1829 1034 1862 Homerus
1064 1839 1146 1860 eum

135 1890 235 1936 apud
259 1887 428 1922 homines
453 1886 637 1925 laudavit,
673 1884 736 1930 qui
759 1894 905 1917 omnem
933 1881 1008 1913 eius
1034 1878 1146 1911 virtu-

136 1949 208 1976 tem
229 1941 275 1974 ad
290 1939 432 1985 virgam
453 1938 657 1972 carminum
674 1934 858 1975 recitavit,
887 1930 1041 1978 posteris
1059 1930 1147 1962 cele-

137 1994 331 2028 brandam.
385 1991 444 2024 Fit
461 1991 557 2024 enim
584 2000 732 2022 carmen
758 1985 984 2024 immortale,
1013 1982 1042 2016 si
1069 1981 1148 2027 quis

139 2045 278 2091 aliquid
301 2044 392 2077 bene
421 2048 456 2076 et
481 2042 618 2076 utiliter
647 2039 755 2079 dixit,
800 2045 834 2072 et
862 2033 1148 2080 inextinguibilis

137 2097 310 2143 splendor
343 2096 543 2135 factorum,
576 2092 707 2126 transit
740 2103 805 2136 per
839 2097 973 2123 terram
1015 2093 1050 2120 et
1084 2097 1148 2130 per

138 2160 252 2183 mare.
309 2145 411 2191 (Ant.
430 2145 484 2190 4.)
512 2145 664 2180 Utinam
683 2142 837 2178 habeam
856 2139 1051 2175 benevolas
1067 2137 1149 2170 Mu-

139 2213 220 2241 sas,
260 2205 299 2233 ut
328 2198 497 2242 lampada
529 2195 750 2242 hymnorum
789 2194 983 2228 accendere
1011 2189 1147 2236 possim

138 2251 308 2291 Bielssso,
342 2249 416 2283 filio
433 2249 657 2283 Telesiadae.
711 2247 874 2282 Audacia
902 2244 997 2278 enim
1021 2241 1148 2277 similis

139 2305 287 2338 leonum
305 2302 344 2335 in
362 2301 543 2342 venando,
560 2299 709 2334 consilio
726 2311 812 2333 vero
822 2298 866 2341 ¹⁰)
891 2297 1029 2341 vulpes,
1054 2306 1147 2339 quae

140 2357 261 2390 iacens
277 2353 406 2399 supina
432 2359 597 2386 moratur
621 2352 795 2396 impetum
817 2350 972 2396 aquilae.
1027 2346 1148 2391 Opor-

141 2414 194 2443 tet
226 2407 323 2441 enim
361 2405 484 2439 omnia
518 2405 636 2438 facere
664 2402 863 2448 repellendi
890 2399 1003 2435 hostis
1028 2409 1147 2432 causa.

142 2462 223 2504 (Ep.
243 2458 294 2501 4.)
322 2458 407 2493 Non
433 2455 542 2491 habet
561 2455 725 2490 Melissus
743 2454 892 2489 Orionis
909 2464 1058 2497 corpus,
1087 2450 1146 2484 sed

143 2510 299 2546 deformi
318 2510 435 2555 specie
452 2516 520 2548 est;
550 2515 585 2543 et
602 2508 688 2543 olim
706 2506 876 2541 Hercules
893 2504 1038 2539 brevior
1051 2530 1060 2544 ,
1087 2502 1148 2536 sed
1173 2526 1176 2554 ἲ

179 2645 210 2674 9)
229 2644 282 2668 Dei
295 2643 418 2673 auxilio]
438 2643 479 2668 sic
499 2646 548 2673 (z
564 2643 640 2667 Pina.
660 2640 715 2666 σῦν
734 2639 806 2674 θεῷ)
827 2640 876 2665 Ed.
893 2639 986 2669 1558.;
1007 2640 1057 2665 Ed.
1072 2638 1149 2665 1563.
1174 2619 1177 2628 ›

215 2679 314 2704 mendo
332 2680 461 2711 typogr.:
481 2679 539 2703 Deo
559 2677 674 2703 auxilio.

182 2731 229 2759 10)
250 2728 330 2762 vero]
351 2730 393 2756 sie
413 2732 462 2761 (z.-
478 2729 555 2755 Piud.
576 2725 617 2758 d')
636 2728 688 2754 Ed.
704 2726 798 2752 ¹562:
819 2726 845 2751 iu
865 2726 1005 2752 Ed.1553.
1027 2726 1114 2750 deest.

784 77 1188 120 INTERPRETATIO
1225 73 1542 111 ISTHMIORUM
1577 73 1791 110 PINDARI.

2121 75 2197 112 262

1166 165 1171 240 Ἰ
1196 164 1371 204 invictus,
1405 163 1451 195 ad
1472 161 1604 195 Antaei
1631 162 1780 196 domum
1803 161 1841 195 in
1857 161 2011 208 Libyam
2039 174 2081 194 ex
2102 160 2198 195 The-

1168 247 1171 261 1

1195 217 1249 251 bis
1267 216 1387 255 venit,
1413 220 1453 248 ut
1469 214 1645 248 dimicans
1662 221 1904 259 compesceret
1918 214 2112 254 Antaeum,
2138 214 2201 259 qui

1169 290 1171 315 2¹
1196 281 1238 302 ex
1264 266 1446 313 hospitum
1483 266 1614 300 craniis
1646 267 1820 311 templum
1851 267 2022 311 Neptuno
2056 266 2200 300 fecerat.

1169 320 1171 351 ¹]
1197 323 1306 363 (Odae
1321 319 1379 354 lll.
1397 321 1472 354 Str.
1490 318 1542 361 5.)
1572 318 1644 364 Qui
1663 331 1741 351 cum
1762 318 1956 353 invenisset
1972 317 2201 351 latitudinem

1197 374 1307 408 totius
1332 380 1449 407 terrae
1474 378 1510 406 et
1533 371 1664 411 maris,
1693 377 1727 404 et
1750 378 1913 415 pacasset
1938 383 2037 404 mare
2054 369 2201 414 naviga-

1197 425 1375 467 tionibus,
1404 423 1618 459 ascenditin
1641 423 1859 468 Olympunu
1897 429 1932 456 et
1946 435 2043 456 nunc
2062 419 2203 455 habitat

1197 479 1293 522 apud
1318 477 1440 511 lovem
1465 477 1608 510 beatam
1637 476 1808 515 domum,
1837 475 2072 520 tranquillam
2090 473 2202 507 vitam

1169 533 1171 548 ¹
1197 542 1326 573 agens,
1355 527 1557 563 honoratus
1580 535 1615 562 et
1643 526 1772 561 charus
1797 526 1896 568 Diis,
1933 533 1966 560 et
1994 527 2119 559 Heben
2145 526 2203 558 de·

1197 582 1249 615 dit
1264 581 1400 627 Iupiter
1416 593 1548 625 genero
1567 580 1728 614 Iunonis.
1783 579 1884 625 (Ani.
1902 578 1954 619 5.)
1984 578 2076 612 Huic
2094 589 2203 622 supra

1196 640 1321 679 portas
1348 631 1542 667 Thebanas
1571 632 1779 666 convivium
1816 636 1986 676 parantes
2022 630 2135 670 cives,
2171 635 2205 662 et

1197 698 1311 720 novas
1330 698 1409 719 aras
1427 697 1612 729 augemus,
1641 683 1814 718 sacrificia
1830 684 2105 717 interfectorum
2123 687 2203 715 octo

1170 750 1171 754 ¹
1196 738 1368 779 sortium,
1398 749 1489 783 quos
1514 743 1705 782 pepererat
1727 736 1757 769 ei
1779 736 1948 780 Megara,
1976 734 2048 768 filia
2068 734 2203 768 Creon-

1196 790 1262 830 tis,
1300 790 1430 835 quibus
1453 789 1491 823 in
1517 801 1645 823 occasu
1668 788 1752 822 solis
1780 788 1927 821 flamma
1954 788 2074 821 oriens
2098 786 2204 825 lucet,

1196 848 1273 875 tota
1322 848 1427 876 nocte
1471 842 1625 875 odorato
1676 841 1776 874 sumo
1824 840 1957 873 feriens
1999 836 2202 875 aetherem3

1197 896 1278 938 (Ep.
1299 892 1350 937 5.)
1390 900 1424 928 et
1455 905 1607 940 sequens
1638 892 1714 927 dies
1744 892 1958 926 constitutus
1987 897 2039 925 est
2075 890 2203 923 annuis

1198 946 1477 987 certaminibus,
1514 945 1577 979 uhi
1603 951 1798 978 coronatus
1823 950 1942 989 myrto
1968 940 2027 976 hic
2049 941 2105 975 vir
2129 941 2205 974 Me-

1196 999 1299 1033 lissus
1317 998 1498 1043 duplicem
1516 998 1708 1031 victoriam
1726 998 1877 1041 adeptus
1897 1001 1966 1035 est,
1994 1007 2074 1029 cum
2100 999 2203 1026 antea

1197 1063 1239 1084 ex
1270 1050 1558 1085 adolescentibus
1594 1049 1738 1082 tertiam
1772 1054 1899 1081 nactus
1933 1053 2023 1081 esset
2054 1045 2203 1079 consilio

1196 1102 1343 1146 aurigae
1368 1101 1632 1147 gubernatoris.
1697 1100 1786 1134 Cum
1813 1099 1925 1134 Orsea
1950 1099 2060 1143 igitur
2084 1097 2204 1132 Melis-

1168 1170 1171 1210 ,
1196 1167 1274 1188 sum
1292 1155 1471 1195 laudabo,
1495 1154 1689 1187 iucundam
1713 1152 1851 1187 stillans
1871 1151 2037 1196 gratiam.

1606 1245 1696 1287 Ode
1728 1245 1787 1285 V.

1425 1323 1481 1355 Ph
1491 1322 1564 1365 yla
1574 1333 1591 1355 c
1602 1323 1612 1355 ἱ
1622 1322 1672 1354 da
1682 1332 1699 1354 e
1727 1321 1912 1363 Aeyz'netue
1928 1318 1985 1361 ¹¹).

1302 1399 1392 1443 (Sir.
1415 1399 1463 1441 1.)
1496 1397 1633 1444 inclyta
1660 1405 1776 1431 mater
1801 1397 1893 1432 Solis
1913 1395 2026 1437 Thia,
2054 1403 2204 1442 propter

1197 1456 1231 1483 te
1260 1462 1390 1484 aurum
1423 1450 1631 1485 existimant
1663 1448 1828 1484 homines
1866 1449 2094 1483 excellentius
2127 1449 2205 1483 aliis

1197 1503 1364 1537 metallis.
1433 1502 1527 1536 Nam
1555 1509 1589 1536 et
1619 1514 1729 1536 naves
1755 1503 2013 1536 contendentes
2036 1501 2074 1534 in
2098 1501 2204 1541 mari,

1199 1561 1233 1588 et
1258 1554 1296 1587 in
1324 1553 1488 1588 curribus
1515 1554 1617 1600 equi,
1653 1561 1804 1599 propter
1832 1561 1934 1587 tuum
1961 1551 2141 1587 honorem
2166 1552 2204 1585 in

1199 1606 1456 1640 certaminibus
1473 1606 1630 1639 mirandi
1651 1613 1751 1643 sunt;
1780 1609 1880 1648 (Ani.
1895 1606 1945 1649 1.)
1963 1612 1996 1638 et
2014 1605 2051 1638 in
2068 1611 2204 1650 specta-

1200 1658 1287 1692 culis
1307 1659 1458 1702 adeptus
1471 1664 1521 1692 est
1537 1658 1690 1702 gloriam
1710 1659 1826 1692 victor
1843 1658 2011 1691 manibus
2029 1663 2064 1690 et
2083 1656 2205 1690 celeri-

1199 1716 1271 1744 tate
1288 1711 1436 1755 pedum,
1461 1710 1517 1744 cui
1534 1722 1691 1743 coronae
1708 1710 1869 1755 ligarunt
1886 1722 2039 1743 comam.
2082 1708 2204 1742 Victo-

1199 1763 1253 1796 ria
1279 1768 1399 1796 autem
1417 1774 1436 1795 a
1456 1761 1534 1795 Deo
1553 1768 1616 1796 est.
1659 1762 1742 1795 Duo
1762 1769 1882 1796 autem
1900 1767 2002 1801 sunt,
2016 1757 2120 1806 'quae
2138 1760 2204 1793 dis-

1200 1815 1328 1848 ficilem
1358 1814 1454 1848 vitae
1480 1815 1607 1847 florem
1632 1814 1776 1854 fovent,
1818 1820 1851 1846 et
1878 1813 2024 1847 beatum
2049 1812 2202 1846 faciunt:

1199 1869 1278 1910 (Ep.
1301 1868 1349 1909 1.)
1372 1867 1401 1900 si
1421 1867 1500 1912 quis
1516 1866 1606 1899 hene
1625 1879 1660 1900 se
1679 1864 1836 1906 habens,
1864 1865 1971 1898 etiam
1992 1864 2203 1898 celebretur.

1200 1918 1273 1953 Nee
1290 1919 1377 1952 velis
1392 1918 1527 1963 Iupiter
1544 1918 1632 1952 fieri.
1679 1917 1812 1950 Omnia
1830 1915 1958 1957 habes,
1982 1916 2010 1951 si
2029 1917 2125 1949 bona
2142 1916 2202 1948 illa

1173 1975 1175 1984 ¹
1200 1968 1328 2004 habes:
1351 1971 1519 2004 mortalia
1534 1969 1748 2004 mortalibus
1764 1975 1979 2013 congruunt.
2015 1968 2099 2002 Tibi
2118 1980 2202 2001 vero

1200 2023 1238 2055 in
1248 2021 1383 2057 Isthmo
1402 2023 1494 2056 duae
1511 2022 1684 2056 victoriae
1703 2021 1944 2066 contigerunt,
1962 2019 2203 2066 oPhylacida,

1202 2081 1236 2108 et
1246 2075 1335 2109 duas
1345 2073 1536 2109 inNemeis
1554 2087 1594 2108 ex
1605 2074 1800 2107 Pancratio
1813 2075 1962 2118 adeptus
1974 2078 2025 2107 est
2034 2071 2202 2118 Pytheas.

1202 2127 1271 2160 Sed
1292 2139 1412 2161 meum
1432 2139 1493 2160 cor
1510 2139 1585 2160 non
1603 2126 1678 2160 sine
1698 2126 1864 2160 Aeacidis
1887 2123 2043 2171 hymnos
2066 2126 2108 2158 de
2132 2122 2201 2158 hac

1202 2177 1350 2214 honesta
1370 2179 1458 2212 urbe
1478 2178 1633 2222 attingit.
1669 2177 1761 2211 Veni
1778 2191 1857 2212 cum
1875 2177 2009 2212 Gratiis
2030 2179 2074 2211 ad
2092 2177 2200 2210 Lam-

1203 2232 1306 2276 ponis
1324 2232 1436 2272 filios,
1471 2231 1562 2275 (Str.
1579 2228 1630 2276 2.)
1652 2242 1731 2264 cum
1750 2230 1822 2263 vita
1844 2242 1969 2264 eorum
1988 2236 2133 2274 peracta
2156 2229 2200 2262 sit

1202 2285 1238 2316 in
1264 2284 1419 2328 puritate
1446 2294 1618 2327 operum,
1661 2294 1752 2328 quac
1774 2281 1871 2316 Deus
1896 2282 1945 2316 eis
1976 2282 2085 2316 dedit.
2148 2280 2200 2315 Ne

1201 2336 1363 2370 invideas
1398 2335 1447 2369 eis
1480 2347 1546 2379 pro
1576 2335 1761 2368 laboribus
1794 2333 2046 2368 convenientes
2079 2333 2200 2367 laudes

1201 2388 1324 2421 tribui.
1386 2386 1505 2421 Etiam
1529 2387 1685 2432 insignes
1710 2386 1846 2420 Heroes
1879 2386 1939 2418 alii
1969 2385 2097 2418 lucrati
2120 2391 2204 2418 sunt

1200 2440 1344 2479 laudes,
1371 2445 1405 2472 et
1430 2439 1658 2473 celebrantur
1683 2436 1830 2472 citharis
1857 2443 1891 2470 et
1913 2436 2009 2470 tibiis
2036 2438 2134 2478 (Ant.
2150 2438 2203 2478 2.)

1203 2491 1303 2526 omni
1336 2497 1512 2536 tempore.
1581 2491 1739 2532 Heroes,
1783 2489 1844 2536 qui
1872 2488 2059 2528 coluntur,
2099 2499 2202 2532 prae-

1174 2560 1176 2589 f
1331 2572 1408 2577 -—

1174 2592 1176 2607 ι
1239 2614 1286 2641 11)
1314 2611 1384 2636 Huic
1412 2609 1604 2641 inscriptioni,
1631 2614 1710 2639 quam
1737 2605 1821 2631 Editt.
1838 2604 1931 2632 ¹558..
1963 2603 2039 2629 1563.
2064 2604 2201 2635 exhibent,

1174 2632 1180 2690 ι
1275 2648 1301 2671 iu
1321 2646 1400 2672 Pind.
1419 2646 1504 2670 Editt.
1527 2644 1654 2682 omuibus
1673 2648 1689 2666 a
1708 2648 1751 2666 me
1771 2640 1884 2680 ⁰9.¹¹³ti.⁵
1903 2639 2014 2664 additur
2032 2640 2201 2672 παγκρατίῳ,

1175 2697 1179 2703 -
1273 2681 1441 2714 pancratio.
1468 2681 1497 2704 ln
1511 2679 1641 2704 Boeekhu
1655 2679 1682 2700 et
1696 2676 1808 2706 Bergku
1824 2675 1908 2698 Editt.
1925 2675 1992 2698 haec
2007 2673 2066 2698 Ode
2079 2673 2114 2700 V.
2134 2680 2201 2704 pro-

1175 2712 1180 2739 Ι
1276 2718 1337 2747 pter
1357 2717 1426 2741 duas
1445 2714 1644 2746 praecedentes
1664 2711 1692 2734 in
1711 2716 1792 2736 unam
1811 2709 1973 2734 coniunctas
1992 2710 2034 2733 est
2054 2709 2112 2734 Ode
2126 2709 2172 2732 lv.

1601 2744 1681 2780 17*
