2341 2973
172 80 249 120 255

174 169 267 203 filius
286 180 340 205 es;
366 163 460 199 hunc
478 176 562 196 vero
579 162 772 208 Tyndarus
797 159 967 198 maritus,
1004 158 1173 190 accedens

176 222 222 254 ad
237 225 387 252 matrem
412 223 531 255 tuam,
565 214 716 247 mortale
741 224 861 246 semen
886 209 1044 244 stillavit.
1104 208 1172 242 Sed

175 279 296 304 tamen
312 267 403 302 hauc
423 267 630 300 electionem
652 265 716 298 tibi
732 265 850 298 tribuo
863 290 871 303 ,
904 262 933 296 si
951 261 1027 295 sine
1045 267 1174 300 morte,

173 323 248 356 sine
272 321 418 354 molesta
438 324 577 353 senecta
606 318 659 351 vis
681 318 716 349 in
741 316 839 349 coelo
863 326 935 348 esse
952 339 962 352 ,
995 325 1075 346 cum
1091 312 1173 345 Pal-

173 374 253 407 lade
273 379 306 406 et
325 372 461 411 Marte,
490 371 570 416 (Ep.
587 367 640 414 5.)
665 368 734 401 srui
752 365 819 400 hoc
834 367 930 399 bono
948 370 1060 409 potes.
1103 363 1173 397 Sed

174 426 203 459 si
220 437 287 469 pro
306 424 414 456 fratre
440 423 492 456 vis
516 421 706 466 proeliari,
743 425 777 452 et
802 418 959 451 tribuere
983 416 1015 449 ei
1043 427 1174 461 aequa-

174 477 243 509 lem
268 475 473 520 portionem
499 473 678 512 omnium,
718 482 782 515 per
807 470 900 503 vices
923 468 1009 503 alias
1036 467 1172 512 spirato

174 529 239 562 sub
264 534 381 567 terra,
424 526 509 560 alias
535 524 571 556 in
600 523 717 557 aureis
742 521 832 555 coeli
856 521 1009 555 sedibus.
1079 518 1174 551 Haec

174 592 255 613 cum
280 578 422 612 dixisset
441 576 594 620 Iupiter,
631 587 705 608 non
726 573 911 607 dubitavit
933 572 1078 609 Pollux;
1113 571 1173 604 sed

174 643 259 664 mox
278 629 419 674 aperuit
437 628 580 662 oculum
598 626 729 671 galeati
753 625 896 665 fratris,
931 630 966 656 et
991 635 1115 656 vocem
1143 621 1174 655 ei

176 682 346 715 reddidit.

575 789 667 831 Ode
696 789 771 831 XI.

238 874 271 906 A
279 884 298 906 r
306 873 318 904 ὅ
327 875 365 904 st
373 881 421 913 ay
432 881 449 902 ο
461 880 478 901 r
487 881 508 901 a
517 880 534 901 e
566 868 712 900 Tenedia
722 892 732 907 ,
763 863 836 908 filio
862 862 1042 897 Arcesilae
1052 859 1114 905 ²⁷).

282 948 373 993 (Str.
391 946 442 993 1.)
473 944 506 978 O
523 943 650 983 Vesta,
679 942 748 976 filia
769 939 912 981 Rheae,
944 938 1039 972 Iovis
1063 943 1097 970 et
1121 934 1177 969 lu·

173 1001 282 1036 nonis
297 1010 420 1038 soror,
448 1009 540 1042 quae
559 995 693 1028 curiam
714 993 888 1032 custodis,
925 990 1077 1034 excipito
1097 987 1177 1021 Ari-

176 1061 358 1097 stagoram
386 1050 422 1082 in
447 1047 645 1081 thalamum
670 1053 792 1085 tuum,
836 1050 871 1077 et
904 1043 979 1076 eius
1012 1041 1177 1083 collegas,

179 1105 241 1152 qui
264 1115 376 1149 prope
400 1106 482 1135 sunt
500 1112 579 1132 cum
607 1104 768 1142 sceptro,
811 1094 873 1142 qui
897 1101 931 1128 te
958 1092 1178 1127 honorantes

178 1155 386 1191 custodiunt
399 1153 608 1190 Tenedum,
637 1149 736 1196 (Ant.
759 1147 808 1193 1.)
823 1159 928 1191 saepe
946 1143 1179 1178 libationibus

178 1216 212 1242 et
227 1207 334 1241 fumis
358 1212 392 1239 te
417 1204 571 1248 primam
591 1202 749 1235 Dearum
769 1205 1001 1237 venerantes,
1027 1201 1178 1230 sonante

179 1258 316 1295 cithara
335 1264 369 1291 et
386 1262 492 1288 cantu
510 1256 544 1287 in
563 1253 736 1288 sacrificio
753 1251 846 1285 Iovis
862 1248 1062 1294 hospitalis.
1108 1246 1178 1285 Tu,

180 1308 483 1358 inquam,¹'Vesta
503 1306 632 1340 efficito
652 1305 701 1339 eis
718 1303 966 1346 magistratum
994 1299 1081 1332 anni
1105 1298 1179 1342 glo-

179 1365 337 1402 riosum,
372 1367 406 1393 et
429 1359 505 1393 sine
532 1358 669 1391 dolore.
733 1356 813 1400 (Ep.
835 1354 884 1401 1.)
908 1353 1061 1387 Beatum
1087 1351 1179 1383 duco

179 1422 319 1461 patrem
336 1411 531 1446 Arcesilam
544 1437 552 1450 ,
581 1416 615 1443 et
631 1408 830 1453 speciosum
850 1417 998 1450 corpus,
1028 1410 1061 1436 et
1077 1403 1181 1436 Atre-

180 1467 291 1500 miam
325 1470 530 1508 cognatum.
599 1461 635 1494 Si
667 1460 746 1506 quis
776 1458 919 1492 divitias
949 1455 1105 1493 habens,
1148 1459 1181 1485 et

176 1520 295 1552 forma
314 1514 493 1549 antecellit
515 1513 614 1552 aliis,
644 1519 677 1545 et
702 1512 815 1544 victor
841 1516 892 1543 est
917 1509 953 1541 in
977 1504 1181 1540 certamini-

179 1572 262 1604 bus:
292 1570 320 1603 is
336 1565 562 1606 meminerit,
588 1577 624 1598 se
643 1564 902 1597 circumdatum
923 1572 995 1594 esse
1020 1556 1181 1591 mortali-

216 1718 264 1743 27)
284 1718 331 1741 sio
350 1718 416 1740 haec
437 1716 494 1739 Ode
515 1715 539 1737 ia
555 1714 638 1738 Editt.
656 1714 747 1743 1552„
770 1711 842 1735 1553.
864 1709 996 1738 inscripta
1015 1710 1076 1737 est·v
1098 1708 1180 1732 Editt.

253 1752 382 1776 Francos.
408 1751 499 1777 1512„
527 1750 610 1773 nasu.
635 1748 726 1774 1556„
754 1747 785 1770 H.
805 1745 897 1773 steph.
922 1744 995 1767 1566.
1015 1744 1116 1766 habeut
1139 1744 1182 1765 iu-

251 1787 430 1816 scriptionem
443 1793 448 1809 :
466 1781 646 1816 Ἀρισταγόρᾳ
659 1780 791 1813 πρυτάιέι
806 1777 923 1811 Τενεδίῳ
933 1796 939 1807 ,
959 1777 1011 1811 υἱῷ
1021 1775 1180 1809 §tyni-0⁷11«,

253 1828 366 1853 quacum
387 1820 515 1847 congruit
530 1819 647 1848 Hestiii:
676 1818 869 1847 Aristayorae
888 1814 1027 1843 Prytnni,
1049 1813 1181 1841 Tenedia,

252 1856 314 1888 filio
336 1856 502 1882 Arcesilam
531 1854 611 1877 Editt.
632 1853 739 1876 Boot-1211
760 1869 767 1879 ,
794 1851 895 1878 Bergk.
922 1851 1027 1872 autem:
1054 1845 1198 1879 Ἀριστομ-

251 1889 321 1923 γὸρᾳ
341 1888 459 1922 Τενεδίῳ
479 1885 629 1919 πρυτάνει,
658 1888 852 1917 Aristagorae
872 1883 995 1909 Tenedia
1015 1882 1138 1911 Prymni

764 72 886 108 PfflL.
912 70 1025 106 MEL.
1060 68 1264 104 SCfflPTA
1291 66 1631 104 PHILOLOGICA.

1207 1862 1211 1902 l

1226 156 1293 189 bus
1315 154 1506 193 membris,
1550 161 1585 188 et
1617 155 1763 188 tandem
1798 160 1931 186 terram
1948 152 1995 199 28)
2028 153 2231 188 subiturum

1228 219 1314 242 esse.
1374 204 1468 250 (Str.
1487 204 1540 251 2.)
1568 206 1638 240 Sed
1663 205 1857 239 celebratio
1883 204 2065 238 bonorum
2092 217 2230 240 sermo-

1227 259 1333 292 nibus
1357 257 1546 298 convenit‚
1587 264 1621 291 et
1654 257 1817 291 dulcibus
1843 255 2062 291 carminibus
2090 257 2230 290 variata

1228 322 1368 344 canere,
1421 308 1468 342 Et
1486 321 1527 342 ex
1542 309 1669 343 vicinis
1696 308 1869 342 victoriae
1896 308 2051 342 sedecim
2077 320 2230 341 corona-

1227 367 1313 396 runt
1329 361 1600 404 Aristagoram‚
1627 367 1662 394 et
1678 361 1836 394 nobilem
1863 360 2039 405 patriam,
2073 361 2111 392 in
2134 360 2230 394 lucta

1227 420 1262 447 et
1280 413 1480 457 pancratio.
1535 411 1635 457 (Ant.
1652 412 1705 457 2.)
1730 413 1817 457 Spes
1835 418 2027 457 parentum
2047 411 2230 455 segniores

1228 466 1394 498 iuvenem
1425 464 1669 508 impedierunt
1698 464 1853 509 experiri
1881 464 2075 497 certamina
2099 463 2137 496 in
2159 462 2231 507 Py-

1228 515 1338 550 thone
1358 522 1392 549 et
1411 515 1601 561 Olympiis.
1656 516 1726 549 Per
1749 529 1869 550 meum
1894 516 2159 554 iuramentum,
2195 520 2231 547 et

1228 581 1292 613 per
1317 580 1434 601 meam
1459 568 1669 612 opinionem
1697 568 1796 608 dico,
1830 568 2030 601 rediturum
2054 566 2162 601 fuisse
2187 577 2230 598 ex

1228 618 1368 666 Pythiis
1387 626 1421 652 et
1437 619 1617 665 Olympiis
1636 617 1840 664 pulchrius,
1869 631 1976 665 quam
1995 618 2056 652 alii
2079 624 2229 662 antago-

1229 672 1343 706 nistae
1358 671 1565 711 rediissent,
1597 671 1678 717 (Ep.
1694 671 1748 718 2.)
1777 677 1812 704 et
1835 671 2097 704 celebraturum
2122 669 2229 703 fuisse

1230 724 1499 770 quinquennale
1523 724 1650 757 festum
1682 723 1885 757 institutum
1912 721 2077 762 Herculi,
2119 721 2228 765 ligata

1230 788 1331 809 coma
1364 775 1554 820 purpureis
1587 775 1708 809 ramis.
1779 775 1847 809 Sed
1876 773 1964 808 alios
1988 771 2155 806 homines
2179 771 2230 804 ia—

1230 826 1361 861 ctantia
1382 827 1500 860 inanis
1517 827 1635 871 privat
1652 827 1773 860 bonis:
1811 826 1899 860 alios
1917 826 2112 860 frustratur
2130 834 2230 857 vere-

1231 879 1382 919 cundia,
1410 879 1524 912 diffisa
1544 879 1700 923 propriis
1716 878 1872 918 viribus,
1908 890 1971 911 ceu
1996 887 2108 910 manu
2131 881 2229 909 retro

1231 929 1388 965 trahens.
1444 930 1536 975 (Str.
1554 931 1607 977 3.)
1635 931 1753 964 Facile
1779 936 1855 963 erat
1876 929 2072 969 conficere,
2109 934 2230 961 ortum

1232 995 1312 1016 eum
1339 995 1412 1016 esse
1439 995 1479 1015 ex
1502 982 1671 1016 Pisandri
1694 982 1889 1026 sanguine,
1927 993 1968 1014 ex
1993 981 2142 1026 Spart'a;
2168 976 2231 1024 (ab

1231 1034 1390 1079 Amyclis
1406 1033 1500 1067 enim
1518 1035 1698 1078 profectus
1723 1041 1774 1068 est
1796 1046 1874 1066 cum
1895 1032 2042 1073 Oreste,
2073 1029 2142 1064 huc
2166 1031 2231 1064 du-

1232 1098 1314 1120 cens
1349 1086 1542 1119 exercitum
1572 1085 1778 1132 Aeolicum)
1811 1091 1845 1118 et
1880 1086 2036 1129 pendere
2066 1094 2177 1127 genus
2211 1093 2231 1114 a

1233 1137 1443 1182 Melanippo
1464 1144 1629 1170 materno
1649 1150 1737 1178 avo,
1765 1138 1811 1170 ad
1827 1135 1959 1170 Ismeni
1976 1136 2122 1170 fluenta.
2157 1135 2231 1168 An-

1233 1190 1354 1235 tiquae
1378 1189 1527 1223 virtutes
1550 1188 1650 1234 (Ant.
1668 1189 1721 1236 3.)
1752 1194 2021 1234 propagantur,
2065 1187 2127 1221 sed
2154 1197 2233 1219 mu-

1233 1248 1349 1275 tantes
1368 1242 1481 1275 robur
1499 1254 1562 1286 per
1582 1241 1784 1275 intervalla.
1828 1240 1921 1274 Nam
1940 1252 2005 1272 nec
2021 1239 2122 1283 nigra
2143 1248 2231 1270 arva

1233 1293 1386 1337 gignunt
1404 1293 1576 1326 continuo
1595 1294 1713 1337 fruges
1725 1319 1734 1333 ‚
1761 1304 1827 1325 nee
1842 1292 1989 1325 arbores
2005 1289 2153 1335 singulis
2170 1300 2233 1321 an-

1234 1345 1289 1378 nis
1306 1345 1432 1377 florem
1452 1357 1664 1389 generosum
1682 1345 1804 1378 ferunt
1817 1342 1952 1376 divitiis
1967 1342 2120 1377 similem
2133 1368 2143 1382 ‚
2170 1341 2233 1374 sed

1234 1409 1298 1441 per
1318 1397 1429 1431 vices:
1458 1397 1507 1430 sic
1523 1398 1593 1429 sata
1619 1402 1653 1429 et
1680 1394 1869 1429 hominum
1896 1394 2065 1428 virtutem
2089 1405 2154 1438 per
2180 1391 2233 1425 vi-

1234 1461 1290 1482 ces
1308 1449 1496 1482 reducunt.
1551 1447 1630 1494 (Ep.
1648 1448 1701 1495 3.)
1730 1447 1804 1481 Nec
1822 1453 1969 1480 eventus
1993 1459 2010 1479 a
2027 1444 2112 1479 Iove
2137 1443 2233 1477 ordi-

1234 1500 1311 1533 nati
1334 1500 1439 1534 nobis
1461 1501 1537 1534 noti
1563 1507 1664 1538 sunt;
1708 1500 1769 1533 sed
1794 1505 1917 1532 tamen
1940 1498 2092 1542 superbe
2119 1496 2233 1529 multa

1236 1564 1365 1596 magna
1390 1565 1499 1597 opera
1526 1558 1717 1586 tentamus.
1788 1550 1954 1584 Membra
1980 1549 2075 1583 enim
2107 1553 2232 1581 nostra

1236 1604 1379 1648 alligata
1406 1611 1487 1638 sunt
1516 1603 1716 1649 impudenti
1741 1615 1823 1647 spe,
1866 1608 1900 1634 et
1923 1600 2151 1647 providentia
2179 1611 2234 1632 re-

1236 1663 1334 1689 mota
1354 1663 1416 1691 est.
1472 1656 1628 1701 Oportet
1651 1655 1759 1699 igitur
1775 1665 1984 1688 mensuram
2002 1651 2232 1697 negotiorum

1235 1708 1372 1742 venari.
1440 1708 1561 1741 Maior
1587 1707 1682 1741 enim
1709 1713 1759 1741 est
1784 1705 1944 1747 insania,
1981 1703 2233 1750 concupiscere

1236 1760 1488 1804 impossibilia.

1269 1881 1317 1906 28)
1338 1877 1453 1910 terrani]
1476 1879 1515 1902 sic
1536 1878 1691 1903 &145535
1718 1878 1764 1900 Ed.
1782 1877 1857 1901 1563.
1878 1878 1953 1899 terra
1975 1876 2015 1898 in.
