2421 3005
89 90 162 127 221

195 174 291 207 Haec
311 175 410 218 gleba
435 174 564 208 efficiet
581 172 739 208 Theram
768 175 844 208 fore
871 174 1092 218 metropolin

90 239 305 271 magnarum
325 227 490 267 urbium,
519 238 626 273 quam
654 226 691 259 in
715 227 793 260 lacu
812 226 1004 260 Tritonide
1021 226 1093 259 Eu-

90 277 243 325 phemus
263 279 418 323 accepit,
447 279 663 312 descendens
691 292 708 311 e
734 291 840 323 prora
869 291 887 312 a
911 278 988 311 Deo
1016 278 1091 311 viso

91 331 160 364 viri
176 330 312 375 specie,
339 332 448 364 dante
463 331 602 375 glebam
622 331 697 363 vice
721 331 828 364 xenii.
888 330 923 363 ld
949 331 1091 374 signum

90 384 246 416 faustum
267 394 340 416 esse
357 381 492 427 Iupiter
508 382 646 415 tonitru
663 382 894 426 significavit,
929 382 1021 427 (Str.
1039 382 1092 428 2.)

92 435 240 480 quando
273 434 428 468 occurrit
464 434 595 467 Triton
624 435 925 479 suspendentibus
960 431 1093 467 ancho-

91 498 191 527 ram,
220 499 310 532 quae
329 492 407 519 erat
421 487 561 520 frenum
582 486 684 520 navis
699 487 810 531 ArgO.

196 538 302 572 Prius
326 538 515 571 duodecim
541 538 615 572 dies
640 551 682 571 ex
705 538 850 572 Oceano
876 537 1094 582 gestavimus

92 589 214 623 navim
240 588 421 629 humeris,
449 602 512 633 per
534 590 609 623 loca
635 591 773 623 deserta
803 588 984 624 trahentes
1011 602 1093 622 meo

93 641 255 676 consilio.
324 641 429 675 Tunc
453 641 585 675 Triton
622 638 772 676 accessit
799 641 917 686 specie
952 640 1095 675 honesti

92 693 174 733 viri,
201 699 236 726 et
250 693 374 727 amicis
391 694 618 728 sermonibus
636 706 701 727 nos
720 693 895 727 allocutus
913 700 976 733 est,
1005 693 1096 727 sicut

93 742 294 790 hospitibus
320 745 546 780 venientibus
573 744 738 779 homines
762 745 910 779 benefici
938 745 1095 779 offerunt

94 797 221 831 officia.

199 846 301 894 (Ant.
315 849 367 894 2.)
393 849 461 883 Sed
477 861 544 883 nos
561 861 707 882 manere
724 849 775 883 ibi
791 849 986 883 noluimus.
1032 848 1096 882 Di·
1122 877 1123 880 ,

95 901 197 934 cebat
219 907 338 934 autem
364 900 514 942 Triton,
550 913 586 935 se
611 901 772 946 Neptuni
796 901 908 935 filium
932 913 1005 935 esse
1024 900 1095 935 Eu-

93 953 260 998 rypylum
273 979 282 993 ‚
310 952 372 998 qui
389 965 468 986 cum
490 953 706 998 intelligeret
725 966 791 987 nos
807 953 996 993 festinare,
1025 953 1096 997 gle-

93 1005 177 1037 bam
202 1004 369 1039 attollens
395 1006 539 1046 dextra,
575 1005 719 1039 xenium
745 1005 892 1039 obvium
918 1005 1097 1051 quaesivit

94 1057 193 1090 dare.
254 1056 328 1091 Nec
352 1069 438 1090 vero
462 1058 640 1090 recusavit
662 1055 769 1092 heros
790 1055 1019 1102 Euphemus,
1055 1069 1097 1090 ex

95 1120 204 1154 prora
224 1107 261 1140 in
282 1108 380 1142 littus
398 1109 548 1150 saliens,
584 1116 618 1142 et
639 1122 750 1142 manu
775 1121 922 1142 manum
948 1110 1096 1142 firmans

96 1159 243 1205 accepit.

197 1210 361 1255 Intelligo
396 1218 514 1245 autem
549 1225 626 1245 eam
661 1213 695 1245 in
732 1225 831 1245 mare
864 1225 1019 1246 mersam
1056 1225 1098 1246 ex

95 1262 198 1301 navi,
226 1269 260 1295 et
281 1263 490 1296 dissolutam
505 1290 513 1303 ,
549 1264 629 1308 (Ep.
648 1266 702 1310 2.)
732 1277 804 1298 esse
824 1272 980 1298 secutam
1000 1265 1097 1309 pela—
1124 1270 1125 1274 ’

95 1327 159 1359 gns
175 1314 402 1358 Hesperium.
456 1314 532 1359 Ego
550 1328 636 1348 vero
662 1328 917 1360 praeceperam
941 1316 1097 1356 famulis,

95 1372 134 1400 ut
150 1377 228 1399 eam
247 1366 480 1400 custodirent.
535 1367 602 1400 Sed
624 1366 659 1400 hi
679 1367 779 1400 obliti
806 1374 905 1401 sunt:
942 1374 975 1401 et
1000 1379 1096 1401 nunc

94 1416 154 1452 hic
178 1417 382 1451 immortale
409 1430 531 1451 semen
558 1417 694 1464 Libyae
727 1419 877 1453 effusum
907 1426 958 1453 est
983 1419 1020 1452 in
1044 1419 1097 1452 in-

96 1470 191 1510 sula,
218 1476 300 1503 ante
320 1476 473 1516 tempus.

197 1522 346 1556 sienim
366 1524 467 1556 domi
492 1522 628 1558 iecisset
651 1524 789 1567 glebam
816 1523 853 1556 in
878 1535 978 1556 mare
999 1523 1095 1556 iuxta
1124 1553 1125 1559 ,

94 1575 324 1615 Taenarum,
361 1576 423 1608 ubi
449 1582 499 1609 est
525 1576 672 1609 Tartari
698 1576 849 1615 ostium,
886 1573 1097 1620 Euphemus
1123 1565 1125 1616 J

93 1627 187 1660 filius
202 1626 381 1671 Neptuni,
409 1640 514 1673 quem
532 1627 679 1672 Europa
695 1627 783 1661 Titii
801 1628 872 1661 filia
891 1627 1031 1672 peperit
1052 1628 1097 1659 ad
1124 1628 1125 1660 3

95 1676 310 1724 Cephisnm‚
338 1679 430 1723 (Str.
447 1680 500 1725 5.)
529 1686 679 1725 quartae
697 1680 831 1713 sobolis
856 1680 1021 1723 sanguis,
1057 1679 1097 1712 il-

94 1731 165 1763 lam
189 1736 322 1763 terram
348 1742 428 1763 cum
445 1730 582 1764 Danais
605 1732 809 1776 accepisset.
871 1731 975 1764 Tunc
1000 1731 1096 1764 enim

95 1794 137 1816 ex
156 1781 430 1815 Lacedaemone
447 1782 552 1827 Argis
575 1789 608 1816 et
627 1782 788 1828 Mycenis
814 1783 944 1827 egressi
970 1789 1097 1817 essent.
1123 1788 1126 1806 ²

95 1835 200 1869 Nunc
216 1846 302 1867 vero
320 1833 479 1867 inveniet
505 1835 653 1868 selectos
681 1841 844 1879 posteros
862 1834 1096 1868 Lemniarum

95 1886 288 1920 mulierum
318 1886 356 1919 in
390 1885 509 1927 lectis,
554 1886 616 1932 qui
649 1887 821 1920 divinitus
850 1886 1033 1920 venientes
1060 1886 1099 1919 in

95 1936 277 1978 Theram,
302 1938 450 1982 gignent
465 1938 634 1978 Battum,
661 1939 723 1984 qui
747 1940 815 1972 erit
842 1938 1011 1972 dominus
1031 1937 1099 1983 Cy-

96 2002 218 2024 renes:
244 2002 350 2036 quem
369 1988 538 2024 Phoebus
558 1991 721 2024 monebit
743 1991 780 2024 in
806 1990 980 2030 oraculis,
1017 2002 1097 2023 cum

96 2042 216 2076 veniet
233 2042 270 2075 in
289 2039 459 2087 Pythium
478 2043 652 2087 templum
666 2070 675 2083 ,
708 2042 809 2087 (Ant.
828 2043 880 2089 3.)
910 2048 950 2076 ut
974 2048 1097 2087 postea

96 2095 230 2129 multos
255 2094 293 2127 in
319 2094 471 2128 navibus
494 2096 601 2129 ducat
623 2096 668 2128 ad
687 2094 759 2129 Nili
786 2095 973 2139 templum.
1033 2093 1100 2127 Hic

95 2146 163 2181 fuit
181 2158 300 2183 sermo
318 2145 480 2181 Medeae.

199 2200 396 2246 Stupesacti
437 2207 555 2235 autem
595 2208 678 2236 sunt
708 2201 865 2240 Heroes,
914 2199 1099 2233 audientes

97 2265 302 2288 sermonem
321 2253 483 2287 Medeae.
538 2254 571 2287 O
595 2254 678 2287 felix
694 2253 818 2293 Batte,
854 2259 887 2286 te
911 2252 1098 2285 oraculum

97 2305 316 2340 sacrificulae
333 2303 529 2350 Delphicae
549 2306 696 2339 fatidico
722 2317 889 2339 sermone
914 2303 1098 2338 excitavit:

98 2370 191 2404 quae
216 2364 249 2390 te
275 2357 396 2391 dicens
423 2364 477 2390 ter
502 2357 648 2395 laetari,
680 2357 930 2401 pronuntiavit
955 2363 988 2389 te
1009 2356 1100 2388 fata-

98 2409 167 2443 lem
187 2422 307 2455 regem
325 2410 402 2443 sore
418 2409 573 2455 Libyae,
610 2408 690 2453 (Ep.
708 2409 761 2455 3.)
790 2421 868 2442 cum
898 2409 1100 2452 interroga-

98 2473 174 2502 res,
202 2463 388 2508 quomodo
407 2474 528 2507 posses
545 2461 739 2505 impeditae
756 2460 899 2504 linguae
915 2459 1099 2505 opitulari.

202 2513 248 2547 Et
263 2526 359 2548 nunc
376 2515 441 2548 sub
456 2526 569 2547 verno
594 2520 779 2557 tempore,
814 2519 896 2556 post
920 2519 973 2545 tot
995 2512 1099 2551 filios,

99 2564 204 2599 floret
228 2573 374 2600 octavus
393 2566 588 2605 Arcesilas,
625 2565 679 2598 cui
701 2564 832 2608 Apollo
851 2563 1002 2610 Pythius
1027 2571 1099 2597 tra-

100 2616 190 2650 didit
208 2618 392 2651 victoriam
412 2625 611 2664 equestrem
631 2616 762 2650 iudicio
774 2614 1098 2661 Amphictyonum:

100 2681 205 2714 quem
228 2676 262 2702 et
286 2682 349 2713 ego
374 2672 513 2703 tradam
536 2670 668 2709 Musis,
704 2668 809 2702 simul
837 2680 915 2701 cum
941 2667 1098 2701 carmine

100 2722 143 2752 de
167 2721 295 2754 vellere.
320 2734 442 2756 auron.
506 2722 594 2756 Cum
621 2721 716 2753 enim
742 2722 786 2753 ad
813 2720 848 2753 id
873 2720 1099 2764 navigassent

517 87 687 123 LXXXIL
741 85 1145 123 INTERPRETATIO
1179 86 1475 123 PYTHIORUM
1511 88 1722 124 PlNDARI.

2075 98 2152 132 222

1118 174 1292 221 ¹'Minyae
1307 175 1356 222 ⁷),
1396 175 1570 210 divinitus
1603 185 1817 222 acceperunt
1848 179 2009 223 glebam,
2054 183 2151 215 unde

1118 255 1121 277 ι
1147 228 1217 261 orti
1236 234 1320 261 sunt
1340 227 1528 273 Cyrenaei.

1118 278 1120 322 1]
1251 280 1343 324 (Str.
1363 279 1416 326 4.)
1446 279 1554 325 Quod
1571 279 1637 313 fuit
1660 280 1803 314 initium
1832 283 1926 318 illius
1950 284 2152 329 navigatio-

1118 336 1120 369 }
1147 330 1236 365 nis?
1293 331 1402 377 Quod
1427 332 1628 377 periculum
1654 334 1899 368 adamantinis
1931 337 2040 370 clavis
2075 337 2152 369 alli-

1119 398 1121 415 ι
1147 382 1244 427 gavit
1262 383 1370 417 eum?

1250 434 1374 470 Fatale
1400 435 1503 475 erat,
1544 435 1697 470 interfici
1721 436 1858 470 Peliam
1880 439 2057 472 Aeoliden
2089 452 2151 473 seu

1148 498 1278 527 manu,
1313 500 1373 521 seu
1400 489 1550 522 consilio
1579 488 1810 523 immutabili.
1880 490 1971 523 Huic
1998 489 2148 524 horren-

1148 539 1234 571 dum
1253 540 1438 573 oraculum
1458 542 1581 574 datum
1602 547 1679 574 erat
1695 540 1733 573 in
1752 542 1873 574 medio
1894 543 2065 575 umbilico
2083 549 2153 576 ter-

1120 598 1229 629 ¹rae3
1273 591 1386 624 altero
1417 598 1557 626 tantum
1594 593 1684 637 pede
1720 593 1916 626 calceatum
1952 596 2151 628 cavendum

1149 654 1244 682 esse,
1272 644 1418 689 quando
1442 644 1486 676 ab
1513 644 1592 678 altis
1618 644 1801 679 montibus
1826 645 1967 679 veniret
1990 647 2034 679 ad
2062 646 2152 679 occi-

1149 695 1258 728 duam
1280 701 1413 728 terram
1433 696 1586 741 inclytae
1605 695 1730 743 Iolci⁸)
1748 695 1891 742 hospes.

1121 762 1123 797 ἦ
1253 746 1355 791 (Ant.
1373 746 1425 793 4.)
1460 747 1569 781 Venit
1596 748 1705 792 igitur
1729 750 1873 782 tandem
1899 749 2069 783 terribilis
2095 750 2152 783 ille

1122 804 1123 839 ξ
1149 798 1300 842 geminis
1319 798 1449 839 hastis,
1476 806 1510 832 et
1532 800 1665 845 duplici
1690 801 1840 839 vestitu;
1875 802 1994 835 tunica
2022 801 2152 835 usitata

1150 850 1363 895 Magnesiis,
1391 852 1564 885 membris
1580 852 1654 885 eius
1672 853 1889 887 conveniens
1914 860 2004 886 erat:
2041 854 2151 886 altera

1122 931 1123 934 ,
1151 903 1325 944 exterior,
1366 903 1468 948 pellis
1494 910 1571 937 erat
1596 904 1825 948 pardalidos,
1870 917 1962 950 quae
1989 905 2154 949 capiebat

1151 953 1319 989 horridos
1334 955 1486 995 imbres;
1514 968 1579 989 nec
1599 956 1694 990 tonsi
1711 963 1815 989 erant
1833 957 1973 1001 capilli,
2009 958 2070 990 sed
2100 963 2153 990 to-

1151 1013 1225 1041 tum
1244 1008 1391 1041 dorsum
1413 1009 1643 1053 quassabant.
1698 1008 1914 1053 Progressus
1940 1015 2059 1042 autem
2085 1015 2154 1042 ste-

1150 1059 1194 1092 tit
1226 1059 1447 1104 intrepidum
1483 1060 1644 1093 animum
1676 1061 1863 1104 experiens
1889 1061 1925 1093 in
1949 1061 2048 1100 foro,
2091 1060 2154 1093 ubi

1123 1138 1125 1143 .
1150 1123 1281 1156 magna
1300 1111 1494 1145 multitudo
1518 1118 1612 1152 erat,
1648 1111 1730 1157 (Ep.
1749 1111 1802 1159 4.)
1833 1125 1939 1158 quem
1963 1125 2044 1146 cum
2070 1125 2153 1146 nos-

1124 1163 1125 1167 *
1151 1169 1242 1203 sent,
1264 1170 1298 1197 et
1315 1169 1436 1196 tamen
1452 1170 1724 1203 revererentur,
1746 1165 1863 1209 inquit
1881 1164 2029 1210 aliquis:
2059 1164 2154 1198 Num

1124 1226 1125 1249 l
1152 1222 1203 1249 est
1219 1213 1275 1248 hic
1292 1215 1448 1260 Apollo?
1503 1215 1585 1250 Non
1603 1222 1654 1248 est
1677 1216 1771 1249 enim
1790 1216 1889 1249 Mars
1906 1215 2056 1249 Veneris
2080 1228 2155 1248 ma-

1124 1276 1125 1306 }
1151 1268 1261 1307 ritus,
1291 1268 1352 1313 qui
1371 1279 1478 1300 curru
1495 1279 1607 1300 aeneo
1624 1265 1786 1301 vehitur:
1826 1275 1859 1301 et
1877 1269 1912 1300 in
1931 1268 2033 1301 Naxo
2054 1267 2155 1301 aiunt

1152 1331 1226 1353 esse
1254 1326 1418 1352 mortuos
1437 1318 1548 1352 Otum
1578 1326 1612 1352 et
1629 1317 1844 1365 Ephialten,
1879 1326 1913 1352 et
1933 1319 2073 1352 Dianae
2102 1331 2156 1351 ce-

1124 1397 1125 1400 *
1151 1371 1216 1405 leri
1234 1372 1362 1415 sagitta
1384 1371 1591 1405 interfectus
1614 1379 1665 1405 est
1683 1371 1812 1417 Tityus
1842 1384 1884 1405 ex
1909 1371 2040 1404 invicta
2066 1368 2155 1415 pha-

1151 1430 1269 1463 retra,
1297 1429 1337 1456 ut
1354 1423 1467 1456 discat
1495 1423 1625 1469 aliquis
1652 1431 1822 1468 appetere
1848 1424 2051 1468 voluptates
2075 1435 2157 1467 pos-

1123 1491 1125 1508 ς
1151 1476 1282 1510 sibiles.
1337 1474 1428 1522 (Str.
1446 1472 1498 1521 5.)
1528 1475 1585 1509 Sic
1604 1476 1655 1508 illi
1673 1476 1766 1509 inter
1785 1488 1858 1510 sese
1876 1476 2129 1521 loquebantur.

1254 1526 1453 1561 Intervenit
1471 1533 1591 1560 autem
1608 1527 1726 1561 Pelias
1742 1528 1779 1561 in
1797 1539 1923 1566 curru,
1953 1539 2059 1572 quem
2079 1539 2157 1559 mu-

1151 1581 1205 1613 lae
1222 1577 1420 1617 vehebant;
1457 1586 1490 1612 et
1510 1592 1596 1613 mox
1624 1580 1829 1625 obstupuit,
1866 1579 1990 1612 videns
2015 1584 2155 1612 tantum

1152 1634 1279 1666 dextro
1314 1633 1403 1676 pede
1430 1631 1626 1665 calceatum
1655 1644 1741 1666 esse.
1812 1631 2008 1664 Occultans
2036 1636 2156 1663 autem

1151 1696 1346 1730 pavorem,
1376 1683 1508 1717 affatur
1524 1682 1721 1728 hospitem:
1751 1683 1869 1728 Quam
1889 1682 1988 1723 dicis,
2015 1680 2158 1726 hospes,

1124 1759 1125 1785 ἦ
1152 1743 1250 1770 tuam
1283 1736 1438 1780 patriam
1473 1748 1565 1775 esse,
1609 1742 1643 1769 et
1675 1748 1767 1782 qnae
1795 1742 1828 1768 te
1854 1741 1970 1768 mater
1994 1733 2157 1778 peperit?

1124 1811 1126 1826 1
1152 1789 1235 1823 Non
1251 1788 1416 1832 polluens
1437 1795 1469 1821 te
1488 1788 1705 1825 mendaciis,
1733 1787 1790 1820 dic
1810 1799 1931 1830 genus.

1124 1832 1126 1862 l
1257 1841 1358 1886 (Ant.
1381 1838 1435 1886 5.)
1478 1839 1570 1873 Huic
1602 1839 1789 1884 respondit
1820 1837 1925 1872 Iason
1960 1835 2155 1869 confidenti

1153 1891 1294 1925 animo:
1323 1892 1391 1925 Aio
1408 1904 1466 1925 me
1483 1892 1686 1925 doctrinam
1707 1888 1877 1924 Chironis
1893 1889 2034 1922 afferre.
2085 1887 2156 1919 Re-

1153 1945 1220 1977 deo
1239 1956 1281 1977 ex
1296 1950 1401 1977 antro
1418 1955 1435 1976 a
1455 1941 1619 1977 Charicle
1635 1949 1669 1976 et
1686 1940 1834 1987 Philyra
1847 1968 1856 1981 ,
1882 1941 1945 1975 ubi
1963 1952 2021 1972 me
2039 1945 2156 1972 castae

1154 1995 1327 2030 Centauri
1351 1995 1443 2028 filiae
1468 1996 1667 2029 educarunt
1693 2006 1809 2027 annos
1832 1992 1979 2038 viginti:
2017 2003 2082 2024 nec
2105 1991 2157 2023 fa—

1154 2054 1248 2082 ctum
1269 2047 1339 2087 ibi,
1367 2059 1431 2080 nec
1447 2053 1552 2092 turpe
1571 2048 1705 2080 dictum
1725 2046 1866 2079 locutus
1881 2057 1974 2079 sum.

1257 2098 1351 2132 Veni
1374 2111 1524 2143 regnum
1548 2099 1619 2132 mei
1643 2098 1755 2143 patris
1784 2103 2014 2141 recepturus,
2057 2092 2156 2138 quod

1153 2164 1229 2185 non
1258 2151 1349 2185 iuste
1382 2150 1606 2195 possidetur,
1642 2152 1740 2196 quod
1772 2148 1909 2194 Iupiter
1943 2146 2043 2181 dedit
2074 2143 2157 2177 duci

1153 2203 1267 2238 Aeolo
1293 2209 1328 2237 et
1350 2203 1430 2236 filiis
1456 2203 1548 2236 eius:
1585 2203 1666 2248 (Ep.
1683 2200 1736 2248 5.)
1766 2201 1874 2235 audio
1901 2199 1996 2234 enim
2016 2196 2155 2231 Peliam

1154 2256 1349 2296 iniustum,
1394 2256 1632 2288 confidentem
1659 2255 1768 2288 stulto
1796 2253 1940 2292 animo,
1985 2247 2154 2295 praedari

1154 2309 1332 2342 violenter
1352 2313 1560 2341 nostrorum
1582 2313 1773 2352 parentum
1792 2316 1963 2349 regnum:
2003 2301 2064 2347 qui
2086 2311 2156 2337 me,

1154 2374 1234 2395 cum
1253 2360 1407 2405 primam
1426 2359 1499 2392 vidi
1519 2359 1647 2399 lucem,
1675 2364 1874 2392 metuentes
1891 2353 2060 2388 iniuriam
2079 2350 2155 2383 v10—

1154 2412 1240 2446 lenti
1259 2411 1453 2457 principis,
1481 2417 1680 2456 posuerunt
1699 2411 1736 2443 in
1764 2411 1874 2443 domo
1902 2414 2075 2450 tanquam
2102 2402 2138 2459 sii

1154 2478 1221 2499 nus
1243 2477 1323 2497 cum
1342 2463 1511 2497 muliebri
1527 2463 1636 2497 luctu.
1691 2462 1789 2496 Clam
1808 2472 1893 2494 vero
1916 2457 2092 2490 miserunt
2117 2464 2154 2484 m

1187 2611 1218 2639 7)
1239 2609 1366 2639 Minyae]
1392 2607 1433 2632 sic
1458 2608 1490 2631 Η,
1511 2607 1622 2636 Steph..
1648 2606 1764 2634 Heyne,
1789 2598 1977 2639 Boeckh-(z
1996 2598 2074 2623 Pind.
2097 2598 2154 2620 Μι-

1224 2643 1325 2675 νυᾶν);
1355 2643 1496 2667 Ed.1558.
1519 2641 1659 2671 Minyiae,
1687 2639 1733 2662 Ed.
1749 2637 1824 2661 1563.
1844 2637 1967 2664 Myniae.

1187 2701 1218 2727 8)
1238 2696 1320 2724 Iolci]
1340 2696 1381 2719 sic
1397 2695 1498 2726 scripsi
1517 2696 1565 2723 (=
1585 2692 1663 2718 Pind.
1681 2688 1824 2721 Ἰωλκοῦ);
1858 2686 2052 2716 Editt.1558.‚
2074 2683 2150 2708 1563.

1227 2734 1324 2757 mendo
1344 2733 1472 2762 typogr.:
1498 2730 1572 2754 lolei.
