2341 2973
161 107 235 143 367

265 195 322 228 Vs.
343 194 427 228 123.
456 191 622 240 Aeaeum]
652 193 848 228 Difficultas
877 194 1005 227 excitat
1040 192 1156 227 homi·
1181 208 1184 217 ·

161 258 245 279 num
266 244 420 288 ingenia.
1180 221 1184 295 ξ

262 304 320 338 Vs.
340 303 425 338 124.
467 302 638 351 Veterum]
674 305 707 337 id
741 311 811 344 est,
845 317 994 344 somno,
1029 298 1184 351 quam-1⁵

160 369 267 402 quam
303 355 439 401 alioqui
468 355 642 400 significat
670 356 947 390 somnolentiam
971 358 1153 402 quandam

159 407 323 452 pestifera
330 420 376 440 m.

261 467 323 500 Vs.
348 466 431 502 127.
482 469 524 500 In
563 468 708 500 mediam
744 464 983 513 quaerebant]
1026 467 1152 499 Talem

159 518 450 552 communionem
485 519 592 549 ferret
623 523 773 557 natura,
808 517 836 551 si
869 530 993 552 omnes
1022 518 1059 550 in
1082 530 1153 551 me-

159 572 258 604 dium
286 570 504 603 laborarent.
557 569 661 602 stunc
686 569 875 602 dissimiles
898 581 1024 603 causae
1046 582 1153 615 quae-

157 622 259 656 rendi
276 633 348 653 non
368 621 556 664 patiuntur
572 632 627 654 res
644 632 717 653 esse
736 632 777 653 ex
794 633 909 667 aequo
926 621 1069 655 divisas.

261 672 320 706 Vs.
340 671 424 707 129.
457 669 594 719 Vin-usn]
625 671 661 704 id
684 678 755 711 est,
783 678 867 706 tunc
887 673 1059 718 pleraque
1075 685 1153 706 coe-

158 730 287 769 perunt
308 736 381 757 esse
398 723 524 762 noxia,
553 735 645 768 quae
663 729 767 756 antea
788 730 890 756 erant
910 723 1069 757 innoxia.

258 775 318 809 VS.
339 775 423 809 133.
455 777 497 809 Ut
519 772 664 822 varias]
692 774 826 808 Omnia
846 776 1012 808 conando
1028 774 1153 808 docilis

157 828 300 865 solertia
326 827 448 861 vincit.
502 826 588 860 Item
602 853 611 866 ,
638 827 709 859 Per
729 827 848 861 varios
864 839 947 860 usus
964 832 1077 859 artem
1096 838 1152 859 ex<

156 879 332 927 perientia
357 879 449 912 fecit.
565 876 785 926 Meditando]
814 879 850 911 id
875 885 944 918 est,
969 877 1153 922 experien-

157 935 217 967 do.
278 930 345 963 H-ic
376 931 475 964 locus
499 931 670 963 admonet
696 942 783 970 nos,
818 936 858 963 ut
882 929 1152 962 meminerimus

156 990 250 1017 artes
282 995 356 1016 non
390 994 494 1026 posse
521 982 596 1014 sine
623 993 689 1014 usu
716 981 875 1015 retineri.
942 980 1036 1015 Nam
1063 981 1153 1014 sicut

156 1042 240 1070 sunt
261 1040 387 1079 partae
411 1033 629 1078 experientia
642 1059 650 1072 ,
679 1032 727 1065 ita
744 1032 946 1066 retinentur
963 1045 1028 1066 usu
1047 1039 1079 1065 et
1096 1044 1152 1065 ex-

156 1086 344 1132 perientia.

258 1145 318 1179 Vs.
342 1143 425 1178 134.
453 1143 596 1188 Sulcis]
617 1141 754 1183 Sulcus‚
782 1142 840 1175 die
856 1140 992 1176 surche.
1044 1141 1153 1186 Lyra,

157 1198 215 1230 illa
248 1204 343 1230 terra
374 1201 548 1239 suggesta.
619 1194 743 1227 Sulcus
769 1200 803 1226 et
823 1194 902 1238 lyra
929 1200 1012 1227 sunt
1036 1205 1153 1226 corre-

156 1249 276 1283 lativa.

261 1308 321 1343 Vs.
346 1306 429 1341 136.
457 1303 580 1352 Alnus]
609 1304 744 1339 Ellern.

260 1368 320 1402 Vs.
339 1366 424 1401 137.
461 1366 617 1410 Navita]
653 1364 751 1398 Sicut
785 1364 856 1404 illi,
892 1364 953 1409 qui
983 1363 1155 1408 navigant

159 1422 205 1455 ad
238 1431 371 1453 novam
404 1424 558 1458 terram,
604 1416 764 1460 dirigunt
797 1428 939 1449 cursum
971 1428 1075 1450 suum
1109 1417 1153 1448 ad

158 1473 317 1511 Oriona,
345 1470 429 1515 quia
450 1476 501 1504 est
517 1469 620 1502 valde
640 1467 897 1501 meridionalis.

263 1523 323 1556 Vs.
343 1520 428 1556 140.
463 1518 602 1568 Saltus]
639 1520 675 1553 id
707 1526 778 1559 est,
814 1519 965 1562 indago,
1001 1519 1064 1552 das
1097 1530 1156 1562 ge-

160 1574 259 1619 hege.

264 1633 323 1667 Vs.
339 1633 422 1668 146.
450 1632 644 1676 Improbas]
673 1631 707 1663 id
724 1636 786 1669 est,
812 1629 984 1663 assiduus.
1020 1627 1156 1661 Omnes
1182 1638 1183 1663 1

162 1685 326 1720 homines
358 1685 464 1718 otiosi
497 1689 580 1717 sunt
603 1681 897 1726 negligentiores,
933 1680 1023 1712 sicut
1050 1679 1155 1711 Colu-
1182 1703 1183 1706 η

162 1738 268 1771 mella
294 1750 334 1769 ex
349 1737 500 1769 Platone
528 1733 623 1767 hunc
644 1745 785 1766 versum
809 1731 953 1765 recitat:
983 1729 1155 1763 Homines

163 1787 253 1822 nihil
270 1789 407 1831 agendo
427 1787 518 1820 male
538 1797 640 1829 agere
659 1784 810 1818 discunt.

266 1840 327 1873 Vs.
346 1838 418 1873 148
446 1851 497 1883 sq.
539 1839 668 1872 Sacrae
697 1836 837 1880 sylvae]
872 1833 1060 1867 Genitivus
1094 1838 1155 1866 est.

163 1891 341 1925 Dicuntur
371 1897 489 1924 autem
520 1901 640 1921 sacrae
673 1889 792 1932 sylvae
815 1887 858 1918 ab
881 1885 970 1925 aris,
1004 1897 1095 1930 quae
1120 1884 1156 1916 in

165 1943 233 1976 illis
251 1949 363 1976 erant.
479 1938 644 1987 Arboua]
670 1939 851 1984 Haynbot.
905 1938 1006 1971 Alius
1023 1937 1157 1969 fructus
1182 1929 1185 1933 ‚

164 2000 216 2028 est
233 2006 394 2027 cornum.
447 1992 564 2025 Athos
581 2003 710 2024 cornos
729 1989 859 2023 dicitur
872 2016 880 2028 ,
909 1995 942 2022 et
957 2001 1029 2021 non
1045 1987 1157 2021 nasci·
1183 1992 1185 2013 ἰ

168 2052 224 2079 tur
249 2043 305 2077 hic
330 2045 421 2089 apud
451 2057 526 2078 nos.
581 2043 732 2076 Fructus
757 2041 850 2081 eius,
878 2054 984 2086 quem
1006 2052 1156 2073 cornum

167 2096 361 2141 appellant,
383 2094 490 2128 hahet
502 2096 594 2129 intus
610 2095 788 2140 liquorem
805 2099 838 2126 et
853 2105 963 2125 unum
979 2092 1157 2124 nucleum.

166 2148 232 2180 Sed
261 2148 426 2180 arbutum
453 2145 559 2179 habet
578 2147 672 2180 intus
691 2146 821 2179 multos
839 2144 959 2177 acinos
977 2150 1009 2176 et
1029 2143 1158 2186 paleas.
1184 2159 1188 2203 i

168 2199 327 2232 Cornum
353 2199 387 2230 in
413 2198 624 2242 myriopolis
649 2197 849 2241 appellatur
868 2196 1058 2239 iugubeae,
1087 2205 1159 2226 cre·
1185 2213 1188 2237 l

165 2250 299 2295 scitque
326 2250 361 2282 in
378 2249 534 2283 Austria.
585 2249 761 2282 Arlmtum
782 2248 909 2281 Graeci
932 2243 1161 2292 μιμαίκυλον
1186 2245 1187 2248 ’

166 2308 314 2341 vocant,
351 2300 470 2333 Latini
497 2302 720 2339 unedonem,
756 2306 791 2332 et
815 2300 908 2343 apud
936 2311 1002 2331 nos
1027 2296 1159 2341 ubique

167 2355 290 2387 crescit
312 2353 348 2385 in
374 2351 551 2396 vepribus.
610 2350 655 2383 Et
677 2352 854 2389 scribunt,
891 2350 986 2396 quod
1015 2349 1161 2381 inducat

168 2406 350 2450 quandam
377 2404 606 2440 ebrictatem,
634 2402 666 2434 id
695 2403 791 2446 quod
812 2403 846 2434 in
874 2401 991 2446 porcis
1015 2411 1160 2433 cernere
1185 2409 1188 2429 ι

168 2457 267 2495 licet,
296 2456 440 2501 quando
461 2454 509 2487 eis
530 2453 707 2486 obiicitur.
1185 2444 1188 2461 ¹

272 2507 331 2540 Vs.
359 2504 442 2540 151.
483 2506 642 2548 Rubiqo]
675 2501 850 2537 Meltliau.
915 2503 1071 2548 Quando
1099 2502 1161 2534 sso-

168 2557 386 2591 rescentibus
404 2557 579 2600 segetibus
594 2556 763 2588 decidunt
779 2554 947 2598 frigidae,
975 2560 1036 2586 aut
1053 2553 1159 2586 etiam

168 2609 373 2653 pestilentes
391 2609 553 2652 pruinae,
582 2619 674 2652 quae
692 2607 884 2639 absumunt
900 2611 933 2638 et
951 2610 1162 2649 corrmpunt

168 2666 321 2703 segetes,
356 2665 394 2692 ut
418 2666 591 2704 tanquam
618 2657 833 2702 pulvisculus
858 2669 899 2690 ex
925 2657 1009 2701 ipsis
1033 2655 1161 2690 efficia-

170 2718 238 2743 tur.
347 2711 458 2753 Esset]
489 2710 520 2741 id
540 2716 610 2748 cst,
639 2710 851 2742 absumeret.
1186 2686 1190 2730 l

744 107 866 144 PfflL.
899 107 1012 143 MEL.
1047 107 1249 142 SCRIPTA
1286 107 1625 144 PHILOLOGICA.

2136 110 2210 146 368

1317 194 1376 227 Vs.
1398 191 1481 228 152.
1511 196 1680 240 Gardaus]
1707 194 1772 227 Hic
1791 194 1828 227 in
1843 206 1970 239 genere
1988 196 2140 229 carduus
2157 196 2209 228 di-

1210 246 1301 280 steln
1323 244 1508 288 significat.

1314 296 1370 329 Vs.
1393 293 1477 329 153.
1505 297 1658 341 Lappae]
1686 296 1841 330 Kletten.
1967 297 2118 341 Tribulz']
2146 297 2206 330 die

1209 345 1330 380 hohen
1356 347 1504 385 distein,
1539 348 1587 380 sic
1613 347 1717 387 dicti,
1748 349 1845 392 quod
1872 345 2027 380 habeant
2054 354 2125 382 tres
2149 361 2207 382 cu-

1179 426 1182 431 .
1208 399 1338 443 spides.

1311 447 1372 482 Vs.
1409 445 1493 481 154.
1538 449 1690 490 Lolium]
1739 448 1928 487 Unkraut,
1988 449 2205 492 gwalkraut.

1208 501 1355 535 Steriles
1380 501 1520 544 avenae]
1548 499 1673 532 Doller
1697 497 1820 533 haber.
1873 500 2030 544 Quando
2047 500 2206 533 triticum

1209 550 1468 595 corrumpitur,
1497 557 1580 583 tunc
1597 551 1789 594 degenerat
1806 550 1844 583 in
1859 551 2040 596 quandam
2059 551 2204 584 inanem

1208 615 1383 642 avenam,
1408 608 1441 635 et
1468 600 1576 634 habet
1599 602 1745 647 quidem
1771 601 1905 646 spicas,
1933 603 1993 635 sed
2015 600 2106 635 nihil
2122 614 2205 635 con-

1208 655 1373 688 tinentes.
1434 653 1562 687 Graeci
1589 651 1724 686 habent
1747 653 1819 686 duo
1846 653 2014 687 nomina:
2050 652 2206 699 βρώμος

1206 705 1382 749 significat
1404 706 1474 737 den
1490 711 1597 749 guten
1616 702 1728 737 haber
1740 731 1748 743 ‚
1777 701 1942 752 αἰγίλωψ
1959 704 2135 749 significat
2152 704 2204 736 vi-

1207 757 1294 790 tium
1313 762 1485 800 segetum.

1310 807 1369 841 Vs.
1391 805 1475 841 155.
1503 809 1597 848 Quod
1621 807 1707 850 nisi]
1735 805 1881 840 Nonum
1910 812 2139 850 praeceptum
2161 806 2204 839 de

1206 859 1408 892 dividendis
1424 859 1545 901 glebis.

1307 910 1368 944 Vs.
1390 908 1473 944 157.
1515 906 1685 955 Votisque]
1722 907 1896 951 siguificat
1928 921 1993 952 nos
2019 907 2056 941 in
2082 908 2202 942 multis

1206 963 1312 996 rebus
1337 961 1430 1001 salli,
1459 961 1486 994 si
1509 959 1668 993 humana
1691 959 1867 1003 sapientia
1893 959 2058 994 volumus
2076 961 2203 1004 guber-

1207 1026 1294 1046 nare
1313 1025 1380 1046 res.

1312 1064 1369 1097 Vs.
1391 1063 1474 1097 160.
1510 1062 1718 1105 Dicendum]
1754 1061 1945 1095 Decimum
1973 1068 2202 1107 praeceptum

1207 1117 1250 1148 de
1270 1113 1530 1149 instrumentis.

1310 1167 1370 1200 Vs.
1391 1166 1476 1201 162.
1510 1165 1639 1207 Vome‘s]
1668 1161 1887 1207 Pssugschar.

1311 1217 1371 1252 Vs.
1399 1218 1483 1252 163.
1529 1217 1716 1261 Volventz'a]
1762 1215 1799 1248 id
1832 1221 1902 1255 est,
1943 1214 2204 1259 praecedentia.

1211 1268 1406 1317 Eleusinae]
1435 1270 1470 1302 id
1491 1274 1561 1307 est,
1591 1267 1751 1307 Cereris,
1780 1266 1862 1312 quia
1888 1265 1925 1298 in
1948 1265 2117 1310 plaustris
2140 1265 2206 1299 cir-

1209 1319 1491 1355 cumvehebatur
1523 1319 1629 1352 Ceres
1665 1318 1756 1350 circa
1791 1324 1943 1360 segetes,
1989 1317 2078 1350 sicut
2111 1329 2206 1350 nunc

1209 1384 1355 1418 quoque
1386 1372 1519 1406 similes
1546 1369 1794 1402 caeremoniae
1820 1368 1856 1400 in
1880 1368 2095 1413 quibusdam
2120 1368 2205 1401 locis

1208 1430 1411 1458 servantur.
1473 1421 1519 1455 Et
1544 1420 1667 1455 scribit
1689 1417 1915 1463 Epiphanius
1938 1419 2113 1464 quosdam
2141 1431 2205 1452 suo

1209 1483 1371 1519 tempore
1390 1472 1659 1508 circumvexisse
1678 1471 1714 1503 in
1732 1471 1892 1514 plaustro
1908 1476 2062 1503 statuam
2072 1470 2205 1504 Beatae

1209 1526 1357 1570 xirginis
1369 1552 1376 1565 ,
1406 1525 1502 1570 quod
1519 1522 1614 1555 haud
1632 1522 1737 1554 dubie
1754 1519 1836 1554 hinc
1853 1528 1971 1555 ortum
1992 1528 2054 1555 est.

1315 1577 1372 1609 Vs.
1394 1576 1476 1610 164.
1514 1574 1682 1618 Tribnla]
1718 1572 1785 1606 Die
1810 1572 1923 1616 flegel.
2039 1573 2206 1617 Traheae]

1209 1627 1385 1664 sclilitten.

1309 1679 1371 1712 Vs.
1394 1676 1477 1712 165.
1506 1675 1710 1720 Suppellea]
1738 1674 1804 1707 Dic
1831 1672 1994 1708 flecliten.
2103 1671 2206 1720 Celei]

1210 1732 1335 1765 Celeus
1349 1730 1415 1763 snit
1432 1727 1662 1762 Atheniensis
1680 1726 1795 1759 cultor
1814 1737 1996 1766 agrorum.

1315 1782 1373 1815 Vs.
1401 1780 1485 1815 166.
1521 1781 1674 1824 Mysum
1705 1775 1852 1825 vannus]
1889 1777 2078 1822 Mysticam
2110 1776 2207 1816 dicit,

1211 1835 1293 1881 quia
1314 1834 1349 1866 in
1368 1834 1455 1866 sesto
1467 1829 1598 1864 ssacclii
1618 1836 1668 1863 est
1687 1828 2002 1873 gestatusPriapus
2019 1828 2056 1861 in
2074 1840 2205 1861 vanno.

1314 1886 1373 1919 Vs.
1401 1884 1485 1918 170.
1521 1885 1563 1916 Iu.
1586 1879 1718 1927 burim]
1752 1880 1858 1914 Buris
1884 1886 1935 1913 est
1960 1880 2046 1913 illud
2070 1879 2203 1923 lignum

1183 1938 1185 1946 ¹
1210 1940 1380 1982 longum,
1408 1935 1465 1968 cui
1484 1935 1652 1968 inseritur
1668 1932 1770 1965 stiva.

1315 1989 1375 2022 Vs.
1397 1987 1480 2020 171.
1513 1985 1629 2028 Temo]
1657 1983 1723 2015 Die
1742 1983 1887 2027 ‹lej‘stel.

1317 2040 1374 2073 Vs.
1402 2039 1485 2072 172.
1522 2038 1634 2070 Bimae
1658 2035 1774 2079 aures]
1809 2034 1923 2078 Ligna
1950 2033 2036 2067 illud
2061 2034 2205 2079 cingunt

1212 2092 1371 2130 dentale,
1399 2091 1494 2135 quod
1514 2087 1672 2120 continet
1690 2098 1886 2119 vomerem.

1315 2143 1374 2176 Vs.
1398 2141 1477 2174 173.
1509 2140 1615 2183 Talia]
1645 2138 1752 2177 Tilia,
1781 2138 1838 2170 ein
1857 2137 1965 2177 linde,
1995 2136 2205 2181 indeLipsia

1213 2207 1346 2228 nomen
1372 2191 1488 2225 habel.
1543 2190 1633 2223 mm
1659 2189 1806 2234 Leipzig
1831 2189 2072 2233 appellatione
2096 2189 2206 2222 veteri

1212 2244 1407 2279 vandalica
1429 2243 1580 2275 tilietnm
1597 2241 1781 2283 significat.

1274 2323 1275 2326 ,
1317 2297 1374 2329 Vs.
1403 2295 1484 2328 178.
1527 2294 1634 2338 Area]
1682 2293 1920 2326 Undecimum
1963 2298 2205 2337 praeceptum.

1214 2350 1322 2392 Area]
1352 2347 1384 2379 id
1411 2352 1478 2385 est,
1517 2344 1659 2378 horrea.
1781 2345 1958 2389 Gylindro]
1989 2342 2205 2378 Instrumen-

1214 2409 1288 2435 tum
1308 2400 1453 2442 longum
1474 2403 1504 2429 et
1526 2397 1734 2429 rotundum.

1319 2451 1375 2484 Vs.
1396 2449 1480 2483 179.
1510 2449 1625 2492 Grata]
1656 2447 1722 2479 Mit
1739 2447 1858 2480 letten.

1321 2503 1378 2535 Vs.
1396 2501 1479 2534 180.
1510 2500 1685 2543 Falt'seat]
1716 2498 1807 2531 Hiet.

1319 2554 1377 2586 Vs.
1404 2551 1488 2586 186.
1532 2550 1705 2594 Curculio]
1752 2549 1987 2581 Rornwurm.

1213 2603 1299 2652 ctae]
1329 2602 1613 2638 l’ulclierrimmn
1634 2599 1828 2645 epitheton.

1319 2655 1466 2689 vs.187.
1485 2654 1750 2695 Contemplator]
1768 2649 2045 2694 I'rognosticon,
2063 2648 2207 2694 quando

1217 2709 1306 2741 bene
1323 2708 1425 2740 lloret
1444 2718 1515 2739 nux
1527 2732 1535 2745 ⁷
1565 2711 1616 2739 est
1633 2704 1772 2747 signum
1793 2701 1995 2735 fertilitatis.

2101 2548 2209 2581 Sene-
