2341 2973
188 78 264 115 559

191 180 254 212 per
270 164 430 211 Neptuni
449 175 577 209 aquas;
604 160 695 195 nihil
713 168 764 196 est
787 162 880 194 enim
910 162 988 194 oleo
1011 159 1188 204 tranquil-

189 220 277 258 lius,
314 223 437 250 contra
458 213 549 248 nihil
574 215 664 247 mari
691 214 849 258 asperius
872 225 911 245 ac
936 211 1186 245 turbulentius.

190 270 297 304 Extat
317 268 487 311 allegoria
516 267 590 300 eius
615 267 756 298 fabulae
789 266 825 297 in
859 264 1014 309 quadam
1047 263 1186 306 praefa-

191 323 288 355 tione
319 318 507 353 clarissimi
528 319 596 351 viri
621 317 772 351 Domini
795 314 954 360 Philippi
982 311 1186 346 Melantho-

190 373 243 406 nis
259 371 328 417 ³⁹),
357 382 448 416 quae
468 368 522 403 his
548 370 665 403 verbis
690 367 896 412 explicatur.
950 363 1185 399 Athenienses

189 423 365 468 ingeniosi
390 421 555 455 homines
580 423 759 454 finxerunt
782 419 989 463 Neptunum
1017 424 1051 450 et
1068 417 1184 450 Palla-

187 479 268 509 dem
305 474 399 507 inter
429 487 464 507 se
499 479 671 512 certasse,
713 472 756 503 ab
780 476 862 503 utro
887 470 1036 503 numine
1061 468 1184 501 civitas

188 527 450 572 appellaretur;
500 535 651 569 cumque
694 522 854 555 Deorum
896 521 1029 555 iudicio
1065 520 1184 553 Pallas

188 579 355 612 omnibus
372 576 514 610 calculis
537 575 696 615 vicisset,
730 575 857 607 urbem
882 574 926 605 ab
953 585 993 606 ea
1017 571 1184 605 nomina-

186 637 259 663 tam
284 641 368 663 esse.
437 627 517 672 Qua
540 626 660 660 fabula
693 625 959 670 significarunt,
1002 624 1182 657 civitatem

188 694 261 714 non
279 679 420 724 imperii
449 679 573 718 laude,
600 678 697 724 quod
721 677 890 710 classibus
913 682 1121 721 paraverat,
1150 680 1184 707 et

186 745 295 777 opum
331 730 579 774 magnitudine
611 728 910 774 praestantiorem
938 739 1031 765 esse,
1073 738 1182 771 quam

186 784 347 817 civilibus
372 782 519 815 artibus.
572 780 664 814 Illud
690 786 808 813 autem
834 780 871 812 in
894 778 1021 824 primis
1043 777 1183 822 sapien-

185 844 239 869 ter
256 834 496 878 excogitatum
514 839 584 872 est,
615 833 711 878 quod
731 832 804 865 eius
823 830 944 865 iudicii
961 829 1056 863 Deos
1080 835 1182 862 auto·
1208 872 1210 878 .

188 900 242 921 res
272 888 453 925 fecerunt,
488 890 546 924 ut,
582 896 661 917 cum
690 884 852 928 plerique
886 881 1052 915 homines
1087 892 1181 914 sum-

187 951 283 972 mam
313 950 386 971 esse
409 935 552 981 imperii
576 936 727 979 gloriam
753 935 974 973 existiment,
1010 933 1182 965 admone-

185 996 265 1024 rent
282 989 444 1023 Deorum
462 987 596 1021 iudicio
615 987 721 1031 longe
739 986 855 1020 maius
872 998 944 1020 esse
966 986 1073 1018 decus
1098 982 1182 1016 civi-

183 1049 320 1082 tatum,
346 1041 459 1084 leges,
494 1039 647 1078 iudicia,
682 1036 870 1072 honestam
897 1036 1123 1082 disciplinam
1149 1041 1182 1067 et

187 1094 318 1128 similes
337 1092 432 1137 pacis
449 1097 555 1124 artes.

282 1179 475 1211 Haemus
504 1182 545 1209 et
573 1173 795 1220 Rhodope
824 1175 868 1208 in
896 1181 1083 1207 montes.

239 1248 313 1281 Nss.
334 1247 381 1280 88
401 1259 453 1292 sq.
482 1249 582 1280 Nunc
601 1246 730 1289 gelidos
754 1250 898 1284 montes,
927 1243 1086 1277 mortalia
1111 1253 1182 1274 cor-

601 1309 685 1340 pora
702 1298 868 1342 quondam

291 1351 440 1384 Nomina
457 1361 662 1383 summorum
686 1350 752 1382 siba·
776 1350 834 1394 (sai
855 1348 1003 1381 tribuere
1021 1348 1181 1379 Deorum.

291 1409 373 1454 Quo
403 1408 547 1442 brevius
574 1409 619 1441 ab
642 1414 767 1441 autore
791 1407 1014 1452 explicantur
1041 1404 1109 1439 hae
1133 1406 1184 1438 fa-

186 1462 310 1501 bulae,
334 1473 375 1493 eo
397 1467 481 1494 sunt
504 1460 748 1499 obscuriores,
786 1471 827 1492 ex
847 1459 968 1492 libello
995 1464 1117 1491 tamen
1141 1458 1183 1490 de

186 1513 362 1559 piscibus,
390 1512 453 1558 qui
477 1512 584 1556 vulgo
612 1510 828 1546 adscribitur
847 1508 1064 1549 Plutarcho,
1100 1521 1184 1542 con-

187 1571 257 1599 stat
282 1565 459 1597 Haemum
494 1564 562 1598 sibi
584 1563 815 1608 assumpsisse
838 1574 972 1596 nomen
997 1560 1111 1601 Iovis,
1145 1572 1184 1593 ac

187 1629 290 1651 suam
321 1627 484 1650 sororem
507 1614 714 1659 Rhodopen
739 1627 759 1647 a
784 1627 819 1648 se
847 1614 1001 1658 turpiter
1023 1618 1184 1645 amatam

187 1667 394 1701 nominasse
409 1665 597 1701 Iunonem.
650 1666 759 1711 Quod
776 1666 804 1699 si
830 1671 936 1710 poeta
960 1676 1034 1697 non
1060 1664 1185 1710 loque-

187 1726 288 1753 retur
303 1720 346 1752 de
366 1719 506 1752 duobus
530 1718 637 1752 simul
663 1718 701 1750 in
725 1723 865 1751 montes
892 1716 1093 1756 conversis,
1128 1727 1185 1748 ar-

187 1771 343 1805 bitrarer
358 1770 405 1815 4⁰)
425 1768 483 1803 hic
506 1769 658 1814 intelligi
671 1767 877 1814 Rhodopen
898 1769 996 1801 illam
1023 1767 1185 1801 meretri-

188 1835 285 1863 cem,
316 1834 424 1869 quam
448 1819 651 1862 Charaxus,
685 1822 795 1854 frater
818 1818 1004 1865 Sapphus,
1031 1818 1184 1857 amavit;

189 1886 228 1908 ea
246 1874 364 1915 enim,
400 1879 487 1907 teste
506 1873 692 1907 Herodoto
708 1872 775 1919 4¹),
811 1872 879 1906 fuit
900 1870 1087 1909 Threicia;
1121 1883 1186 1904 nec
1212 1898 1213 1906 ι

190 1927 343 1959 absurde
368 1926 561 1970 fingeretur
584 1925 623 1958 in
646 1937 772 1969 rupem
799 1937 860 1959 seu
886 1930 1046 1957 montem
1071 1930 1185 1957 trans·
1211 1936 1214 1963 ζ,

190 1978 345 2011 formata
372 1983 521 2021 propter
544 1977 792 2023 pyramidem,
832 1988 923 2022 quae
950 1976 981 2009 ei
1007 1982 1088 2020 post
1110 1974 1186 2009 obi-

191 2035 280 2069 tum,
300 2035 339 2062 ut
363 2035 510 2062 testatur
527 2028 749 2075 Strab04¹³),
768 2029 812 2061 ab
830 2028 1052 2061 amatoribus
1070 2033 1184 2060 erecta

191 2087 244 2115 est
262 2080 299 2113 in
316 2080 490 2125 Aegypto,

357 2165 578 2212 Pygmaea
607 2173 753 2200 mater
781 2166 826 2199 in
853 2178 1023 2211 gruem.

295 2233 447 2267 Videtur
477 2232 583 2274 haec,
619 2246 855 2281 quaecunque
880 2234 965 2274 fuit,
999 2232 1128 2278 pusilla
1154 2238 1189 2265 et

191 2287 347 2319 fastuosa
367 2285 492 2323 suisse;
522 2286 609 2319 tales
627 2286 721 2319 enim
740 2287 952 2332 plerumque
968 2291 1051 2319 suut
1065 2296 1189 2329 super-

194 2338 311 2371 biores
326 2337 492 2377 caeteris,
526 2338 736 2382 praesertim
764 2338 936 2376 feminae;
974 2350 1014 2370 ac
1038 2342 1189 2382 propter

227 2472 272 2501 39]
300 2472 383 2495 Extat
403 2484 436 2488 —
456 2473 641 2496 Melz-nithonis
668 2471 732 2504 etta]

265 2506 325 2529 bino
345 2507 468 2530 adiectus
489 2508 548 2537 est,
569 2509 617 2531 aut
636 2509 714 2530 certe
733 2507 918 2530 Melantlionio
939 2509 1039 2538 verba,
1066 2508 1110 2538 qui
1131 2507 1191 2531 for-

265 2544 343 2564 tasse
362 2542 523 2571 scripserit:
554 2542 608 2572 „in
630 2542 746 2572 quadam
772 2541 944 2571 praefatione
971 2540 1065 2572 niea,¹'
1093 2542 1134 2566 sic
1157 2543 1191 2566 ab
1217 2537 1220 2560 ἶ

264 2575 371 2598 editore
390 2578 494 2599 mutata
513 2579 587 2602 sunt.

229 2619 277 2647 40)
299 2618 466 2651 arbitrarer]
489 2619 530 2643 sic
550 2620 634 2644 Editt.
657 2619 750 2644 1555.:
772 2618 820 2643 Ed.
844 2618 917 2642 ¹559.
939 2620 1085 2644 arbitrare.

228 2660 277 2693 41)
302 2662 431 2685 uei-odet.
452 2663 489 2692 ll,
514 2662 572 2687 126.

229 2706 260 2728 4¹
277 2704 311 2734 ι)
333 2705 425 2731 Strab.
443 2710 542 2737 geogr.
563 2706 652 2731 xvii.
668 2712 729 2736 pag.
744 2705 805 2730 808.
826 2705 873 2729 καί.
894 2705 1012 2730 casaub.
1033 2711 1058 2731 a.
1081 2705 1156 2730 1620.

773 74 896 109 PfflL.
930 73 1044 108 MEL.
1079 71 1282 107 SCRIPTA
1319 72 1657 110 PfflLOLOGlCA.

760 2473 806 2495 aut
832 2473 906 2495 totus
932 2473 973 2496 liic
999 2474 1076 2497 locus
1102 2478 1118 2496 a
1137 2473 1191 2497 Sa-
1217 2478 1218 2481 ’

2171 75 2247 113 560

1245 159 1458 192 brevitatem
1477 161 1638 205 corporis
1657 161 1763 195 fuisse
1776 161 1868 195 dicta
1879 161 2152 207 Pygmaeorum
2163 176 2241 197 ma-

1241 217 1305 245 ter.
1360 210 1451 244 Sunt
1478 212 1573 245 enim
1591 213 1783 258 Pygmaei,
1811 225 1902 259 quos
1917 213 2048 247 Graeci
2074 227 2093 248 a
2118 216 2239 249 cubito

1240 262 1289 295 sic
1307 269 1457 303 vocant,
1484 264 1574 297 adeo
1592 264 1716 299 breves
1728 291 1737 305 ‚
1754 271 1793 298 ut
1811 271 1931 299 ternos
1948 266 2141 301 dodrantes
2162 279 2237 301 non

1241 315 1424 347 excedant.
1483 315 1556 349 Nec
1583 315 1785 350 fabulosum
1812 316 1927 349 vIderi
1954 318 2078 357 debet,
2119 316 2237 352 homi-

1239 377 1302 399 nes
1317 365 1413 399 nasci
1431 371 1503 399 tam
1522 367 1681 411 pusillos.
1734 368 1833 402 Vidit
1849 367 1951 401 Italia
1977 381 2092 413 nuper
2118 369 2237 404 virum

1240 417 1331 450 iusta
1364 424 1479 450 aetate
1492 444 1500 457 ‚
1537 430 1611 451 non
1640 419 1815 452 maiorem
1841 420 1980 460 cubito,
2015 420 2237 454 circumferri

1239 468 1276 500 in
1294 480 1399 501 cavea
1418 468 1578 514 Psytaci:
1607 470 1707 504 cuius
1723 471 1792 503 viri
1807 472 1972 505 meminit
1996 472 2033 504 in
2057 472 2128 506 suis
2151 473 2236 506 scri-

1238 520 1307 564 ptis
1325 519 1569 566 Hieronymus
1588 521 1786 556 Cardanus.
1839 523 2068 568 Figmentum
2087 535 2172 557 vero
2192 524 2236 557 de

1238 572 1557 606 transformatione
1572 573 1776 619 Pygmaeae
1802 575 1926 608 matris
1948 575 1986 608 in
2008 587 2152 620 gruem,
2181 588 2238 609 ar-

1237 623 1352 656 bitror
1383 624 1609 658 referendum
1640 626 1685 658 ad
1711 625 1850 670 insigne
1877 626 1991 667 illius,
2031 627 2088 660 cui
2109 627 2177 660 fuit
2198 626 2236 660 in

1242 675 1514 708 matrimonium
1534 677 1717 710 collocata.
1771 676 1990 711 Infestantur
2012 684 2046 711 et
2062 678 2234 723 Pygmaei

1243 738 1260 759 a
1279 728 1426 770 gruibus
1438 754 1446 767 ,
1475 730 1518 761 de
1536 729 1664 773 quibus
1682 727 1858 762 Iuvenalis
1874 728 1921 774 ¹⁴2)
1939 726 2026 762 haec
2043 729 2182 762 scribit:

1322 795 1365 817 Ad
1385 794 1490 818 subitas
1508 796 1640 819 Thracum
1660 795 1789 819 volucres
1809 796 1960 825 nubemque
1979 801 2110 820 sonoram

1326 837 1484 868 Pygmaeus
1505 838 1600 868 parvis
1621 839 1709 862 currit
1730 839 1847 862 bellator
1867 838 1895 862 in
1914 838 2019 864 armis:

1323 880 1385 903 Mox
1405 880 1493 910 impar
1512 881 1587 904 hosti
1607 884 1759 911 captusque
1778 880 1814 911 ⁴³)
1836 888 1884 911 per
1903 887 1970 905 aera
1988 881 2082 906 curvis

1326 923 1471 954 Unguibus
1490 929 1505 947 a
1527 930 1613 948 saeva
1633 925 1724 947 fertur
1743 931 1821 955 grue.

2163 847 2185 866 ρ

1207 1016 1210 1023 ,
1236 975 1314 1008 Huc
1343 976 1452 1019 igitur
1485 977 1611 1009 alludit
1640 976 1811 1015 Ovidius,
1856 990 1967 1022 quum
1998 977 2115 1022 inquit
2139 976 2234 1022 (Vss.

1208 1025 1210 1045 ³
1236 1027 1282 1060 91
1305 1027 1393 1072 sq.):

1446 1088 1534 1120 Ιιαηι·
1552 1089 1634 1120 Iano
1651 1089 1770 1121 victam
1789 1090 1974 1121 certamine
1992 1090 2090 1122 iussit

1349 1142 1427 1173 Esse
1440 1151 1576 1182 yrm‘m5
1603 1140 1797 1185 populisque
1813 1141 1884 1173 sais
1903 1140 2050 1173 indicere
2067 1140 2200 1173 bellum.

1410 1234 1640 1278 Antigone
1679 1234 1722 1267 in
1752 1234 1977 1267 ciconiam
2004 1235 2064 1282 ²¹4).

1341 1300 1457 1334 Simili
1473 1301 1613 1334 ratione
1631 1301 1773 1335 videtur
1788 1301 1970 1346 Antigone
1987 1300 2073 1346 fingi
2098 1307 2234 1335 mutata

1237 1351 1275 1384 in
1304 1352 1499 1393 ciconiam,
1551 1364 1621 1398 qua
1647 1352 1828 1398 Pygmaea
1851 1353 1889 1386 in
1916 1365 2061 1397 gruem:
2105 1364 2235 1397 nempe

1238 1411 1389 1450 propter
1405 1404 1543 1449 insigne
1560 1404 1615 1438 sui
1634 1405 1805 1449 coniugis.
1858 1404 1992 1450 Estque
2018 1404 2235 1437 conveniens

1239 1454 1543 1500 metamorphosis
1558 1457 1732 1500 superbae
1750 1462 1785 1489 et
1803 1455 2008 1500 arrogantis
2026 1455 2182 1488 feminae
2197 1455 2235 1488 in

1238 1507 1426 1541 ciconiam.
1478 1507 1575 1540 Haec
1598 1507 1693 1540 enim
1720 1507 1815 1547 avis,
1852 1519 1933 1540 cum
1961 1507 2006 1540 ab
2032 1507 2134 1540 omni
2157 1519 2235 1540 mu-

1238 1559 1308 1593 sica
1327 1559 1371 1593 sit
1389 1558 1504 1592 aliena
1518 1585 1527 1599 ,
1555 1564 1677 1591 tamen
1697 1558 1745 1591 ita
1761 1559 1941 1602 superbit,
1969 1558 2017 1591 ita
2033 1559 2152 1603 placet
2167 1558 2235 1593 sihi

1240 1611 1301 1645 illo
1319 1610 1456 1654 crepitu
1467 1611 1485 1650 ,²
1515 1622 1620 1656 quem
1639 1616 1759 1643 rostro
1785 1610 1877 1650 edit,
1910 1616 1951 1643 ut
1974 1610 2172 1654 applaudat
2190 1609 2236 1652 ²¹⁵)

1240 1664 1315 1697 alis.
1371 1661 1575 1695 Versiculos
1597 1659 1655 1694 hic
1679 1662 1835 1707 quadrat
1859 1662 1897 1694 in
1922 1659 2108 1695 hominem
2134 1662 2177 1695 de
2199 1673 2236 1695 se

1240 1713 1468 1758 arrogantius
1486 1713 1697 1747 sentientem
1718 1712 1795 1758 (Vs.
1813 1711 1911 1760 97.):

1342 1776 1420 1817 Ipsa
1436 1775 1502 1807 sibe·
1518 1774 1650 1816 plaudit
1666 1773 1711 1819 4⁶)
1730 1775 1916 1817 crepitante
1933 1774 2063 1807 ciconia
2080 1778 2201 1807 rostro.

1443 1860 1666 1905 Neptuni,
1726 1859 1964 1904 Apollinis
1998 1865 2040 1892 et
2067 1857 2237 1894 Bacchi

1438 1912 1602 1946 variae
1631 1909 2042 1956 metamorphoses.

1212 1859 1386 1901 'Ioviss

1212 2000 1214 2012 ⁴
1291 1981 1369 2015 Vss.
1394 1981 1464 2015 103
1480 1993 1532 2026 sq.
1568 1982 1728 2016 Maeonis
1750 1981 1884 2014 illasam
1909 1982 2063 2024 desiynai
2088 1982 2237 2025 imayine

1652 2034 1748 2066 tauri

1213 2112 1217 2126 s
1349 2087 1519 2128 Europam
1546 2084 1603 2129 υ).

1347 2144 1462 2189 Supra
1482 2143 1662 2189 expositae
1679 2149 1761 2177 sunt
1778 2142 1916 2189 aliquot
1944 2143 1982 2175 in
2006 2139 2060 2176 his
2084 2141 2239 2183 fabulae,

1244 2203 1284 2230 ut
1301 2197 1344 2230 de
1360 2196 1506 2240 Europa
1528 2208 1546 2228 a
1562 2202 1667 2229 tauro
1684 2196 1830 2239 decepta
1849 2201 1883 2228 et
1908 2195 1951 2227 de
1976 2206 2085 2228 aureo
2110 2194 2239 2235 imbre,

1245 2261 1317 2294 quo
1335 2246 1470 2292 Iupiter
1484 2246 1636 2283 Danaen
1654 2247 1768 2282 elusit.
1804 2245 1986 2287 caeterae,
2004 2258 2093 2292 quas
2103 2243 2239 2279 Arach-

1216 2370 1219 2390 ⁸
1280 2386 1327 2415 42)
1348 2385 1471 2410 iuvenai.
1490 2386 1547 2407 sat.
1568 2384 1648 2411 xiii,
1672 2383 1719 2407 167
1739 2396 1773 2400 -
1794 2382 1852 2408 170.

1216 2430 1218 2442 ¹
1280 2428 1326 2459 43)
1347 2428 1511 2457 captusque]
1532 2427 1571 2451 sic
1591 2427 1675 2451 Editt.
1698 2426 1790 2457 1555.,
1812 2425 1904 2456 1559.;
1924 2425 2019 2449 luven.
2039 2423 2087 2448 Ed.
2107 2423 2238 2454 numeru:

1312 2464 1470 2492 raptusque.

1217 2504 1219 2532 1
1279 2504 1326 2536 44)
1348 2504 1427 2529 Ovid.
1448 2505 1513 2527 Met.
1533 2504 1591 2535 Vl,
1611 2503 1645 2527 93
1667 2509 1726 2533 sqq.

1278 2548 1326 2579 45)
1348 2546 1510 2579 applaudat]
1532 2547 1573 2571 sic
1593 2547 1675 2571 κοίη,
1698 2546 1789 2576 1555.;
1815 2545 1865 2571 Ed.
1888 2544 1961 2569 1559.
1982 2544 2072 2568 male:
2091 2541 2241 2574 applaudit.

1217 2582 1220 2627 Ι
1280 2593 1328 2620 46)
1346 2589 1476 2623 plaudit]
1502 2591 1542 2614 sic
1567 2590 1652 2615 Editt,
1682 2589 1774 2618 ¹555,
1820 2588 1909 2616 1559.;
1948 2587 2026 2612 ovid.
2053 2587 2104 2612 Ed.
2132 2585 2241 2610 Mitsch.

1218 2630 1219 2641 ¹
1312 2626 1447 2658 plaudat.

1280 2670 1326 2701 47)
1349 2671 1511 2699 Europam]
1533 2669 1573 2693 sic
1592 2668 1677 2693 Editt.
1701 2667 1791 2698 1555„
1824 2666 1917 2692 ¹559.;

1319 2706 1462 2734 Europen.

1950 2665 2030 2691 Ovid.
2057 2665 2104 2689 Ed.
2130 2663 2243 2691 Mitsch,
