2341 2973
193 127 269 162 787

250 211 464 254 Exemplum
477 236 486 249 ,
505 215 551 242 et
566 208 749 241 intueatur
767 206 827 242 hic
846 207 1040 251 imaginem

247 262 404 295 Perinde
423 273 463 294 ac
482 261 520 293 in
539 260 668 293 tabella
687 259 939 292 adumbratam
964 270 1078 292 suam.

251 313 325 347 Nec
340 313 394 346 lac
415 312 511 345 enim
531 310 634 350 lacti,
665 322 731 343 nec
752 323 821 343 ovo
840 315 891 343 est
911 322 1019 342 ovum
1040 308 1153 352 magis

252 363 396 403 Simile,
424 361 507 396 huic
526 363 649 406 inepto
666 361 773 394 militi
790 361 820 403 ³)
847 372 956 405 quam
974 367 1059 394 sunt
1076 360 1185 393 modo
1197 384 1205 398 ‚

250 415 323 459 Qui
342 427 421 448 cum
447 413 617 447 meliores
634 411 978 454 litteras-fastidiunt
994 412 1025 458 4)
1037 438 1047 452 ‚

252 466 388 499 Rerum
411 465 573 498 omnium
592 470 713 496 tamen
728 462 914 496 scientiam
933 462 1000 496 sibi

254 517 434 550 Audacter
455 521 645 559 arrogant,
671 520 705 547 et
723 514 817 547 inter
840 513 970 558 pocula

252 567 293 601 In
310 567 547 612 compitisque
564 565 751 598 venditant
768 577 872 599 suum
892 562 1029 611 σοφός,

251 619 388 663 Vulgus
403 619 595 663 profanum
614 622 648 649 et
668 616 875 661 improbum
892 643 900 655 ,
930 621 1040 660 atque
1057 613 1156 646 futile

258 668 464 704 Thrasones
476 696 486 709 ,
513 675 620 713 atque
637 667 930 713 pyrgopolinices
949 665 1061 705 meri,

260 720 470 765 Dignissimi
486 720 566 766 quis
585 719 698 752 latera
717 720 808 752 fiant
824 719 937 753 lorea.

260 773 328 806 Sed
347 784 467 805 eccum
486 771 639 805 Militem
651 797 661 810 ,
687 771 802 803 favete
820 769 1005 803 actoribus
1019 793 1028 806 ,

259 823 305 858 Et
320 824 402 857 date
420 822 597 857 iuventuti
616 822 795 856 crescendi
812 821 970 866 copiam.

247 917 284 950 2.
336 913 570 957 Prologus
604 911 650 944 in
682 909 930 956 Thyestem
966 908 1173 942 Senecae.

264 981 405 1015 Salvete
423 986 641 1024 spectatores
659 977 906 1011 candidissimi
918 1004 927 1018 ‚

263 1031 422 1065 Honoris
438 1030 508 1065 huc
524 1031 728 1076 quicunque
747 1029 863 1063 nostri
888 1027 1002 1072 gratia
1028 1025 1059 1072 5)

265 1083 421 1118 Venistis
433 1109 443 1124 ,
471 1089 505 1116 et
522 1081 648 1116 favetis
667 1081 803 1115 artibus
818 1080 922 1114 bonis
933 1106 943 1120 ‚

270 1135 434 1183 Quarum
454 1134 729 1169 excolendarum
749 1144 853 1167 causa
867 1131 928 1178 ⁶),
955 1127 1127 1177 quicquid
1145 1132 1215 1166 est,

252 1271 284 1304 3)
304 1269 398 1299 militi]
422 1269 552 1294 arathus.
572 1267 657 1291 male:
677 1265 792 1291 militae.

252 1321 283 1354 4)
303 1321 462 1349 fastidiunt]
489 1318 529 1342 sic
549 1318 613 1342 Mel.
633 1318 700 1348 Opp.
722 1315 874 1346 Basi1.V.,
900 1311 1218 1352 Grathusqhtfincent„

287 1356 370 1386 Corp.
388 1355 450 1380 Res.
465 1354 519 1383 X.;
544 1353 572 1376 iu
591 1352 720 1383 Prologis
740 1351 846 1381 aliquot
865 1350 984 1380 legitur:
1004 1347 1158 1372 fastidiant.

254 1406 285 1440 5)
305 1407 411 1438 gratia]
431 1405 472 1430 sic
491 1403 605 1434 Prologi
623 1403 704 1433 aliq.‚
724 1403 787 1427 Mel.
807 1402 879 1432 opp.
899 1400 983 1425 Basil.
1003 1400 1056 1431 V.‚
1076 1399 1220 1429 Grauius„

299 1442 444 1472 Vincent.;
473 1439 557 1469 Corp.
572 1439 633 1463 Ref.
647 1438 701 1463 X.:
727 1437 847 1468 gratiae.

258 1494 290 1527 6)
316 1493 414 1522 causa]
434 1492 475 1516 sic
494 1490 606 1521 Prologi
628 1490 709 1520 aliq.,
727 1489 791 1513 Mel.
812 1488 879 1518 Opp.
901 1486 987 1512 Basil.
1006 1486 1053 1516 V„
1073 1486 1221 1515 Grat11us.;

296 1528 427 1554 Vincent.
447 1528 475 1552 et
495 1527 577 1557 corp.
597 1525 659 1550 Bet.
676 1524 726 1549 X:
745 1523 826 1548 modo
846 1528 940 1547 causa.

781 120 904 157 PHIL.
941 120 1055 156 MEL.
1088 118 1292 156 SCRIPTA
1325 117 1667 153 PHILOLOGICA.

1230 362 1234 376 Ι

2179 119 2257 156 788

1312 204 1389 237 Hoc
1401 216 1545 249 operae,
1564 205 1661 249 quod
1674 203 1841 247 ponimus
1851 203 1882 247 ⁷)
1901 202 1937 235 in
1954 204 2101 247 agendis
2117 205 2259 247 fabulis,

1313 255 1507 290 Sumimus.
1561 257 1609 287 At
1631 267 1673 287 ne
1690 254 1869 287 detineam
1887 266 1949 287 vos
1965 254 2117 296 diutius,

1313 306 1455 339 Dicam.
1510 303 1704 351 Thyestem
1720 305 1752 351 8)
1771 305 1885 338 acturi
1900 305 2053 339 Senecae
2072 319 2213 348 sumus,

1313 356 1361 390 Et
1380 356 1490 401 impia
1508 357 1659 390 fratrum
1679 357 1790 396 facta,
1818 357 2007 401 tristesque
2027 357 2140 392 exitus

1312 408 1571 441 Recitabimus.
1626 407 1659 441 O
1678 413 1852 453 quantum
1872 407 2025 446 ambitio,
2044 408 2141 452 parit
2155 408 2258 442 mali!

1316 459 1373 493 Sic
1389 459 1492 503 regni
1512 459 1679 492 scelerata
1701 458 1875 502 cupiditas
1892 458 2014 491 omnia

1317 510 1475 544 Confusa
1497 510 1575 543 iura
1593 516 1743 543 naturae
1759 509 2000 549 contaminat,

1317 561 1367 594 Ut
1382 561 1493 594 frater
1512 560 1642 605 impias
1660 560 1763 594 fratri
1782 560 1919 593 iniiciat
1934 572 2074 596 manus.

1315 611 1474 646 Proinde
1495 613 1729 655 spectandum
1754 611 1956 655 exemplum
1974 612 2100 646 damus
2117 611 2224 651 utile3

1315 663 1408 698 Nam
1428 675 1576 696 cernere
1602 661 1667 696 hac
1684 662 1805 696 liceb'it
1821 662 1858 695 in
1877 662 2060 707 tragoedia
2072 689 2082 703 ,

1315 714 1378 749 Nil
1397 726 1469 748 esse
1486 714 1588 758 peius
1606 714 1822 754 ambitione,
1847 725 1938 759 quae
1957 713 2078 746 omnia

1314 764 1446 798 Divina
1461 792 1469 805 ,
1492 763 1651 799 humana
1663 793 1671 806 ‚
1698 765 1823 811 iusque
1843 771 1878 798 et
1891 765 1943 798 fas
1957 764 1988 810 ⁹)
2005 771 2143 798 vertere
2160 763 2262 805 solet,

1317 816 1420 861 Quae
1438 816 1700 851 florentissimis
1718 817 1917 862 quibusque
1934 816 2005 849 fere
2021 815 2090 850 fuit

1316 867 1436 900 Exitio
1454 867 1675 909 civitatibus,
1704 880 1797 913 quae
1814 867 1968 913 denique

1318 918 1414 951 Tum
1430 918 1626 963 plurimum
1644 925 1760 960 nocet,
1778 931 1856 952 cum
1876 918 1913 951 in
1930 918 2062 963 templa
2079 916 2263 962 irruperit,

1317 969 1391 1003 Ubi
1409 967 1478 1003 hoc
1495 976 1657 1014 tempore
1676 982 1819 1004 saevam
1838 975 1976 1003 exercet
1993 968 2236 1015 tyrannidem.

1319 1020 1353 1055 O
1370 1020 1430 1053 Dii
1444 1048 1453 1062 ‚
1481 1033 1589 1067 quam
1608 1021 1718 1055 tristis
1734 1019 1789 1054 his
1805 1021 1990 1064 impendet
2006 1020 2119 1054 exitus
2131 1046 2140 1060 ‚

1321 1071 1393 1117 Qui
1416 1074 1499 1106 dum
1519 1079 1650 1117 parant
1668 1084 1818 1117 regnum
1836 1071 1922 1113 sibi,
1944 1082 2044 1105 sacra
2062 1070 2239 1115 polluunt.

1321 1123 1389 1157 Sed
1409 1136 1487 1158 ecce
1504 1124 1625 1168 prodit
1645 1123 1821 1157 Tantalus
1836 1121 1906 1157 huc
1928 1122 1971 1156 ab
1988 1121 2135 1163 inferis,

1321 1174 1351 1210 Is
1368 1175 1462 1209 dicet
1479 1182 1731 1217 argumentum
1749 1173 1856 1209 huius
1874 1173 2094 1219 tragoediae.

1305 1309 1336 1341 7)
1359 1310 1417 1334 Ηοο
1437 1316 1554 1340 operaeq
1573 1311 1643 1341 quod
1662 1310 1803 1341 ponimus]
1823 1309 1863 1334 sie
1882 1307 1998 1339 Prologi
2018 1307 2100 1338 aliq„
2120 1307 2183 1332 Mel.
2199 1306 2268 1340 opp.

1341 1345 1427 1369 Basil.
1450 1346 1501 1375 V.‚
1534 1346 1684 1375 Grathus.;
1721 1345 1849 1371 Vincent.
1876 1346 1904 1369 et
1928 1344 2012 1374 corp.
2037 1342 2098 1367 Res.
2113 1342 2166 1367 X.:
2193 1341 2270 1371 Quod

1342 1385 1445 1410 operae
1464 1380 1598 1410 ponimus.
2189 1374 2198 1388 ¹

1307 1429 1338 1463 8)
1371 1431 1536 1461 Thyestem]
1570 1432 1612 1456 sic
1644 1430 1757 1461 Prologi
1787 1430 1872 1461 a!iq.‚
1906 1430 1972 1453 Mel.
2009 1427 2076 1454 opp.
2116 1422 2197 1447 nasu,
2222 1423 2269 1454 V„

1344 1465 1490 1497 Grattius.;
1512 1467 1640 1491 Vincent.
1661 1468 1687 1490 et
1707 1466 1790 1495 corp.
1808 1464 1869 1487 Res.
1888 1463 1941 1484 Aa
1967 1457 2119 1489 Thyesten.

1309 1516 1339 1548 9)
1361 1516 1416 1548 fas]
1438 1518 1518 1548 corp.
1539 1518 1599 1543 Res.
1616 1518 1651 1541 x.
1673 1515 1770 1538 mendo
1789 1512 1917 1542 typogr.:
1944 1515 2006 1533 vas.
