2341 2973
201 126 270 161 151

198 214 280 251 der,
310 212 368 256 qui
390 218 600 244 numeratur
615 211 708 244 inter
725 219 859 255 septem
877 212 1067 256 sapientes,
1097 214 1195 246 cuius

199 270 249 297 est
267 263 351 295 illud
371 263 520 294 dictum:
551 260 620 307 Mi]
638 261 754 297 κακὸν
774 264 819 297 ἰῶ
836 265 952 310 κακῷ.
999 263 1085 297 Eius
1104 264 1195 297 filius

200 315 244 347 ab
262 326 302 346 eo
325 314 469 353 defecit,
498 320 531 346 et
546 314 656 346 sactus
673 320 723 347 est
744 312 854 348 hostis
878 314 1008 358 patris,
1036 315 1125 348 sicut
1143 322 1195 360 ty-

197 365 319 398 rannis
343 377 416 397 non
442 371 492 398 est
517 364 697 398 diuturna.
765 365 956 410 Tyrannos
988 371 1087 401 neunt
1117 377 1195 402 man

197 416 402 460 Cypselidas
430 416 466 448 in
488 416 619 460 scripto
652 416 689 448 in
714 415 912 461 Olynthiis:
953 414 1109 462 Ἐξώλης
1142 418 1195 463 εἴη

195 465 419 513 Α”υψελιὸῶν
443 464 571 515 γενεά,
608 467 643 499 id
663 474 734 507 est,
761 467 905 500 Utinam
930 475 1055 512 pereat
1080 474 1194 502 totum

195 530 306 562 genus
326 518 564 563 tyrannicum.
618 518 822 552 Herodotus
843 518 1012 565 Taetrum)
1037 519 1108 564 fagt
1134 522 1195 555 1)αὸ

197 569 386 606 &taculum
405 579 469 605 non
486 572 575 605 bem:
600 567 741 610 Αὐτὸς,
767 568 830 603 καὶ
851 567 999 613 παῖδες,
1027 569 1089 604 καὶ
1110 569 1194 605 παί-

194 618 275 655 δων
293 619 360 655 οὐκ
377 620 426 654 ἔτι
444 618 644 665 παῖδες-73),
680 620 715 652 111
740 627 809 659 est,
846 621 1009 665 regnabit
1035 621 1109 665 ipse
1127 622 1194 666 Cy-

193 672 309 716 pselas
334 678 367 704 ct
391 671 608 711 Periander,
650 672 711 704 sed
734 684 807 704 non
831 672 905 706 eius
930 673 1074 717 posteri.
1144 674 1194 709 (ξέ

195 723 290 768 gebet
308 722 368 767 offt
383 722 414 766 so
434 723 495 757 mit
520 725 579 758 ben
604 723 784 768 tyrannis,
819 729 857 756 ut
875 722 998 756 Achab
1022 723 1059 756 in
1082 725 1194 757 veteri

195 773 427 807 Testamento
440 801 448 813 ,
478 780 511 806 et
526 774 676 819 reliqui,
705 774 766 819 qui
782 774 928 819 rapiunt
944 787 1065 819 regna.

298 824 375 859 Vss.
392 823 465 859 895
483 838 534 871 sq.
563 825 628 858 Vir
650 823 741 858 nihil
763 826 889 860 melius
914 824 1020 859 habet
1043 826 1192 860 circum-
1218 833 1221 867 i

194 876 375 922 spectione
393 876 550 918 consilii,
576 889 693 922 neque
712 878 897 911 nocentius
916 877 1169 922 imprudentia.

297 927 356 962 Vs.
373 927 459 962 897.
498 926 647 976 Cyrne.]
684 928 805 963 Mores
830 929 936 962 amici
961 930 1103 964 noveris
1128 936 1192 964 etc.

194 979 381 1025 Quaedam
417 986 499 1013 sunt
528 980 614 1013 boni
645 981 862 1014 consulenda
894 987 928 1014 et
954 982 1191 1014 condonanda
1219 1002 1221 1033 3

195 1031 377 1065 communi
393 1029 580 1064 hominum
602 1032 813 1066 infirmitati.
857 1032 1061 1079 Paulus⁷⁴):
1092 1034 1193 1066 Alter
1219 1036 1221 1057 ἶ

690 1085 869 1128 Augustus
886 1084 953 1116 suit
969 1084 1132 1128 sapiens,
1161 1091 1195 1117 et
1219 1097 1222 1112 ε

195 1083 340 1116 alterius
359 1095 466 1115 onera
484 1089 636 1127 portate.

195 1140 314 1167 tamen
340 1135 382 1167 de
405 1134 477 1168 eius
500 1134 708 1168 morositate
733 1141 946 1181 conquestus
970 1141 1021 1168 est
1044 1135 1194 1168 Marcel-

194 1186 248 1219 lus
267 1191 300 1218 et
317 1186 517 1220 Maecenas.

195 1243 229 1269 et
251 1243 401 1283 uterque
426 1235 533 1271 habet
559 1239 761 1281 probabiles
784 1250 918 1272 causas.
983 1238 1059 1271 Hoc
1087 1239 1193 1271 etiam

193 1294 311 1332 potest
329 1289 423 1329 fieri,
452 1296 534 1323 sunt
556 1289 794 1324 dissensiones
819 1290 913 1322 inter
936 1302 1095 1324 summos
1120 1291 1194 1324 sine

195 1340 406 1381 acerbitate,
430 1341 532 1381 odio,
562 1353 665 1386 saepe
690 1342 860 1387 utrinque
887 1347 969 1375 sunt
993 1342 1195 1385 probabiles

195 1406 332 1428 causae.

297 1445 373 1480 Vss.
391 1445 618 1483 898—902.
645 1447 727 1482 Non
746 1448 937 1492 indagans,
966 1446 1195 1480 considerans

194 1510 364 1541 magnum
389 1499 583 1539 damnum,
611 1500 711 1533 adest
738 1499 831 1533 iusto
857 1505 889 1532 et
914 1495 1078 1545 iniusto]
1106 1496 1197 1530 Sunt

195 1549 250 1584 sui
273 1550 378 1583 naevi
402 1550 439 1583 in
463 1550 566 1585 bonis
590 1557 624 1583 et
650 1550 764 1584 malis.
834 1550 916 1584 Non
943 1556 994 1583 est
1022 1549 1132 1583 iustus
1160 1548 1195 1580 in

195 1607 289 1634 terra
308 1600 440 1648 etc.'¹⁵).
493 1601 532 1635 Id
556 1608 626 1641 est,
657 1602 838 1647 loquendo
865 1603 907 1635 de
933 1601 1095 1634 civilibus
1115 1611 1195 1644 pec-

195 1653 302 1693 catis,
328 1653 418 1687 sicut
444 1652 490 1685 ibi
517 1655 560 1686 de
585 1653 660 1687 istis
684 1653 845 1699 loquitur
862 1653 1046 1687 Salomon.
1076 1651 1197 1685 Catul-

195 1705 249 1738 lus
260 1703 325 1749 76);
352 1704 442 1738 Suus
466 1704 594 1750 cuique
619 1706 810 1738 attributus
835 1711 887 1738 est
912 1716 1034 1743 error,
1069 1703 1105 1736 id
1133 1709 1196 1743 est,

196 1755 286 1789 alius
311 1756 441 1800 magis,
480 1756 570 1790 alius
595 1756 733 1796 minus,
772 1756 891 1790 nullus
915 1754 1102 1789 hominum
1132 1766 1196 1799 per

195 1820 268 1842 sese
294 1807 415 1840 omnia
440 1807 543 1851 sapit.
612 1806 666 1840 [lli
697 1807 893 1852 plurimum
927 1813 1095 1852 peccant,
1135 1806 1196 1851 qui

195 1857 329 1892 habent
345 1859 441 1891 illam
460 1860 502 1892 de
526 1871 561 1893 se
586 1859 875 1903 persuasionem,
911 1860 1007 1904 quod
1030 1858 1097 1902 ipsi
1122 1870 1196 1890 non

196 1911 376 1950 labantur,
402 1911 449 1945 bie
467 1910 679 1956 eigensinnige
690 1909 807 1955 Rsspffe
825 1917 907 1944 sunt
925 1911 1016 1944 faces
1034 1909 1195 1942 omnium

200 1962 429 1995 tumultuum.

300 2012 377 2046 Vss.
394 2012 467 2047 903
483 2026 560 2059 sqq.
606 2012 726 2047 XLVI.
760 2013 882 2047 Bonus
907 2012 1089 2046 servatius
1115 2011 1196 2044 facit

200 2065 336 2098 boumn
360 2064 566 2097 beneficium
580 2064 662 2111 ⁷⁶³).

304 2115 379 2147 Hoc
406 2116 555 2148 debebat
582 2128 654 2149 esse
680 2116 882 2160 principum
919 2115 1113 2160 parietibus
1146 2113 1197 2145 in-

199 2166 392 2210 scriptum,
419 2173 453 2199 et
471 2167 706 2210 privatorum.
760 2167 987 2200 Parsimonia
1007 2172 1058 2199 est
1077 2177 1197 2197 aman-

199 2220 265 2258 da,
294 2224 332 2251 ut
354 2218 530 2261 possimus
553 2218 770 2251 benefacere.
835 2218 1011 2252 Usitatum
1041 2223 1090 2250 est
1115 2228 1195 2259 pro-

199 2270 346 2302 fundere
367 2270 554 2313 pecuniam
576 2269 611 2300 in
631 2282 685 2303 res
711 2269 852 2304 inutiles
879 2276 912 2302 et
939 2281 1010 2302 non
1039 2280 1196 2300 necessa-

200 2320 290 2360 rias,
339 2327 373 2353 et
410 2326 532 2364 postea
571 2321 698 2353 desunt
733 2321 833 2353 nerxi
870 2322 914 2353 ad
952 2332 1006 2353 res
1042 2331 1196 2352 necessa-

201 2372 282 2406 rias.
341 2371 423 2406 Non
451 2378 501 2405 est
525 2371 732 2405 inusitatum
758 2372 928 2404 cardinali
955 2372 1091 2404 Romae
1117 2382 1195 2413 pro-

233 2497 283 2525 72)
303 2498 435 2523 uei-odon
455 2497 488 2526 ΙΙ,
505 2497 550 2528 92,
569 2497 595 2522 5.

235 2540 282 2572 73)
303 2539 348 2563 καὶ
368 2539 474 2564 παίδων
493 2537 542 2563 οὐκ
561 2539 599 2563 ἔτι
617 2541 662 2569 π.]
682 2539 721 2563 sic
738 2539 888 2568 b2d.1560.;
909 2539 1038 2563 Herodot.
1055 2539 1103 2563 Ed.
1121 2537 1198 2562 Reiz.

272 2577 299 2598 et
317 2575 442 2600 ast-haser.
467 2576 483 2598 Ι.
499 2576 515 2600 l.
536 2573 644 2598 παίδων
662 2581 691 2606 γε
710 2571 764 2605 μὲν
783 2571 873 2597 odxln
892 2580 921 2596 π.

236 2619 284 2647 7⁴)
304 2619 393 2642 Galat.
408 2619 435 2649 6,
453 2619 478 2642 2.

236 2660 284 2691 75)
304 2661 490 2684 Ecclesiastes
506 2661 531 2690 7,
550 2661 592 2685 21.

236 2704 285 2732 76)
306 2704 406 2728 Catuli.
419 2703 463 2732 22,
481 2704 523 2727 20.

237 2747 307 2774 76³)
331 2747 502 2775 beneficium]
524 2747 572 2771 Ed.
592 2746 665 2770 ¹5⁰0.
689 2746 864 2769 bonefacium.

776 125 898 160 PHIJ..
934 126 1046 160 MEL.
1083 125 1285 160 SCRIPTA
1319 125 1656 162 PHILOLOGICA.

571 1186 683 1231 Saepe
709 1193 760 1221 est
783 1187 1035 1221 dissimilitudo
1060 1187 1194 1227 iudicii,
1220 1198 1223 1216 1

2177 130 2248 166 152

1248 214 1395 246 sundere
1415 213 1451 245 in
1471 225 1565 246 anno
1584 214 1677 246 XXX
1693 214 1802 247 millia
1825 216 2035 249 ducatorum
2064 216 2100 248 111
2124 228 2247 250 amore

1219 240 1223 345 ἓ
1249 265 1425 298 obscoeno
1444 271 1477 297 et
1492 264 1600 308 turpi.

1350 323 1411 357 Vs.
1426 323 1511 357 903.
1541 323 1755 370 Quicunque
1776 327 1939 358 venando
1958 327 2013 359 vel
2037 338 2115 360 cum
2139 339 2247 360 vena-

1220 376 1223 392 ³
1248 381 1306 407 tur
1323 387 1488 413 servans,
1517 375 1739 416 custodiens,
1777 377 1836 422 qui
1862 378 1965 409 valde
1982 378 2171 421 diligenter
2189 391 2247 412 cu-

1249 427 1378 465 stodit,
1425 427 1457 459 id
1491 433 1561 465 est,
1602 427 1685 459 facit
1717 435 1878 472 sumptus
1912 441 1977 472 pro
2010 429 2247 463 facultatibus.

1249 477 1456 510 Geminatio
1474 477 1649 521 significat
1666 478 1900 522 diligentiam.

1350 536 1409 570 Vs.
1427 536 1513 570 904.
1552 535 1764 585 Κυδίστην]
1798 539 1832 571 id
1859 546 1929 579 est,
1974 539 2098 584 vulgus
2125 540 2248 573 laudat

1248 588 1515 631 profusionem,
1546 594 1579 621 et
1605 588 1781 633 sapientes
1803 591 2061 634 parsimoniam
2087 591 2246 624 laudant.

1219 636 1222 672 l
1246 638 1386 672 Nobilis
1413 640 1557 684 quidam
1584 640 1689 672 dixit:
1733 640 1856 675 Parcis
1878 642 2099 686 principibus
2125 642 2248 676 utilius

1219 707 1221 715 ι
1248 696 1337 723 esset
1361 690 1494 724 servire
1520 703 1626 736 quam
1653 692 1832 736 prodigis,
1876 693 1957 738 quia
1991 693 2134 738 prodigi
2165 705 2248 738 pro-
2268 726 2275 731 ,

1219 741 1402 786 1fundunt
1437 742 1511 775 sine
1546 743 1703 783 delectu,
1745 749 1778 776 et
1810 755 1883 777 non
1915 742 2046 778 habent
2070 745 2245 778 rationem

1218 799 1222 828 ὲ
1249 793 1398 826 Virtutis.

1402 853 1480 888 {iser
1504 855 1544 887 ba
1564 853 1622 887 mit
1646 853 1735 897 mebt
1761 863 1922 900 vergeren,

1219 934 1221 948 ,
1455 904 1558 939 &eun
1578 903 1642 948 sein
1667 904 1773 951 §paug
1797 906 1856 942 Pan
1881 905 2010 950 etebten
2025 903 2072 952 ²³),

1402 955 1474 991 Zet
1499 959 1576 991 mu&
1602 967 1640 1001 31¹
1666 957 1732 1000 1th
1758 958 1952 1001 verberben,

1456 1009 1529 1043 Unb
1553 1008 1697 1053 vieleicbt
1719 1019 1772 1044 am
1797 1008 1929 1054 &algen
1954 1009 2087 1052 stetben.

1352 1066 1506 1110 Quando
1523 1067 1702 1112 principes
1718 1070 1958 1113 profuderunt
1970 1081 2032 1103 sua
2048 1069 2084 1101 in
2101 1080 2156 1103 res
2173 1081 2247 1102 non

1219 1115 1223 1184 ἰ
1247 1117 1484 1158 necessarias,
1525 1125 1628 1162 egent
1665 1121 1887 1164 temporibus
1912 1120 2131 1154 necessariis.
2195 1119 2249 1153 Ita

1220 1185 1222 1197 ι
1248 1169 1525 1213 intemperantia
1544 1175 1578 1202 et
1603 1171 1704 1203 luxus
1730 1178 1813 1204 sunt
1839 1172 2095 1215 impedimenta
2118 1183 2248 1215 magna

1248 1221 1286 1252 in
1310 1220 1429 1254 multis
1451 1221 1568 1254 rebus.
1634 1223 1752 1265 Apum
1779 1222 1922 1266 ingenia
1951 1229 1985 1256 et
2009 1223 2149 1256 labores
2175 1222 2248 1256 sive

1250 1284 1357 1317 opera
1378 1279 1460 1306 sunt
1477 1273 1579 1305 nobis
1605 1285 1623 1305 a
1641 1272 1718 1306 Deo
1745 1274 1943 1318 proposita.
2003 1274 2095 1308 Sunt
2119 1280 2250 1313 castae,

1248 1324 1420 1367 frugales,
1448 1336 1522 1357 non
1542 1331 1759 1368 generantur
1775 1325 1987 1364 concubitu,
2019 1337 2095 1358 non
2121 1337 2162 1358 ex
2184 1337 2250 1369 pu-

1250 1375 1478 1415 trefactione,
1522 1381 1560 1408 ut
1589 1387 1730 1408 muscae
1757 1382 1790 1408 et
1814 1376 1960 1416 cuIIces,
1999 1377 2062 1410 sed
2089 1388 2130 1410 ex
2153 1388 2251 1416 rore,

1250 1439 1355 1473 quem
1376 1424 1549 1460 invehunt
1570 1426 1606 1459 in
1629 1439 1709 1460 suas
1734 1427 1899 1468 cellulas,
1933 1428 1994 1462 sed
2021 1433 2250 1472 reparantur,

1250 1479 1486 1513 restituuntur
1517 1491 1600 1523 apes
1625 1478 1773 1513 amissae
1798 1492 1840 1512 ex
1862 1479 2125 1524 putrefactione
2146 1478 2250 1513 bovis

1249 1537 1313 1564 etc.
1373 1529 1528 1564 Ecclesia
1554 1530 1711 1574 gignitur
1737 1543 1777 1564 ex
1804 1543 1885 1564 rore
1914 1531 2075 1571 coelesti,
2117 1531 2154 1563 id
2186 1536 2251 1570 est,

1250 1582 1358 1615 verbo
1376 1581 1443 1614 Dei
1462 1589 1496 1615 et
1510 1581 1615 1616 simul
1632 1589 1797 1616 movente
1812 1595 1876 1627 per
1899 1583 2011 1616 filium
2030 1581 2098 1616 Dei
2121 1588 2157 1616 et
2171 1581 2251 1626 Spi-

1249 1634 1358 1667 ritum
1390 1640 1564 1667 sanctum.
1627 1633 1724 1667 Deus
1746 1634 1936 1679 proposuit
1961 1634 2026 1668 ista
2048 1633 2249 1678 spectacula

1251 1687 1294 1718 ad
1313 1698 1379 1719 uos
1402 1685 1786 1719 cominonefaciendos.

1350 1744 1428 1779 Vss.
1445 1744 1520 1779 905
1537 1758 1587 1790 sq.
1624 1745 1808 1790 Quantum
1837 1745 1992 1789 spatium
2020 1744 2149 1791 aliquis
2171 1757 2250 1790 per-

1250 1797 1370 1830 ficiens
1390 1803 1478 1830 esset
1497 1796 1710 1831 transiturus
1730 1798 1773 1830 ad
1794 1797 1925 1831 inferos
1935 1794 1965 1844 ‚]
1993 1796 2028 1830 id
2049 1803 2118 1837 est,
2137 1808 2249 1841 quan-

1252 1855 1287 1881 to
1305 1849 1420 1893 spatio
1438 1848 1596 1881 xicturus
1612 1855 1712 1882 esset.

1353 1908 1430 1942 Vss.
1456 1907 1702 1942 907—914.
1753 1907 2039 1940 Consentaneum
2078 1907 2134 1940 vel
2165 1919 2248 1940 con-

1251 1972 1377 2004 gruum
1398 1967 1506 2000 esset,
1535 1960 1594 2005 qui
1621 1965 1821 2003 expectaret
1844 1959 1954 1990 satum
1979 1957 2134 2001 longiori
2162 1964 2248 1992 tem—

1252 2024 1360 2055 pore,
1398 2009 1490 2044 hunc
1517 2010 1628 2053 magis
1653 2022 1798 2054 parcere
1823 2009 1950 2048 victui,
1982 2022 2087 2055 quem
2111 2008 2248 2044 habuit.

1251 2063 1317 2095 Sed
1335 2060 1402 2095 hoc
1417 2074 1490 2094 non
1508 2067 1623 2106 potest
1642 2062 1715 2093 sieri
1736 2061 1786 2105 (id
1809 2067 1880 2101 est,
1914 2073 1987 2093 non
2015 2061 2144 2095 scimus
2170 2073 2248 2106 spa-

1251 2114 1339 2146 tium
1367 2113 1498 2158 vitae),
1539 2113 1635 2158 qnod
1667 2110 1753 2145 1111111
1786 2125 1954 2155 magnum
1986 2112 2118 2145 luctum
2153 2113 2248 2146 facit.

1252 2165 1423 2198 Mordeor
1441 2164 1476 2196 in
1501 2164 1640 2203 anima,
1668 2170 1702 2196 et
1726 2164 1871 2203 1111111111,
1908 2164 1994 2209 quid
2018 2163 2166 2203 faciam,
2202 2176 2246 2196 an

1251 2217 1368 2249 vivam
1395 2215 1576 2249 liberalius
1602 2221 1636 2247 et
1658 2215 1810 2258 largius,
1854 2227 1899 2247 an
1926 2215 2079 2259 parcius.
2147 2214 2249 2248 Duae

1251 2274 1331 2302 sunt
1352 2274 1433 2300 ante
1451 2279 1506 2299 me
1525 2266 1617 2304 xiae;
1647 2267 1776 2309 cogito,
1800 2279 1906 2312 qnam
1926 2268 2052 2299 vadam
2071 2266 2246 2310 priorem:

1252 2326 1312 2352 ant
1347 2317 1436 2351 1111111
1474 2331 1706 2357 consumens,
1759 2319 1998 2362 profundens,
2050 2323 2250 2357 conteram,

1253 2371 1398 2415 perdam
1428 2370 1536 2402 vitain
1565 2371 1598 2401 in
1625 2371 1825 2408 aerumnis,
1867 2370 1899 2401 id
1927 2375 1995 2408 est,
2037 2380 2082 2400 an
2110 2368 2247 2402 duriter

1252 2423 1383 2454 vivam.
1440 2421 1615 2454 Homerus
1637 2427 1669 2453 et
1688 2421 1880 2455 Hesiodus:

1302 2478 1408 2527 Αἷψα
1450 2478 1524 2527 γὰρ
1572 2480 1611 2515 ἐν
1652 2477 1825 2525 κακότητι
1862 2477 1994 2526 βροτοὶ
2033 2477 2246 2527 καταγηρά-

1667 2543 1818 2566 σκουσιν
1831 2530 1890 2576 ⁷⁷).

1287 2657 1318 2688 *)
1340 2656 1407 2680 fluit:
1428 2656 1498 2679 dicto
1519 2655 1544 2678 in
1555 2656 1603 2679 Ed.
1617 2655 1687 2678 1560.
1707 2655 1774 2677 haec
1791 2654 1883 2677 addim
1903 2655 1943 2676 cst
1961 2652 2116 2676 adnotatio:
2141 2652 2246 2677 Dictum

1325 2691 1419 2714 matris
1439 2690 1562 2720 Philippi.
1591 2688 1695 2719 OEtarn,
1719 2690 1752 2712 ab
1772 2685 1890 2719 (ἵρνυμι,
1911 2687 1935 2710 id
1956 2689 2015 2718 est,
2040 2686 2178 2713 ctmttbm.

1287 2743 1334 2773 77)
1355 2743 1430 2765 nom⁴
1454 2741 1501 2764 011.
1518 2741 1595 2767 xix,
1615 2740 1673 2764 aco.
