2421 3005
84 93 158 130 157

81 178 310 215 nex-olentiae
340 183 508 218 mutuae,
553 176 626 210 sive
663 176 865 217 restitutae,
909 176 982 210 sive
1013 187 1097 208 con-

86 232 239 267 ciliatae.

185 288 508 325 Vss.983—988.
531 288 767 333 Reponamus
785 287 1000 321 benevolum
1021 286 1097 320 ani-

82 358 204 383 mum,
232 348 272 376 ut
286 343 379 375 ferat
396 341 538 374 animus
554 340 722 374 amabilia
750 353 859 385 opera
890 339 1097 373 delectatio-

81 397 150 431 nis.
205 394 285 429 Cito
317 393 411 427 enim
437 393 528 426 sicut
552 393 723 437 cogitatio
750 391 866 438 (Nihil
894 398 946 425 est
967 391 1097 424 volati-

81 449 152 483 lius
184 446 374 481 hominum
406 445 685 489 cogitationibus
709 445 791 491 ete.)
819 445 993 489 praeterit
1018 443 1096 488 pul-

84 499 169 534 chra
197 500 366 537 iuventa,
400 509 518 542 neque
545 509 720 543 equarum
753 497 907 542 impetus
933 502 983 530 est
1008 495 1097 528 cele-

85 553 185 592 rior,
212 562 304 597 quae
321 561 434 594 equae
452 549 573 582 ferunt
591 549 708 583 virum
728 549 941 582 bellatorem
961 549 1005 581 ad
1031 560 1097 592 pu-

84 615 191 649 gnam
218 601 401 642 celeriter,
446 601 661 636 delectantes
688 613 815 646 campo
843 601 979 634 ferente
1005 599 1097 632 triti-

85 653 200 702 cum.]
235 653 319 689 Non
343 649 560 700 πυρφόρος,
589 654 649 687 sed
673 649 902 700 πυροφόρος.
971 651 1097 696 siligo,

84 708 121 742 id
148 714 220 746 est,
254 705 403 747 {Rocfenf
439 706 497 738 vel
518 718 638 750 rogus.
699 704 799 738 Olira
826 711 860 738 et
883 704 987 749 siligo
1013 715 1098 748 pro-

83 760 218 794 miscue
235 763 469 802 usurpantur.

186 818 265 852 Vss.
285 816 360 851 969
378 830 430 864 sq.
463 816 574 858 Bibe,
603 830 683 850 cum
702 817 851 857 bibunt,
882 816 1028 863 quando
1048 816 1100 848 fa-

85 871 186 907 stidis
204 871 242 904 in
259 870 404 910 animo,
433 869 579 915 quando
600 869 699 902 venit
715 868 808 915 ἄση,
837 869 872 902 id
893 875 963 909 est,
1001 867 1099 902 fasti-

84 924 185 958 dium
198 950 206 964 ,
243 934 352 955 nemo
374 919 564 954 hominum
583 928 754 966 agnoscat
773 928 806 955 te
825 927 1036 966 gravatum,
1063 920 1101 952 id

467 87 658 124 LXXVIII.
715 87 1008 124 EXPLICATIO
1040 86 1429 123 SENTENTIARUM
1465 86 1774 123 THEOGNIDIS.

1125 897 1128 957 1
1155 935 1249 963 aa„

2091 86 2163 124 158

1254 174 1332 209 Vss.
1354 174 1635 209 1003—1006.
1666 174 1790 208 Virtus
1808 181 1860 208 est
1879 173 2164 220 pulcherrimum

1151 240 1282 261 munus
1298 227 1392 260 inter
1408 225 1576 260 homines
1595 233 1659 260 etc.
1715 226 1830 260 Iustus
1848 234 1899 261 est
1921 228 2019 261 utilis
2046 228 2165 260 omni-

1150 281 1236 319 bus,
1266 291 1457 312 commune
1474 280 1611 312 bonum
1630 278 1764 312 civitati
1777 306 1785 319 ,
1815 279 1877 324 qui
1895 280 1949 312 vir
1967 280 2166 324 procedens

1151 338 1220 366 stat
1238 331 1277 364 in
1295 332 1410 376 prima
1434 331 1520 365 acie.

1254 391 1332 426 Yss.
1355 392 1453 426 1007
1472 405 1549 438 sqq.
1579 389 1704 427 Ξυνὸν
1714 390 1761 437 s⁵²)
1788 389 1827 426 δ’
1847 388 2087 439 ἀνθρώποις]
2111 390 2166 424 De

1149 444 1342 488 fugacitate
1364 445 1470 478 vitae.

1255 502 1334 536 Vss.
1355 503 1513 537 1007—
1527 504 1636 539 1012.
1668 503 1870 537 Commune
1891 503 2024 535 dictum
2042 514 2167 546 sugge-

1151 567 1250 595 ram,
1277 561 1316 588 ut
1334 555 1512 600 quispiam
1533 554 1669 589 habens
1687 553 1878 600 pulchrum
1897 555 2021 588 florem
2042 554 2166 587 iuven-

1152 614 1228 647 tae,
1273 613 1307 640 et
1333 607 1395 652 qui
1422 614 1473 640 est
1501 609 1689 647 cordatus,
1730 607 1892 652 sapiens,
1927 607 2070 640 fruatur
2095 605 2167 639 suis

1151 659 1400 696 facultatibus;
1429 671 1504 692 nou
1522 660 1616 692 enim
1642 660 1875 704 repubescere
1901 659 1956 692 bis
1979 659 2016 692 fit
2041 670 2058 691 a
2076 657 2167 697 Diis,

1152 724 1270 757 neque
1290 717 1342 745 est
1362 710 1530 755 effugium
1556 712 1700 749 mortis;
1730 713 1884 756 perdens
1901 717 2064 745 senectus
2088 722 2169 755 per-

1152 764 1311 803 niciosa,
1340 775 1554 798 consumens
1577 761 1764 796 bominem
1793 765 1909 797 adfert
1926 763 2042 803 mala,
2072 762 2168 808 (ipsa

1153 822 1315 849 senectus
1333 816 1482 849 morbus
1499 822 1562 856 est,
1587 816 1669 861 etc.)
1689 815 1833 860 attingit
1850 828 2031 849 summum
2051 820 2170 859 caput.

1257 875 1335 910 Vss.
1360 876 1460 910 1013
1481 889 1558 922 sqq.
1591 874 1710 920 ‘93⁸5)
1740 873 1890 923 μάκαρ]
1918 875 1972 909 De
1998 875 2071 908 vita
2096 875 2170 920 pri-

1302 927 1504 962 Lucianus:
1540 926 1633 968 Biog
1657 926 1822 963 ἶδιώτων
1845 927 2016 975 ἄριστος,
2049 927 2086 960 id
2107 933 2170 967 est,

85 982 156 1017 0⁵12
183 974 322 1019 inCiPea
356 975 471 1007 donec
490 985 525 1007 ‘3⁵
543 986 691 1019 c0¹1¹POS
707 973 772 1007 mi·
1125 1022 1129 1033 ι
1154 981 1381 1027 privatorum
1399 981 1472 1014 vita
1491 981 1642 1025 optima.
1704 981 1818 1026 Saepe
1836 981 1942 1026 pinus
1960 979 2077 1014 ventis
2097 980 2170 1024 agi-

189 1035 250 1070 Vs.
267 1034 354 1069 991.
381 1035 590 1081 Aliquando
611 1035 751 1079 patiens
771 1031 942 1081 dolebis.]
973 1032 1100 1077 Cogita
1126 1036 1129 1091 1
1155 1041 1253 1068 tatur
1269 1034 1394 1078 ingens
1412 1040 1476 1067 etc.
1515 1032 1579 1066 Et:
1611 1032 1725 1066 Crede
1744 1031 1852 1073 mihi,
1877 1033 1968 1066 bene
1988 1032 2048 1078 qui
2066 1031 2171 1065 latuit

85 1096 119 1123 te
137 1101 210 1123 esse
231 1086 418 1121 hominem
439 1093 474 1120 et
492 1084 654 1120 humana
674 1093 758 1121 sunt
774 1086 976 1119 mutabilia.
1030 1084 1102 1118 Eu-
1127 1094 1129 1101 '
1157 1092 1221 1120 etc.
1276 1085 1393 1118 Multo
1410 1085 1530 1118 minus
1550 1092 1601 1119 est
1626 1085 1775 1130 periculi
1801 1085 1838 1117 in
1865 1085 2030 1118 inferiori
2056 1085 2170 1129 gradu

84 1138 296 1186 ripides⁸²):
1127 1130 1129 1148 ³
1158 1150 1266 1184 quam
1296 1137 1333 1170 in
1364 1150 1519 1171 summo.
1594 1137 1769 1182 Appetere
1804 1137 2069 1182 principatum,
2114 1135 2170 1169 vel

1157 1190 1263 1223 etiam
1284 1189 1374 1223 iuste
1393 1196 1532 1229 tenere,
1560 1201 1702 1234 semper
1722 1196 1772 1223 est
1789 1189 2044 1234 periculosum.

1127 1157 1130 1170 1

141 1202 308 1236 Τοιαῦτα
342 1200 421 1233 τῶν
457 1194 698 1245 ἀνθρώπων,
749 1195 862 1233 οὐδὲν
899 1196 939 1232 ἐν
974 1175 1130 1247 ταύτεζ1

514 1249 628 1296 μένει.
1128 1251 1130 1287 i

87 1302 128 1337 Id
145 1309 217 1343 est,
246 1302 329 1335 talia
348 1309 432 1336 sunt
449 1300 609 1336 humana
622 1328 632 1342 ‚
657 1299 749 1334 nihil
767 1307 890 1334 manet
910 1301 946 1333 in
963 1301 1102 1333 eodem.
1127 1289 1130 1338 1

1295 1250 1354 1273 Ima
1373 1250 1468 1273 tenent
1487 1255 1599 1280 pacem,
1626 1250 1745 1279 perflant
1764 1249 1906 1273 altissima
1925 1248 2011 1273 venti.

1260 1293 1337 1327 Vss.
1360 1294 1638 1328 1013—1016.
1676 1294 1909 1340 (Priusquam
1935 1294 2009 1338 ipse
2034 1299 2172 1326 metuat

1156 1344 1410 1392 inimicosffi).)
1446 1346 1579 1380 Beatus
1607 1352 1678 1385 est,
1714 1346 1776 1392 qui
1800 1358 1874 1379 non
1903 1343 2011 1379 habet
2039 1357 2169 1389 magna

1157 1398 1324 1441 negotia,
1352 1404 1392 1431 ut
1416 1411 1488 1431 non
1506 1398 1642 1431 incidat
1659 1399 1696 1431 in
1717 1399 1966 1432 contentiones
1991 1398 2170 1437 exitiosas,

1157 1449 1218 1482 ubi
1236 1462 1378 1483 necesse
1402 1451 1466 1490 sit,
1503 1458 1564 1484 aut
1588 1458 1747 1484 metuere
1771 1458 1833 1484 aut
1857 1462 2026 1495 superare
2051 1449 2172 1482 iuimi-

205 1361 281 1396 Vss.
299 1362 371 1396 991
393 1375 446 1408 sq.
482 1362 690 1408 Aliquando
717 1361 875 1401 dolebis,
904 1361 1102 1407 aliquando

86 1414 221 1448 faciens
240 1414 342 1459 p'otes
360 1412 549 1462 gaudere]
583 1412 778 1450 Boethius:
816 1413 967 1447 Constat
989 1419 1103 1446 aeter·
1128 1455 1129 1461 ἵ

87 1479 134 1500 na
159 1466 393 1513 positumque
410 1466 487 1511 lege
505 1473 575 1507 est,
604 1473 644 1500 ut
664 1472 802 1500 constet
821 1466 981 1510 genitum
999 1463 1102 1498 nihil.
1128 1502 1129 1505 ¹

86 1518 192 1553 Lusit
210 1518 247 1551 in
264 1519 376 1552 verbo
397 1524 613 1560 ,‚constat“,
642 1518 678 1551 id
699 1525 768 1558 est,
798 1516 867 1551 hoc
882 1531 996 1551 unum
1017 1529 1103 1551 con-

88 1577 176 1612 stat,
204 1570 241 1604 id
260 1577 330 1611 est,
360 1571 505 1604 firmum
525 1578 596 1611 est,
624 1578 664 1605 ut
680 1569 771 1604 nibil
789 1570 833 1604 sit
852 1571 959 1604 firmi.

192 1630 271 1665 Vss.
289 1630 364 1665 993
378 1651 422 1657 —
435 1631 522 1666 996.
551 1632 736 1678 Hymnum
760 1637 900 1676 gratum
913 1658 922 1672 ,
951 1630 1103 1664 delecta-

89 1683 222 1724 bilem,
250 1690 285 1716 et
309 1683 356 1717 sit
380 1689 505 1717 tenens
531 1682 722 1728 pulchrum
750 1683 876 1717 florem
906 1695 972 1728 pro
999 1695 1104 1727 prae·

89 1736 186 1777 mio,
221 1742 255 1768 et
283 1734 329 1768 sit
352 1733 442 1768 mihi
466 1742 500 1768 et
521 1736 586 1769 tibi
613 1735 832 1770 certantibus
860 1736 903 1768 de
926 1735 1103 1780 sapientia

91 1795 158 1823 etc.

91 1841 205 1875 tiores
225 1840 346 1874 asinis.

194 1899 273 1935 Vss.
293 1900 551 1936 997—1000.
581 1901 736 1946 Quando
763 1913 848 1934 vero
876 1901 929 1934 sol
954 1900 1103 1944 ungula-

92 1966 149 1988 res
182 1965 312 2000 equos,
348 1953 385 1987 id
410 1961 481 1995 est,
517 1952 689 1988 habentes
716 1953 893 1998 integrant
918 1953 1104 1996 ungulam,

91 2006 165 2040 iam
210 2006 402 2040 denuntiat
438 2013 564 2041 tenens
599 2006 754 2039 mediam
793 2005 918 2046 diem,
968 2006 1002 2039 id
1040 2012 1104 2046 est,

94 2061 241 2108 quando
268 2060 368 2093 venit
391 2059 531 2093 medius
553 2059 646 2100 dies,
689 2058 908 2103 attingamus
940 2070 1103 2099 coenam,

92 2114 156 2147 ubi
181 2113 337 2159 aliquem
363 2112 504 2146 animus
530 2111 646 2152 iubet,
680 2111 716 2144 id
741 2118 811 2152 est,
848 2111 994 2157 quando
1021 2117 1105 2145 sunt

93 2166 185 2200 iusta
205 2171 390 2210 tempora,
418 2165 620 2199 tribuamus
640 2177 679 2198 ea
700 2164 844 2199 mensis.

197 2216 344 2252 Veteres
375 2223 631 2262 protraxerunt
663 2217 939 2251 deliberationes
973 2223 1007 2250 et
1035 2216 1103 2249 alia
1130 2251 1132 2266 Ι

94 2270 236 2315 negotia
265 2282 378 2316 usque
405 2271 449 2303 ad
465 2276 604 2316 tempus
624 2270 916 2315 pomeridianum
935 2276 1020 2310 etc„
1053 2275 1106 2302 ta-
1130 2280 1132 2303 :

1130 2322 1132 2327 '
1160 2319 1211 2347 est
1231 2320 1397 2347 constans
1414 2314 1450 2346 in
1467 2313 1526 2346 illa
1548 2312 1774 2358 captivitate,
1812 2312 1873 2345 alii
1899 2313 1992 2345 leves
2020 2322 2094 2343 non
2118 2309 2170 2341 sa—

213 1787 455 1832 cognoveris,
484 1795 620 1833 quanto
647 1786 791 1835 muliffl)
818 1787 890 1821 sint
916 1794 1104 1832 praestan·
1128 1826 1129 1829 Ἴ
1453 1824 1460 1830 ‚
1650 1825 1657 1830 ,

1128 1836 1130 1845 ’·
1157 1825 1218 1857 sed
1236 1824 1345 1857 breve
1364 1831 1415 1858 est
1433 1832 1524 1858 sicut
1540 1837 1734 1859 sommum.

1157 1514 1230 1542 cos,
1257 1508 1289 1535 et
1309 1502 1521 1548 priusquam
1541 1503 1702 1547 exploret
1720 1503 1866 1544 amicos,
1888 1515 1995 1548 quam
2015 1500 2173 1535 habeant

1128 1572 1129 1602 3
1157 1552 1350 1601 mentem.]
1379 1554 1502 1588 Rebus
1520 1556 1679 1589 adversis
1699 1556 1934 1600 explorantur
1954 1554 2078 1594 amici,
2107 1554 2170 1587 sed

1156 1607 1302 1647 beatus,
1331 1607 1393 1652 qui
1410 1620 1484 1640 non
1502 1608 1669 1653 pervenit
1685 1609 1729 1641 ad
1747 1608 1846 1641 illam
1869 1607 2171 1652 explorationem.

1260 1666 1338 1700 Vss.
1358 1668 1518 1701 1017-
1531 1668 1640 1704 1022.
1668 1668 1751 1702 Fuit
1769 1667 1857 1702 mihi
1875 1680 1940 1714 per
1958 1674 2074 1701 cutem
2094 1678 2170 1699 ma-

1158 1731 1248 1764 gnus
1266 1720 1396 1759 sudor,
1426 1726 1460 1753 et
1475 1727 1639 1765 stupesco
1660 1721 1803 1754 intuens
1820 1721 1946 1753 florem
1967 1720 2170 1753 adolescen-

1158 1772 1241 1805 tiae.
1309 1770 1475 1805 Debebat
1501 1785 1574 1806 esse
1599 1773 1741 1817 longius
1769 1773 1924 1817 spatium
1960 1771 2169 1809 iuventutis,

1789 1824 1959 1858 Iuventus
1979 1824 2086 1867 digna
2105 1820 2170 1855 ho-

1157 1888 1258 1910 nore.
1312 1876 1482 1911 Senectus
1499 1878 1708 1917 absumens,
1737 1878 1891 1922 perdens
1910 1876 2042 1921 pendet
2062 1886 2170 1919 super

1158 1934 1283 1972 caput,
1311 1928 1348 1961 id
1367 1936 1436 1970 est,
1466 1930 1536 1962 cito
1556 1930 1665 1963 venit.

1260 1988 1339 2023 Vss.
1361 1990 1458 2025 1023
1476 2004 1528 2037 sq.
1557 1990 1754 2036 Nunquam
1774 2001 1908 2034 ponam
1936 1989 2067 2022 collum
2094 1999 2170 2021 nou

1158 2041 1337 2086 accipiens
1353 2042 1498 2086 iugum,
1526 2044 1689 2083 frenum,
1718 2043 1868 2087 perdam
1894 2041 2080 2081 inimicos,
2109 2052 2170 2073 ne-

1159 2106 1227 2140 que
1245 2094 1274 2128 si
1293 2094 1385 2127 adsit
1401 2107 1508 2139 supra
1529 2102 1636 2139 caput
1652 2107 1755 2128 mons
1771 2092 1964 2140 Phrygiae.

1261 2154 1338 2189 Vss.
1357 2153 1456 2191 1025
1473 2168 1525 2201 sq.
1554 2154 1709 2189 Levibus
1726 2155 1763 2188 in
1781 2155 1997 2189 adversitate
2015 2153 2167 2186 vaniora

1158 2213 1242 2242 sunt
1258 2209 1425 2249 consilia,
1453 2208 1488 2241 id
1509 2215 1578 2248 est,
1607 2208 1701 2242 leves
1718 2205 1883 2241 homines
1899 2207 1936 2240 in
1952 2205 2169 2240 adversitate

1159 2261 1271 2294 multa
1290 2261 1459 2295 scelerate
1485 2267 1637 2294 tentant.
1691 2260 1741 2294 Ut
1764 2260 1930 2305 princeps
1950 2259 2111 2304 captivus
2122 2255 2170 2302 ⁸⁷)

94 2336 179 2357 men
194 2323 306 2370 aliqui
325 2322 431 2356 etiam
452 2320 657 2356 habuerunt
673 2323 864 2357 ientacula.
1130 2349 1133 2371 ἢ

199 2383 277 2419 Vss.
299 2384 393 2418 1001
413 2397 465 2430 sq.
495 2383 575 2417 Cito
600 2384 718 2428 puella
738 2382 919 2417 Laconica
946 2381 1004 2428 (In
1028 2395 1106 2416 ver-
1131 2395 1134 2460 *

95 2436 192 2471 sibus
210 2436 257 2470 ita
275 2443 337 2470 est.
391 2434 547 2469 Thracia
564 2433 671 2469 habet
690 2434 954 2480 pulcherrimos
982 2448 1106 2481 equos,
1131 2461 1134 2483 t

94 2488 381 2523 Lacedaemonia
403 2486 664 2534 pulcherrimas
682 2488 876 2534 mulieres.)
902 2488 1044 2521 lavacra
1074 2493 1108 2520 et
1132 2488 1133 2536 1

98 2553 250 2575 coronas
269 2542 371 2585 virgo
391 2539 539 2586 pulchra
560 2547 686 2574 tenens
705 2540 883 2574 manibus.
1131 2540 1134 2588 1

1131 2590 1134 2648 1

1194 2439 1242 2469 84)
1263 2436 1368 2467 Ξυνόν]
1387 2438 1426 2460 sic
1446 2438 1587 2468 Tlteogu.;
1614 2437 1662 2460 Ed.
1681 2437 1756 2460 1560.
1778 2438 1922 2464 corrupte:
1948 2430 2051 2456 Συνόν.

1195 2483 1244 2511 85)
1261 2480 1322 2511 Ὡς]
1341 2482 1380 2505 sic
1399 2481 1448 2506 Ed.
1467 2482 1540 2504 1560.
1561 2483 1587 2504 ct
1604 2481 1688 2504 Editt.
1707 2481 1826 2509 Theogu.
1847 2484 1931 2508 supra
1952 2485 1976 2506 μ.
1989 2476 2080 2500 5—8.
2101 2480 2171 2507 equ-

1230 2520 1367 2546 mei-atae,
1386 2519 1469 2546 atque
1484 2516 1602 2540 Brunck.
1621 2517 1647 2539 et
1665 2515 1772 2543 Gaiss.;
1797 2515 1879 2538 Editt.
1895 2512 1993 2541 Bekk.,
2016 2510 2114 2539 Bergk.
2128 2508 2170 2532 Ἄ,

1196 2561 1244 2591 86)
1265 2561 1426 2590 Priusquam
1448 2561 1506 2590 ipse
1526 2562 1588 2583 niet.
1610 2559 1700 2587 inim]
1723 2559 1786 2582 haec
1814 2559 1899 2580 verba
1919 2563 1933 2579 e
1960 2562 2002 2579 vs.
2020 2555 2094 2578 1015.
2120 2555 2170 2576 huc

1230 2598 1256 2620 iu
1280 2596 1327 2621 Ed,
1346 2596 1419 2618 1560.
1440 2595 1611 2624 transposita
1631 2594 1705 2617 intra
1725 2594 1863 2617 caucellos
1892 2590 2008 2621 inclusi,
2042 2589 2171 2619 quoniam

1232 2632 1288 2654 1=.1.
1308 2631 1425 2654 delenda
1446 2634 1518 2653 suut.

133 2669 181 2697 82)
200 2669 293 2699 Eun-ip.
309 2670 365 2693 lon.
381 2670 440 2693 969.
461 2666 500 2691 Τιὶ
521 2667 608 2697 θνητά
629 2663 751 2692 τοιαῦτ,-

170 2750 267 2772 mutto.

778 2664 860 2691 οὐδὲν
873 2664 905 2690 ἐν
918 2664 1008 2701 ταύτῷ
1021 2668 1106 2699 μένει.
1132 2665 1133 2697 1

133 2714 182 2744 83)
204 2712 282 2744 muli]
303 2713 341 2736 sic
362 2712 461 2742 scripsi
483 2711 530 2742 (z
549 2712 668 2742 Tneogu.
690 2708 831 2743 ἡμίονοι);
854 2710 902 2734 Ed.
925 2711 999 2734 1560.
1020 2712 1107 2735 male:
1132 2715 1133 2718 ’

1196 2675 1245 2703 87)
1264 2674 1401 2698 lohannes
1424 2674 1582 2698 {fridericus
1604 2672 1718 2695 Elector
1739 2672 1841 2694 Saxon.
1867 2670 1894 2693 iu
1916 2675 2007 2699 pugna
2026 2668 2060 2690 ad
2080 2667 2172 2690 atuh!-

1234 2709 1354 2740 bergiam
1380 2709 1422 2734 2⁴.
1437 2709 1524 2738 April.
1554 2708 1628 2732 ¹547.
1656 2713 1672 2730 a
1698 2707 1800 2730 carolo
1824 2705 1857 2729 V.
1886 2705 2057 2734 Imperatore
2082 2702 2172 2724 victus

1233 2748 1393 2775 captusque.
