2421 3005
55 130 130 167 609
381 125 469 162 XCI.

55 214 223 262 Orpheae
248 213 420 255 similem,
469 220 503 248 et
524 213 649 248 furtim
676 213 862 248 abstulisse
892 212 1052 246 divinam

55 269 153 302 illam
188 268 333 313 lyram,
382 266 420 300 in
450 266 586 311 templo
620 265 801 310 Apollinis
837 275 1059 310 suspensam,

55 332 127 368 qua
154 319 192 353 in
214 317 480 364 permulcendis
503 318 587 352 feris
612 315 801 362 Orpheum
833 317 1058 351 imitaretur;

51 373 115 408 sed
154 369 249 405 hanc
294 371 536 404 imitationem
581 369 614 403 ei
652 370 843 404 infeliciter
885 367 1058 403 evenisse.

53 424 173 460 Noctu
201 423 297 457 enim
316 435 398 456 eum
418 422 716 456 obambulantem
742 421 779 454 iu
804 421 997 460 suburbio,
1026 423 1060 452 et

54 475 222 521 imperite
249 480 437 508 canentem
461 474 560 519 lyra,
597 473 765 507 excivisse
791 485 916 507 omnes
941 483 1060 510 canes,

53 527 169 574 iisque
187 526 398 563 coeuntibus
415 525 522 560 fuisse
540 525 789 559 dilaceratum.

144 612 320 656 Anguis
358 618 499 656 caput
533 609 708 655 Orphei
740 610 962 643 mordens.

105 680 184 714 Vss.
201 679 252 714 56
270 693 322 726 sq.

107 734 154 767 0³
173 734 270 776 petit.

158 791 299 837 Anguis
323 791 361 824 in
384 789 518 825 silicem
544 795 725 830 mutatus,
754 788 817 835 qui
836 784 976 832 Orphei
1003 798 1059 819 ca-

53 849 121 889 put
135 843 311 877 laceravit
326 855 450 877 morsu
461 869 470 883 ,
497 842 565 876 fuit
581 840 731 875 Lesbius
747 841 805 887 (ut
822 839 971 885 opinor)
997 838 1059 871 ob-

54 901 247 937 trectator,
290 895 353 942 qui
385 900 571 928 mortuum
601 893 795 927 insectatus
821 898 884 926 est.
952 890 1059 923 Tales

56 947 153 981 enim
169 954 254 982 sunt
269 954 304 981 et
320 958 436 991 angue
455 945 674 979 crudeliores
685 972 694 985 ,
723 951 757 978 et
769 943 934 978 duriores
950 941 1060 981 silice,

55 999 119 1045 qui
135 1000 270 1033 famam
288 999 469 1032 bonorum
488 995 679 1031 hominum
692 1023 701 1037 ‚
730 995 941 1041 praesertim
962 1005 1059 1027 mor-

54 1057 202 1085 tuorum
214 1077 223 1091 ‚
250 1051 423 1084 lacerant.

389 682 584 723 pereyr‘e'nis
600 681 723 723 anquis
739 680 856 712 arenis

106 1135 258 1169 Midae
302 1140 519 1168 contactu
563 1134 716 1167 omnia
768 1144 905 1166 versa
953 1132 998 1164 in

468 1198 642 1220 aurum.

159 1254 282 1288 Midae
318 1254 439 1287 fabula
475 1255 580 1287 docet
615 1253 794 1287 infinitam
825 1252 1057 1297 cupiditatem

56 1305 137 1341 auri
153 1307 261 1351 longe
281 1305 499 1340 deteriorem
519 1318 593 1340 esse
610 1312 842 1351 paupertate:
880 1304 989 1351 idque
1015 1303 1059 1337 si-

56 1359 201 1404 gnificat
216 1364 321 1403 poeta
334 1385 342 1397 ‚
368 1370 448 1391 cum
467 1357 586 1403 inquit
615 1357 709 1405 (Vss.
731 1357 802 1393 129
816 1356 904 1402 sq.):

108 1421 211 1463 Copia
230 1419 324 1451 nulla
337 1418 463 1461 samem
484 1419 629 1458 relevat,
658 1419 736 1451 sitis
752 1420 864 1451 ardua
881 1416 926 1461 75)
942 1420 1060 1459 qusint·

113 1472 190 1504 Urit
199 1496 211 1511 ,
238 1474 270 1503 et
286 1471 396 1502 inviso
415 1471 535 1502 merito
553 1468 599 1515 75)
618 1474 795 1515 torquetur
811 1470 852 1502 ab
869 1480 963 1501 auro,

56 1531 165 1576 Apud
195 1527 432 1564 Plutarchum
473 1535 570 1562 extat
609 1527 761 1563 historia
800 1527 884 1563 huic
916 1529 1059 1563 fabulae

55 1595 170 1628 prope
202 1581 350 1622 similis,
384 1582 428 1614 de
451 1578 607 1627 Pythio,
641 1581 804 1626 principe
832 1592 964 1622 avaro,
997 1580 1059 1627 qui

56 1633 213 1668 inventis
231 1632 465 1673 aurifodinis,
493 1644 575 1666 cum
592 1644 717 1667 omnes
735 1633 829 1667 cives
846 1633 1006 1667 eruendo
1027 1638 1060 1666 et

57 1685 249 1719 conflando
270 1696 360 1718 auro
378 1684 427 1717 ita
445 1684 632 1728 fatigaret,
659 1691 699 1718 ut
721 1684 818 1718 aliud
846 1682 937 1717 nihil
954 1696 1059 1729 agere

57 1743 223 1783 possent,
249 1736 427 1782 multique
448 1736 493 1769 ob
509 1736 644 1769 laboris
661 1736 948 1781 magnitudinem
965 1736 1060 1781 peri-

57 1795 157 1823 rent:
197 1800 289 1822 uxor
318 1787 394 1822 eius
417 1788 610 1832 prudentia
637 1794 672 1821 et
695 1787 875 1832 probitate
898 1787 1060 1832 insignis,

57 1842 148 1875 clam
176 1838 347 1874 adhibitis
370 1839 564 1874 aurifabris
591 1851 739 1873 auream
772 1852 956 1879 mensam,
999 1851 1060 1872 au-

56 1905 138 1928 reos
162 1904 273 1938 panes
299 1898 334 1925 et
358 1891 459 1924 varia
481 1891 644 1925 ciborum
670 1891 803 1924 fercula
828 1903 869 1925 ex
895 1903 985 1925 auro
1010 1891 1061 1923 fa-

56 1945 200 1979 brefieri
253 1943 419 1982 curavit;
473 1943 603 1989 quibus
648 1943 840 1988 dssigenter
886 1943 1061 1977 studiose-

58 2009 129 2043 que
164 1995 334 2030 consectis
352 2022 361 2036 ‚
415 1994 549 2040 Pythio
570 2022 579 2036 ‚
630 1995 693 2041 qui
729 1995 803 2029 dies
839 1995 979 2041 aliquot
1016 1995 1060 2027 ab

59 2113 143 2135 nam
170 2098 371 2146 postulanti
402 2099 532 2133 mulier
561 2111 710 2134 auream
743 2111 905 2133 mensam
939 2098 1061 2132 afferri

59 2152 182 2194 iussit,
209 2152 247 2185 in
263 2164 334 2198 qua
354 2148 447 2185 nihil
464 2151 623 2197 quidem,
651 2152 749 2198 quod
765 2151 822 2185 edi
839 2157 970 2196 posset,
999 2163 1061 2195 ap-

59 2205 218 2250 positum
235 2209 330 2242 erat;
364 2204 426 2238 sed
444 2204 566 2237 omnia
586 2216 628 2237 ex
645 2216 734 2238 auro
751 2204 957 2237 fabrefacta.
1010 2203 1062 2236 Ac

60 2257 180 2302 primo
198 2256 346 2302 quidem
366 2256 535 2299 adspectu
561 2255 701 2300 gavisus
725 2263 776 2291 est
793 2253 945 2301 Pythius
969 2255 1060 2288 mira
1088 2281 1089 2286 ,

61 2314 138 2341 arte
157 2306 380 2352 conspiciens
397 2306 538 2351 singula
555 2307 756 2341 elaborata:
783 2308 866 2341 inde
883 2307 963 2341 auri
978 2320 1062 2340 con-

61 2359 298 2404 templatione
315 2358 388 2392 iam
407 2359 549 2392 abunde
575 2359 744 2401 satiatus,
777 2360 845 2394 sibi
867 2359 985 2394 cibum
1012 2360 1062 2392 af-

61 2412 149 2445 ferri
167 2411 361 2457 praecepit.
400 2409 535 2444 Verum
556 2423 647 2445 uxor
663 2418 803 2452 cuncta,
830 2424 922 2458 quae
940 2418 1063 2457 postu-

63 2464 191 2505 lasset,
217 2476 260 2497 ex
277 2475 367 2496 auro
385 2463 543 2496 confecta
563 2462 709 2497 iubebat
724 2464 880 2508 apponi;
909 2476 1062 2510 cumque

63 2515 123 2549 ille
149 2515 334 2550 iracundia
368 2515 526 2559 percitus
559 2515 694 2549 esurire
723 2528 759 2549 se
792 2515 1063 2556 vociferaretur,

64 2579 182 2613 neque
205 2579 240 2602 se
263 2579 392 2601 aurum
416 2567 454 2600 id
480 2567 653 2612 temporis
679 2567 833 2612 amplius
857 2580 1061 2613 exposcere:

67 2619 118 2652 ibi
135 2619 213 2652 illa:
243 2618 302 2653 Tu
319 2631 403 2652 vero
421 2618 574 2665 (inquit)
592 2619 724 2653 nullius
743 2619 793 2652 rei
812 2627 955 2664 praeter
971 2618 1064 2653 hanc

100 2730 148 2762 75)
167 2732 265 2755 ardua
284 2744 317 2748 -
335 2733 456 2761 merito]
485 2733 524 2755 sic
554 2732 636 2757 Editz.
658 2733 752 2758 1555..
782 2732 874 2763 1559.;
913 2733 991 2757 Ovid.
1015 2733 1065 2759 Ed.

137 2766 246 2790 Mitsch.
267 2767 356 2791 arida
372 2780 405 2783 —
418 2767 549 2791 meritus.

66 2807 256 2838 Mum-Te.
277 2808 382 2840 orm.
416 2809 501 2839 Vol„
521 2808 607 2838 xlx

531 124 817 163 ENARRATIO
853 124 983 160 LIBRI
1011 122 1069 159 XI.
1106 116 1588 157 METAMORPHOSEON
1624 116 1786 152 OVIDII.

1089 2614 1092 2627 ¹

2043 117 2116 151 610

1110 208 1296 243 habendae
1321 206 1529 241 facultatem
1562 204 1730 249 praebes;
1787 203 1904 237 omnis
1938 203 2036 237 enim
2071 205 2118 236 ci-

1113 261 1210 296 vium
1237 272 1342 300 cura,
1379 257 1569 303 omnisque
1594 268 1652 290 ars
1676 262 1738 290 tuo
1763 255 1860 289 iussu
1888 255 1925 288 in
1951 256 2116 301 parando

1113 326 1202 347 auro
1221 317 1405 353 versatur,
1433 316 1473 343 ut
1489 321 1596 342 nemo
1626 308 1699 340 iam
1725 320 1830 350 agros
1857 308 1971 347 colat,
2008 320 2116 340 nemo

1086 385 1087 388 =
1113 363 1238 398 hortos
1260 368 1446 401 conserat,
1475 362 1562 395 dum
1583 360 1620 392 in
1639 356 1693 393 his
1710 358 1890 392 fodiendis
1908 371 1948 391 ac
1973 359 2118 405 perqui-

1115 416 1253 457 rendis,
1283 426 1375 461 quae
1390 413 1541 446 minime
1558 410 1638 446 usui
1656 423 1729 445 esse
1749 416 1910 454 possunt,
1940 417 2002 444 tuo
2020 411 2118 444 iussu

1115 480 1240 502 omnes
1264 473 1347 501 sunt
1371 464 1558 510 occupati,
1599 475 1665 496 nec
1690 462 1796 507 pauci
1825 462 1932 495 etiam
1958 462 2115 496 eiusdem

1114 520 1165 553 rei
1188 531 1293 553 causa
1310 518 1527 551 moriantur.
1591 514 1666 547 Hac
1694 513 1860 547 oratione
1883 525 1958 547 non
1981 514 2118 546 medio-

1115 572 1222 605 criter
1248 575 1451 603 commotus
1470 563 1623 613 Pythius
1648 577 1798 598 avarum
1825 577 1930 599 suum
1955 565 2116 599 animum

1115 621 1373 661 commutavit,
1399 626 1433 653 et
1452 619 1617 665 quintam
1636 618 1810 651 duntaxat
1828 616 1960 650 civium
1978 623 2119 661 partem

1114 675 1151 708 in
1179 685 1288 719 opere
1317 671 1515 709 continuit;
1560 676 1719 703 caeteros
1750 675 1827 702 tum
1866 668 2120 714 agriculturae,

1114 733 1190 760 tum
1210 725 1289 758 aliis
1308 724 1446 758 artibus
1465 733 1613 767 operam
1638 722 1725 754 dare
1749 720 1862 755 iussit.
1923 720 2020 754 Haec
2036 720 2120 753 Plu-

1114 775 1259 812 tarchus
1276 776 1312 809 in
1333 775 1395 809 lib.
1414 775 1458 808 de
1478 774 1581 807 claris
1601 772 1812 807 mulieribus
1826 772 1886 819 7⁶).

1218 829 1408 863 Caeterum
1428 826 1551 859 Midae
1568 824 1828 859 dissimillimus
1854 824 1923 858 suit
1940 835 2002 856 rex
2019 822 2119 857 Salo-

1116 893 1223 921 mon,
1267 880 1329 926 qui
1363 879 1479 913 delata
1513 877 1581 912 sibi
1616 876 1785 921 optione,
1827 888 1903 908 non
1926 875 2120 908 immensas

1115 945 1218 977 opes,
1248 944 1312 965 nec
1331 931 1442 964 totius
1460 929 1558 963 orbis
1574 927 1788 973 imperium,
1822 928 1883 961 sed
1904 926 2121 970 sapientiam

1114 985 1231 1029 elegit.
1275 982 1547 1017 Dissirnillimus
1562 980 1647 1013 item
1664 979 1732 1013 fuit
1747 979 1910 1013 Ubaldus
1927 977 2121 1016 Feretrius,

1115 1036 1246 1069 Urbini
1263 1037 1356 1075 dux,
1385 1033 1447 1080 qui
1472 1046 1508 1067 se
1534 1030 1712 1076 sapientia
1738 1036 2047 1064 commutaturum
2075 1029 2122 1074 (si

1113 1088 1191 1121 fieri
1208 1087 1344 1134 posset)
1363 1098 1487 1119 omnes
1501 1096 1583 1119 suas
1601 1084 1767 1117 fortunas
1783 1088 1933 1116 testatus
1950 1088 2014 1122 est,
2040 1093 2122 1114 cum

1113 1140 1222 1180 dixit,
1250 1151 1286 1173 se
1303 1140 1349 1172 ad
1368 1142 1618 1182 paupertatem
1638 1136 1899 1175 deventurum,
1926 1133 1955 1167 si
1980 1132 2121 1178 sapien-

1114 1192 1163 1225 tia
1181 1197 1321 1224 veneat.
1377 1189 1427 1223 Ut
1443 1188 1553 1233 igitur
1577 1185 1684 1221 huius
1707 1186 1883 1231 principis
1904 1191 1939 1218 et
1955 1184 2121 1219 Salomo-

1113 1243 1169 1277 nis
1188 1249 1313 1276 votum
1333 1242 1377 1276 ab
1403 1240 1571 1274 omnibus
1596 1239 1787 1272 laudatur:
1822 1238 1869 1271 ita
1897 1243 2043 1270 econtra
2068 1236 2121 1268 vi-

1114 1302 1303 1340 tuperatur
1336 1293 1513 1338 cupiditas
1547 1291 1646 1329 auri,
1691 1302 1802 1336 quam
1829 1289 1948 1323 Midas
1981 1287 2119 1322 habuit.

1114 1347 1164 1380 Ac
1195 1347 1369 1392 quoniam
1402 1344 1564 1390 plerique
1591 1354 1716 1387 regum
1740 1354 1781 1375 ac
1804 1340 2009 1386 principum
2037 1346 2121 1374 sunt

1114 1406 1175 1433 aut
1190 1411 1338 1443 prorsus
1355 1395 1532 1431 illitterati
1549 1402 1611 1429 aut
1630 1394 1870 1435 indoctiores,
1895 1404 2005 1439 quam
2020 1398 2059 1425 ut
2076 1392 2119 1425 de

1114 1451 1270 1490 musica,
1308 1448 1376 1483 boc
1402 1456 1472 1489 est,
1515 1448 1558 1481 de
1579 1447 1708 1480 litteris
1734 1453 1768 1480 et
1793 1443 1955 1480 honestis
1983 1443 2120 1477 artibus

1115 1509 1208 1536 recte
1226 1502 1386 1535 iudicare
1406 1500 1562 1546 possint;
1588 1511 1672 1532 nam
1693 1498 1731 1531 in
1748 1497 1861 1538 aulis,
1888 1504 1928 1531 ut
1943 1496 2120 1535 videmus,

1114 1555 1328 1600 plerumque
1352 1551 1594 1588 semilitterati
1611 1549 1827 1584 doctissimis
1844 1549 2119 1595 praeferuntur:

1115 1607 1196 1640 ideo
1228 1613 1356 1651 poetae
1388 1606 1570 1638 finxerunt
1595 1602 1736 1636 Midam
1768 1614 1913 1648 quoque
1945 1599 2121 1633 admirari

1115 1659 1347 1703 agrestiorem
1369 1656 1562 1695 musicam,
1590 1667 1655 1688 nec
1682 1655 1801 1687 favere
1819 1652 1993 1698 Apollini.
2049 1651 2120 1683 Ta-

1115 1711 1164 1744 les
1183 1710 1277 1743 enim
1303 1709 1424 1742 Midae
1449 1719 1533 1741 raro
1557 1707 1680 1739 favent
1705 1705 1851 1746 studiis,
1894 1704 2025 1750 quibus
2052 1703 2121 1747 ipsi

1115 1774 1189 1795 uon
1212 1767 1295 1795 suut
1325 1759 1470 1796 exculti;
1517 1770 1557 1791 ac
1584 1758 1712 1791 melius
1736 1757 1935 1791 diiudicare
1957 1760 2120 1799 possunt,

1115 1820 1154 1847 ut
1178 1814 1319 1857 clangat
1342 1812 1449 1852 tuba,
1492 1821 1603 1856 quam
1627 1816 1667 1843 ut
1692 1821 1865 1842 numerus
1891 1808 1928 1840 in
1954 1806 2119 1839 oratione

1116 1865 1170 1898 vel
1195 1865 1232 1897 in
1258 1877 1362 1897 versu
1388 1869 1469 1907 apte
1497 1862 1611 1895 cadat.
1684 1860 1865 1900 Antaeus,
1903 1855 2117 1904 Scytharum

1115 1929 1198 1958 rex,
1226 1917 1340 1949 fertur
1357 1915 1557 1954 dictitasse,
1585 1926 1621 1947 se
1639 1912 1752 1957 magis
1777 1910 1947 1945 delectari
1975 1907 2120 1943 hinnitu

1116 1981 1314 2015 equorum,
1357 1980 1466 2014 quam
1497 1972 1605 2000 cantu
1639 1971 1674 1998 et
1704 1961 1936 2009 symphonia.
2005 1960 2120 1995 Huius

57 2049 148 2083 urbe
165 2048 347 2088 abfuerat,
381 2047 531 2081 domum
554 2048 751 2081 revertenti
774 2053 808 2080 et
831 2047 954 2092 parari
981 2059 1060 2079 coe-
1087 2048 1089 2062 4
1116 2033 1219 2055 aures
1235 2019 1378 2054 aMusis
1396 2026 1467 2053 tam
1488 2018 1624 2051 alienas
1652 2024 1686 2050 et
1703 2014 1960 2054 abhorrentes,
1985 2012 2119 2059 quis⁷⁷)

1116 2086 1190 2107 uon
1222 2072 1381 2107 asininas
1416 2069 1571 2105 dixerit?
1642 2068 1741 2112 Ergo
1779 2080 1853 2102 non
1887 2065 2036 2101 dubium
2069 2072 2120 2098 est

1115 2124 1207 2159 hanc
1224 2125 1384 2159 fabulam
1405 2135 1479 2158 esse
1503 2122 1692 2156 confictam
1717 2121 1755 2154 in
1780 2119 1962 2165 principes
1990 2129 2118 2150 avaros

1115 2185 1150 2212 et
1173 2178 1360 2219 indoctos,
1401 2175 1531 2222 quibus
1552 2174 1667 2219 pluris
1691 2179 1744 2207 est
1770 2184 1899 2207 aurum
1926 2182 2035 2216 quam
2065 2181 2119 2203 sa-

1115 2230 1273 2276 pientia,
1323 2228 1478 2262 infantia
1515 2238 1623 2273 quam
1657 2225 1885 2271 eloquentia,
1935 2221 2121 2256 barbaries

1117 2295 1226 2330 quam
1244 2281 1413 2315 eruditio.
1461 2279 1588 2325 Neque
1605 2278 1703 2312 aliud
1723 2284 1807 2312 sunt
1823 2288 1927 2311 aures
1946 2274 2121 2313 asininae,

1117 2346 1208 2382 quae
1231 2334 1353 2368 Midae
1379 2332 1620 2376 affinguntur,
1662 2329 1732 2364 nisi
1763 2342 1867 2363 aures
1897 2326 2117 2361 ineruditae:

1117 2386 1257 2421 tametsi
1283 2385 1480 2420 earundem
1505 2382 1676 2427 allegoria
1702 2382 1817 2428 possit
1840 2380 1948 2416 etiam
1978 2379 2023 2412 ad
2050 2377 2120 2410 alia

1117 2438 1254 2473 referri.

1221 2489 1376 2524 Iustinus
1394 2488 1505 2522 refert
1529 2488 1575 2521 ad
1599 2487 1778 2521 delatores
1802 2492 1837 2519 et
1862 2484 2120 2529 exploratores,

1119 2555 1274 2590 quorum
1292 2547 1375 2576 sunt
1393 2540 1498 2575 multi
1512 2540 1549 2573 in
1571 2540 1662 2574 aulis
1676 2551 1821 2583 regum;
1856 2537 1906 2571 sic
1922 2535 2016 2570 enim
2035 2536 2119 2570 scri-

1152 2679 1200 2708 76)
1223 2677 1362 2702 Plutarch.
1381 2676 1413 2698 de
1434 2674 1578 2698 mulierum
1600 2671 1748 2696 virtutibus
1767 2676 1828 2701 cap.
1847 2669 1914 2700 ult.‚
1942 2668 1986 2693 ubi
2007 2669 2039 2692 de
2060 2667 2118 2698 Py-

1189 2714 1244 2737 thei
1265 2718 1348 2736 uxore
1368 2711 1490 2734 disserit.
1942 2707 1951 2716 ·

1154 2767 1202 2794 77)
1223 2766 1300 2796 quis]
1322 2764 1361 2787 sic
1382 2763 1464 2786 Editt.
1479 2761 1569 2787 1555.;
1594 2760 1642 2783 Ed.
1662 2758 1736 2783 1559.
1758 2758 1845 2782 male:
1874 2757 1945 2788 quia.

1548 2795 1594 2829 39
