2341 2973
187 134 259 172 155

286 220 363 254 Vss.
390 218 460 253 951
481 231 533 263 sq.
572 217 822 252 Conscendens
849 219 939 251 altos
962 230 1084 251 muros
1110 229 1184 249 non

183 273 258 318 cepi
269 272 314 317 ⁸¹)
332 271 468 304 urbem.
523 269 678 303 Multum
703 276 874 315 ceperunt
890 270 1022 303 Brutus
1051 275 1084 302 et
1102 268 1185 302 Cas-

182 326 273 362 sius,
302 323 360 355 sed
386 334 459 354 non
480 322 715 365 perfecerunt.
770 322 832 366 Sd)
858 322 922 366 hab
947 320 1185 366 ungespannen„

182 377 248 411 uni>
265 375 318 409 bin
338 372 422 418 nicht
437 372 649 418 fottgefaten.
703 373 765 406 Est
786 373 1024 417 proverbiale.

286 433 361 467 Vss.
381 431 456 467 955
473 446 524 478 sq.
554 432 708 466 Levibus
727 432 963 465 benefacienti
985 433 1056 465 duo
1082 437 1186 464 erunt

182 486 296 525 mala,
332 485 402 519 suis
427 485 531 518 rebus
558 484 762 523 orbabitur,
804 483 1031 523 viduabitur,
1067 483 1186 527 priva-

182 538 278 571 bitur
296 536 436 575 multis,
466 543 499 569 et
516 536 612 568 nulla
632 535 758 579 gratia.

287 596 363 629 Vss.
390 594 465 628 957
482 608 534 639 sq.
578 594 614 627 Si
643 593 816 626 beneficio
841 606 876 627 es
904 594 1048 628 affectus
1073 606 1092 626 a
1117 606 1186 633 me,

184 655 218 682 et
234 660 307 680 non
328 647 395 680 eris
416 652 557 690 gratus,
586 646 749 688 indigens
768 658 890 679 rursus
910 647 1029 680 venies
1055 647 1097 677 ad
1123 657 1186 677 no-

182 707 292 734 stram
314 700 479 735 domum3
515 697 575 730 sed
602 695 691 729 nihil
709 698 821 737 dabo,
850 697 886 729 id
905 705 974 738 est,
1000 704 1187 730 mutantur

184 750 289 784 amici
308 749 533 792 introspectis
551 748 711 792 ipsorum
735 748 884 782 naturis.

286 808 363 843 Vss.
390 807 621 842 959—962.
661 807 714 840 Eo
740 820 852 852 usque
875 808 988 841 donec
1017 809 1091 852 ipse
1113 807 1187 840 bibi

184 875 201 894 a
220 862 316 893 fonte
335 860 471 905 liquido
485 885 493 898 ‚
522 859 710 892 videbatur
730 871 822 904 aqua
843 860 953 893 dulcis
973 872 1064 899 esse,
1092 871 1188 893 nunc

183 913 323 946 turbata
345 918 397 944 est
415 923 527 955 aqua,
554 911 722 944 miscetur
741 923 872 951 coeno,
901 912 1021 944 bibam
1049 924 1090 944 ex
1115 911 1186 944 alio
1213 926 1215 948 ς

182 961 322 1010 fonte,]
358 962 393 995 id
420 968 490 1001 est,
536 969 728 1007 postquam
765 962 869 995 video
898 963 1058 997 animum
1084 969 1186 996 tuum

183 1016 399 1054 alienatum,
442 1013 562 1047 dissuo
597 1013 803 1047 amicitiam.
883 1014 975 1047 Ama
1011 1021 1185 1060 tanquam

184 1079 329 1106 osurus,
359 1072 392 1098 et
410 1065 527 1097 oderis
546 1071 716 1110 tanquam
737 1071 932 1099 amaturus.

287 1126 363 1159 Vss.
392 1124 466 1158 963
483 1137 561 1170 sqq.
607 1125 777 1170 Sequitur
809 1131 1038 1170 praeceptum
1065 1125 1187 1170 provi-

185 1178 325 1211 dentiae
345 1184 378 1209 et
395 1176 612 1221 diligentiae.

284 1234 608 1270 Vss.963—965.
636 1235 718 1269 Non
736 1236 878 1276 laudes,
913 1237 1028 1281 qualis
1053 1236 1098 1270 sit
1122 1236 1187 1269 im-

183 1295 286 1334 petu,
327 1287 576 1320 moderatione
600 1294 634 1319 et
657 1288 835 1327 moribus,
878 1287 945 1321 nisi
968 1301 1047 1321 cum
1074 1289 1187 1320 intro-

182 1340 349 1385 spexeriS.
403 1339 582 1383 Perspice,
612 1339 715 1371 multi
736 1337 870 1372 habent
888 1352 1024 1372 morem
1041 1340 1187 1373 simula-

181 1399 278 1431 tum,
307 1388 551 1437 insidiosum]
582 1390 687 1423 Multi
705 1403 740 1424 se
761 1392 961 1434 adiungunt
985 1391 1081 1431 aliis,
1110 1397 1188 1423 tan-

182 1451 257 1477 tum
278 1449 316 1475 ut
335 1442 581 1486 expiscantur‚
607 1448 640 1474 et
658 1449 779 1486 postea
798 1444 954 1487 prodant
972 1450 1006 1476 et
1023 1444 1187 1487 perdant.
1214 1470 1215 1476 ,

285 1501 345 1535 Vs.
362 1501 448 1535 966.
477 1501 648 1535 Animum
666 1502 772 1536 unius
789 1502 858 1535 diei
871 1500 899 1550 ,]
936 1503 972 1536 id
999 1510 1068 1544 est,
1104 1509 1188 1536 sunt
1213 1515 1216 1522 ¹

184 1554 288 1588 amici
306 1554 411 1586 unius
433 1553 514 1586 diei.

288 1612 348 1646 Vs.
372 1612 457 1646 967.
503 1612 641 1645 Horum
676 1614 838 1646 omnium
864 1626 1001 1647 morem
1032 1614 1188 1648 ostendit

183 1666 352 1709 tempus]
381 1663 522 1697 Veritas
541 1664 712 1708 temporis
728 1665 810 1698 filia.
862 1665 1035 1698 Simulata
1055 1667 1187 1699 durant

183 1717 463 1762 aliquantisper,
509 1717 569 1748 sed
594 1728 667 1748 non
692 1722 775 1749 sunt
800 1716 990 1757 diuturna,
1032 1717 1110 1750 ficta
1141 1719 1186 1750 ad
1213 1742 1215 1757 ÷

183 1782 282 1802 suam
301 1774 489 1806 naturam,
518 1768 586 1799 cito
604 1769 767 1801 redeunt.

287 1827 364 1861 Vss.
391 1826 620 1861 968—970.
656 1827 734 1871 Ego
761 1840 904 1874 quoque
927 1840 1031 1873 saepe
1057 1829 1187 1869 erravi,

184 1879 445 1924 praeoccupavi
481 1879 653 1919 laudans,
706 1880 741 1911 id
778 1886 848 1920 est,
893 1880 992 1924 prius
1029 1881 1187 1921 laudavi,

184 1932 392 1975 priusquam
421 1942 669 1973 cognoscerem
696 1944 813 1965 mores
839 1938 935 1972 tuos,
977 1945 1072 1965 nunc
1098 1932 1188 1966 sicut

774 131 897 166 PHIL.
933 130 1046 165 MEL.
1075 129 1277 164 SCRIPTA
1311 127 1649 163 PHILOLOGICA.

2167 125 2240 162 156

1238 215 1386 260 gebatur
1404 214 1557 248 famulus
1575 227 1653 247 eum
1674 220 1829 257 gestare,
1858 225 1938 245 cuin
1956 219 2178 256 aegrotaret,
2206 218 2242 246 et

1238 274 1422 312 praeterea
1441 278 1515 298 non
1531 266 1591 299 diu
1610 266 1786 298 retinebat
1811 276 1922 297 unum
1946 264 2118 297 famulum
2132 291 2140 304 ,
2177 265 2240 298 sed

1238 319 1387 352 subinde
1405 330 1518 350 novos
1539 315 1714 357 habebat,
1748 328 1792 349 ne
1816 315 1844 349 si
1869 328 1961 349 unus
1987 315 2115 360 aliquis
2140 316 2241 348 fieret

1238 370 1305 414 ipsi
1322 369 1556 408 familiarior,
1585 369 1802 412 obligaretur
1821 367 1870 407 ei,
1906 373 1940 399 et
1966 373 2152 410 cogeretur
2176 366 2240 399 ali-

1240 421 1325 467 quid
1341 422 1425 453 dare
1444 418 1749 453 honorificentius.
1784 417 1815 452 ls
1832 419 1977 464 quando
1995 418 2097 451 valde
2115 429 2240 461 aegro-

1239 473 1355 512 tabat,
1384 472 1529 505 iubebat
1554 471 1686 504 adferri
1711 470 1843 515 pelvim
1871 471 2013 514 plenam
2042 469 2179 509 aureis,
2205 475 2241 502 et

1240 524 1425 558 volutabat
1443 536 1569 557 manus
1588 523 1623 555 in
1642 535 1750 562 auro,
1778 528 1812 554 et
1830 521 1896 555 isto
1912 522 2113 566 spectaculo
2131 520 2240 553 lenie-

1240 576 1300 608 bat
1322 588 1402 609 suas
1428 575 1600 608 miserias.
1668 573 1758 607 Cum
1792 579 1842 606 est
1868 580 2049 613 mortuus,
2092 571 2239 617 reliquit

1241 628 1394 671 amplius
1411 627 1507 660 XXX
1524 626 1679 659 millibus
1699 637 1890 658 aureorum
1911 624 2104 668 pecuniae,
2131 635 2242 669 quam

1213 702 1215 706 »
1240 679 1307 712 sibi
1323 679 1531 711 dividebant
1546 678 1730 712 Palatinus
1748 683 1781 709 et
1801 675 1987 720 episcopus
2003 673 2242 708 Trevirensis.

1212 745 1215 755 ¹
1241 730 1327 763 Tria
1348 731 1458 763 millia
1477 731 1655 762 dabantur
1671 729 1779 773 ipsius
1798 727 1978 771 cognatis,
2013 726 2051 770 ist
2066 728 2162 770 eben!
2186 727 2241 762 αἷὸ

1240 791 1336 818 menn
1365 792 1443 818 man
1475 784 1535 817 bae
1563 780 1644 816 esest
1677 782 1711 816 in
1744 780 1901 816 eloacam
1932 778 2107 824 gemotffen
2143 779 2241 823 bette.

1240 833 1419 877 Episcopo
1436 832 1643 867 Trevireusi
1660 831 1750 865 nibil
1767 832 1851 865 satis
1875 837 1963 864 erat.
2025 831 2105 866 Ώαῧ
2127 830 2164 874 ist
2187 834 2243 867 bet·

1241 885 1472 929 Ztevitensiss,
1508 885 1569 931 qui
1587 890 1771 928 acceperat
1800 882 1989 927 pecuniam
2014 894 2033 914 a
2050 882 2175 921 Gallo,
2203 887 2245 914 ut

1241 937 1431 970 inclinaret
1456 950 1535 970 emn
1563 937 1599 968 in
1624 936 1794 968 electione
1827 934 2056 978 imperatoris
2089 934 2133 965 ad
2158 933 2244 966 Gal-

1241 989 1335 1029 lum,
1363 991 1417 1025 bet
1440 997 1511 1024 mat
1534 990 1589 1024 bess
1607 988 1766 1024 §anonici
1781 987 1886 1028 &rba
1917 992 1950 1018 et
1972 992 2011 1018 ut
2034 991 2154 1029 posset
2177 981 2252 1017 ho:

1240 1046 1337 1073 neste
1354 1040 1449 1080 fieri,
1477 1040 1696 1082 adiungebat
1714 1039 1781 1073 sibi
1805 1039 1941 1071 bonum
1965 1039 2084 1070 senem
2108 1035 2243 1069 Palati-

1239 1104 1347 1131 num,
1377 1091 1438 1136 qui
1456 1092 1562 1123 etiam
1583 1091 1735 1123 libenter
1753 1089 1948 1134 accipiebat
1971 1087 2181 1133 pecuniam,
2208 1097 2243 1122 et

1239 1144 1366 1190 fdflugss
1383 1141 1460 1188 aud)
1476 1143 1559 1186 nid>t
1576 1145 1652 1177 ciue.

1345 1201 1420 1236 Vss.
1438 1202 1510 1236 971
1528 1216 1605 1248 sqq.
1641 1202 1848 1248 Sequuntur
1864 1200 2061 1235 sententiae
2079 1200 2243 1243 vulgares

1240 1256 1283 1287 de
1305 1254 1560 1288 certaminibus
1579 1253 1863 1298 compotantium
1883 1259 1916 1286 et
1941 1252 2020 1285 aliis
2048 1257 2134 1292 etc.,
2165 1250 2244 1296 qui-

1240 1307 1305 1339 bus
1323 1318 1397 1338 non
1417 1318 1506 1350 opus
1525 1312 1576 1339 est
1593 1305 1792 1338 immorari.

1343 1365 1420 1399 Vss.
1448 1365 1520 1398 971
1552 1378 1603 1410 sq.
1640 1365 1741 1409 Quae
1764 1364 1876 1396 virtus
1901 1369 1951 1396 est
1975 1363 2114 1396 auferre
2139 1373 2245 1406 prae-

1240 1417 1352 1450 mium
1371 1416 1566 1461 potationis
1577 1417 1590 1449 ἰ’
1620 1428 1710 1461 quae
1731 1422 1782 1449 est
1798 1415 1924 1459 gloria,
1953 1415 2097 1459 quando
2115 1413 2244 1458 aliquis

1241 1469 1352 1501 vincit
1383 1469 1421 1501 in
1453 1468 1720 1513 computando?
1761 1479 1866 1511 saepe
1892 1466 2003 1499 vincit
2032 1465 2148 1498 malus
2180 1465 2246 1498 bo·

1241 1518 1361 1567 num.]
1390 1520 1524 1553 Fruere
1543 1527 1676 1560 aetate,
1702 1521 1786 1553 dum
1807 1518 2027 1552 conceditur.
2055 1515 2155 1550 Vade
2172 1516 2244 1549 lae-

1241 1579 1316 1605 tare
1340 1585 1420 1605 cum
1446 1572 1708 1605 adolescentula
1733 1570 1894 1614 coniuge.
1958 1568 2134 1609 Utamur,
2169 1579 2245 1600 non

1241 1625 1432 1657 abutamur
1449 1624 1551 1657 donis
1578 1623 1728 1664 divinis,
1764 1628 1857 1656 recte
1882 1628 2048 1660 utamur,
2083 1631 2158 1653 non
2183 1620 2245 1652 ab·

1240 1682 1398 1709 utamur.

1343 1735 1420 1769 Vss.
1449 1734 1678 1768 973-978,
1721 1733 1848 1767 Nullus
1882 1729 2094 1771 hominum,
2135 1743 2244 1776 quem

1241 1793 1431 1832 postquam
1459 1793 1551 1819 terra
1577 1793 1689 1829 teget,
1733 1792 1767 1818 et
1791 1785 1981 1818 descendet
2010 1784 2053 1815 ad
2072 1782 2245 1823 Erebum,

1241 1839 1275 1871 id
1294 1845 1364 1879 est,
1392 1839 1511 1871 lucum
1530 1839 1755 1871 tenebrosum
1768 1864 1776 1877 ,
1805 1836 2002 1869 delectatur
2018 1834 2166 1867 audiens
2182 1845 2244 1866 ne-

1241 1905 1309 1937 que
1328 1892 1442 1936 lyram
1468 1903 1584 1936 neque
1612 1890 1815 1929 tibicinem,
1849 1899 1964 1932 neque
1990 1887 2118 1921 tollens
2146 1889 2242 1920 dona

1213 1939 1215 1946 ’
1240 1941 1384 1977 Bacchi.
1421 1942 1640 1975 Demulcebo
1655 1954 1728 1981 cor,
1745 1939 1896 1986 (Paulus
1916 1940 1957 1970 ad
1970 1938 2087 1973 Galat.
2101 1938 2242 1985 1‚(10.)

184 1983 287 2015 navis
306 1982 429 2025 procul
448 1980 618 2029 refugio]
646 1983 743 2016 Sicut
761 1983 862 2017 navis
879 1984 967 2016 vitat
988 1985 1187 2028 scopulum,
1213 1985 1215 2025 ξ
1240 1993 1362 2029 πάθω
1389 1991 1636 2039 ἀνθρώπους,
1680 1992 1716 2025 id
1741 1998 1810 2031 est,
1847 1990 1999 2029 delinio,
2043 1991 2243 2031 demulceo,

184 2035 232 2067 ita
256 2040 290 2066 et
305 2045 369 2076 ego
387 2034 472 2067 tales
490 2032 653 2068 homines
672 2034 758 2068 vito.

1241 2046 1393 2079 concilio
1423 2044 1511 2078 mihi
1538 2045 1653 2078 Deum
1682 2056 1727 2076 an
1751 2041 1953 2089 hominem)
1981 2054 2056 2075 non
2085 2049 2241 2076 tremens

286 2084 371 2117 Fuit
391 2085 591 2119 Canonicus
614 2085 912 2126 WorrnatiensiQ
950 2084 1060 2120 bomo
1086 2087 1188 2120 nobi-
1213 2109 1215 2131 i
1241 2104 1357 2142 caput,

186 2136 228 2169 lis
255 2136 473 2175 curiis-anus,
509 2137 669 2181 sapiens,
706 2139 756 2173 ein
781 2137 952 2183 trefflldyet
969 2138 1079 2181 Σῦῖαη,
1108 2139 1187 2174 &lh
1212 2181 1215 2192 t

185 2187 373 2232 berbetget3
401 2195 451 2220 est
467 2189 598 2220 l'amilia
620 2190 749 2223 nobilis
774 2191 809 2222 in
836 2190 1042 2234 episcopatu
1061 2191 1188 2223 Trevi-

186 2239 300 2276 rensi;
330 2252 393 2283 ego
414 2239 497 2271 novi
516 2252 615 2279 eum,
644 2254 746 2284 saepe
764 2242 930 2274 veniebat
952 2243 995 2274 ad
1022 2255 1086 2276 nos
1105 2242 1187 2275 Hei-

186 2291 392 2334 delbergae,
422 2291 468 2323 ibi
495 2298 571 2323 erat
595 2289 722 2335 liospes
748 2293 924 2333 doctoris,
960 2295 1053 2338 apud
1080 2306 1185 2339 quem

186 2354 251 2385 ego
278 2354 387 2375 eram.
457 2342 544 2375 Erat
569 2341 796 2388 ἂρθρητικὸς
821 2351 854 2377 et
881 2345 1112 2389 podagricus,
1154 2353 1188 2379 et

187 2399 264 2425 erat
282 2394 383 2425 valde
405 2393 520 2433 dives,
549 2392 703 2427 babebat
729 2408 868 2429 annuos
893 2398 1027 2431 reditus
1049 2397 1187 2443 aliquot

186 2444 318 2484 millia,
352 2445 433 2490 quia
466 2453 627 2478 creverat
652 2446 789 2479 Romae
816 2460 856 2480 ex
882 2449 1001 2483 multis
1024 2451 1187 2483 sacerdo—

188 2495 266 2535 tiis,
291 2502 411 2528 tamen
429 2497 475 2529 ita
495 2510 620 2541 parcus
639 2504 732 2538 erat,
761 2505 888 2531 utnon
913 2497 1060 2533 liaberet
1084 2502 1187 2534 fami-

186 2546 270 2578 liam
283 2572 292 2586 ,
319 2559 391 2579 non
409 2549 583 2593 coquebat
600 2549 717 2589 domi,
745 2562 818 2582 non
838 2548 991 2584 babebat
1008 2552 1187 2593 ancillam,

187 2598 247 2630 sed
265 2604 402 2630 tantum
422 2600 614 2640 saumlum,
643 2613 749 2646 quem
770 2602 860 2634 male
886 2603 1077 2638 cruciabat.
1120 2604 1187 2637 Co-

222 2747 270 2778 81)
291 2747 362 2779 cepi]
385 2749 425 2772 sic
442 2750 540 2780 scripsi
561 2750 606 2781 (=
623 2752 742 2783 Theogn.
761 2749 921 2784 cudunt-‘ak
947 2753 996 2778 Ed.
1014 2754 1086 2778 1560.
1105 2754 1186 2784 cepit.
1211 2766 1212 2769 ¹

1344 2157 1420 2191 Vss.
1436 2156 1510 2189 979
1528 2169 1604 2201 sqq.
1634 2154 1705 2201 ,Μή
1721 2168 1783 2201 μοι
1804 2152 1918 2203 ἀνὴρ]
1937 2155 1990 2189 De
2006 2155 2137 2189 fucosis
2153 2155 2241 2188 ami-

1241 2210 1342 2243 citiis.
1397 2208 1608 2241 Maledictus
1625 2205 1754 2247 bomo,
1784 2207 1843 2252 qui
1861 2208 2008 2241 conlidit
2031 2207 2066 2240 in
2090 2205 2240 2240 brachio

1241 2261 1375 2300 carnis,
1405 2267 1438 2293 ct
1456 2261 1490 2292 in
1508 2258 1652 2293 homine
1669 2266 1732 2293 etc.
1775 2255 1960 2306 Nusquai'n
1978 2266 2052 2293 tuta
2071 2261 2155 2293 fides
2174 2265 2240 2293 etc.

1239 2314 1285 2347 Et
1301 2314 1461 2352 studeat,
1491 2310 1577 2344 mihi
1596 2324 1698 2355 opem
1717 2312 1818 2345 serat.

1343 2373 1420 2407 Vss.
1447 2372 1521 2406 980
1538 2392 1588 2398 —
1606 2372 1691 2407 982.
1731 2372 1924 2417 Nunquam
1951 2377 2106 2416 utroque
2130 2371 2239 2404 modo

1242 2426 1405 2459 manibus
1422 2432 1455 2458 et
1474 2425 1620 2468 pecunia
1633 2451 1640 2463 ‚
1671 2437 1786 2470 neque
1804 2425 1847 2456 ad
1869 2423 1993 2468 pocula
2011 2423 2239 2456 sermonibus

1241 2479 1408 2515 delectet,
1450 2478 1509 2510 sed
1545 2477 1674 2509 faciens
1707 2476 1870 2509 ostendat
1891 2475 1928 2507 in
1956 2471 2162 2521 conviviis]
2199 2472 2240 2506 ln

1241 2529 1412 2563 conviviis
1429 2530 1596 2562 debemus
1615 2527 1805 2561 convenire
1823 2526 1951 2559 animis
1970 2538 2042 2558 non
2058 2525 2190 2559 infestis
2205 2531 2240 2558 et

1240 2581 1405 2615 inimicis.
1458 2581 1550 2613 Boni
1571 2578 1734 2613 homines
1761 2579 1905 2623 quando
1931 2583 2095 2610 exercent
2120 2575 2239 2609 inimi-

1240 2633 1340 2667 citias
1366 2633 1418 2665 vel
1446 2633 1639 2671 sustinent,
1676 2630 1737 2676 qui
1769 2636 1887 2662 tamen
1914 2627 2046 2662 babent
2072 2634 2238 2674 paratum

1239 2685 1399 2718 animum
1418 2686 1460 2716 ad
1477 2684 1721 2721 sanationem,
1750 2681 1928 2714 abstinent
1945 2693 1962 2713 a
1985 2680 2239 2713 communione

1239 2749 1370 2770 coenae
1397 2736 1557 2770 Domini.
1618 2734 1741 2768 Mensa
1772 2732 1971 2766 communis
2004 2732 2070 2766 suit
2096 2731 2239 2776 signum
