<?xml version="1.0" encoding="UTF-8"?>
<!DOCTYPE html PUBLIC "-//W3C//DTD XHTML 1.0 Transitional//EN"
    "http://www.w3.org/TR/xhtml1/DTD/xhtml1-transitional.dtd">
<html xmlns="http://www.w3.org/1999/xhtml" xml:lang="en" lang="en">
 <head>
  <title>
</title>
<meta http-equiv="Content-Type" content="text/html;charset=utf-8" />
  <meta name='ocr-system' content='tesseract 3.04.00' />
  <meta name='ocr-capabilities' content='ocr_page ocr_carea ocr_par ocr_line ocrx_word'/>
</head>
<body>
  <div class='ocr_page' id='page_1' title='image "./operaquaesupersu19melauoft_0198.png"; bbox 0 0 2341 2973; ppageno 0'>
   <div class='ocr_carea' id='block_1_1' title="bbox 205 122 277 157">
    <p class='ocr_par' dir='ltr' id='par_1_1' title="bbox 205 122 277 157">
     <span class='ocr_line' id='line_1_1' title="bbox 205 122 277 157; baseline -0.014 0"><span class='ocrx_word' id='word_1_1' title='bbox 205 122 277 157; x_wconf 85' lang='lat'>371</span> 
     </span>
    </p>
   </div>
   <div class='ocr_carea' id='block_1_2' title="bbox 309 200 1203 249">
    <p class='ocr_par' dir='ltr' id='par_1_2' title="bbox 309 200 1203 249">
     <span class='ocr_line' id='line_1_2' title="bbox 309 200 1203 249; baseline 0 -13"><span class='ocrx_word' id='word_1_2' title='bbox 309 206 368 239; x_wconf 67' lang='lat' dir='ltr'>Vs.</span> <span class='ocrx_word' id='word_1_3' title='bbox 386 207 472 239; x_wconf 81' lang='lat'>232.</span> <span class='ocrx_word' id='word_1_4' title='bbox 502 200 629 249; x_wconf 66' lang='lat' dir='ltr'>Reye&#39;t]</span> <span class='ocrx_word' id='word_1_5' title='bbox 663 202 786 242; x_wconf 77' lang='lat' dir='ltr'>idest,</span> <span class='ocrx_word' id='word_1_6' title='bbox 815 210 1002 247; x_wconf 80' lang='lat' dir='ltr'>propterea</span> <span class='ocrx_word' id='word_1_7' title='bbox 1035 203 1203 237; x_wconf 87' lang='lat' dir='ltr'>distribu-</span> 
     </span>
    </p>
   </div>
   <div class='ocr_carea' id='block_1_3' title="bbox 207 254 2256 300">
    <p class='ocr_par' dir='ltr' id='par_1_3' title="bbox 207 254 2256 300">
     <span class='ocr_line' id='line_1_3' title="bbox 207 254 2256 300; baseline 0 -10"><span class='ocrx_word' id='word_1_8' title='bbox 207 265 263 290; x_wconf 84' lang='lat' dir='ltr'>tae</span> <span class='ocrx_word' id='word_1_9' title='bbox 290 263 371 290; x_wconf 82' lang='lat' dir='ltr'>sunt</span> <span class='ocrx_word' id='word_1_10' title='bbox 399 256 490 289; x_wconf 65' lang='lat' dir='ltr'>vices</span> <span class='ocrx_word' id='word_1_11' title='bbox 515 262 548 288; x_wconf 87' lang='lat' dir='ltr'>et</span> <span class='ocrx_word' id='word_1_12' title='bbox 569 266 689 287; x_wconf 88' lang='lat' dir='ltr'>rursus</span> <span class='ocrx_word' id='word_1_13' title='bbox 708 255 863 287; x_wconf 80' lang='lat' dir='ltr'>ordinati</span> <span class='ocrx_word' id='word_1_14' title='bbox 882 255 965 288; x_wconf 85' lang='lat' dir='ltr'>solis</span> <span class='ocrx_word' id='word_1_15' title='bbox 988 260 1020 286; x_wconf 82' lang='lat' dir='ltr'>et</span> <span class='ocrx_word' id='word_1_16' title='bbox 1048 254 1204 300; x_wconf 86' lang='lat' dir='ltr'>reliquo-</span> <span class='ocrx_word' id='word_1_17' title='bbox 1229 255 1231 295; x_wconf 62' lang='lat' dir='ltr'>l</span> <span class='ocrx_word' id='word_1_18' title='bbox 1257 261 1341 287; x_wconf 82' lang='lat' dir='ltr'>tunc</span> <span class='ocrx_word' id='word_1_19' title='bbox 1371 255 1400 296; x_wconf 60' lang='lat' dir='ltr'>J)</span> <span class='ocrx_word' id='word_1_20' title='bbox 1417 254 1579 297; x_wconf 82' lang='lat' dir='ltr'>pervenit</span> <span class='ocrx_word' id='word_1_21' title='bbox 1598 254 1635 286; x_wconf 88' lang='lat' dir='ltr'>in</span> <span class='ocrx_word' id='word_1_22' title='bbox 1653 256 1871 288; x_wconf 87' lang='lat' dir='ltr'>contrarium</span> <span class='ocrx_word' id='word_1_23' title='bbox 1890 255 2050 300; x_wconf 80' lang='lat' dir='ltr'>signum,</span> <span class='ocrx_word' id='word_1_24' title='bbox 2076 264 2115 290; x_wconf 86' lang='lat' dir='ltr'>nt</span> <span class='ocrx_word' id='word_1_25' title='bbox 2139 269 2256 291; x_wconf 83' lang='lat' dir='ltr'>exem-</span> 
     </span>
    </p>
   </div>
   <div class='ocr_carea' id='block_1_4' title="bbox 207 306 1206 606">
    <p class='ocr_par' dir='ltr' id='par_1_4' title="bbox 207 306 1205 391">
     <span class='ocr_line' id='line_1_4' title="bbox 207 306 1205 349; baseline -0.003 -8"><span class='ocrx_word' id='word_1_26' title='bbox 207 320 285 341; x_wconf 86' lang='lat' dir='ltr'>rum</span> <span class='ocrx_word' id='word_1_27' title='bbox 318 307 473 339; x_wconf 80' lang='lat' dir='ltr'>siderum</span> <span class='ocrx_word' id='word_1_28' title='bbox 489 333 497 346; x_wconf 88' lang='lat'><em>‚</em></span> <span class='ocrx_word' id='word_1_29' title='bbox 543 312 582 339; x_wconf 84' lang='lat' dir='ltr'>ut</span> <span class='ocrx_word' id='word_1_30' title='bbox 612 311 811 349; x_wconf 81' lang='lat' dir='ltr'>temperent</span> <span class='ocrx_word' id='word_1_31' title='bbox 850 306 952 338; x_wconf 86' lang='lat' dir='ltr'>nobis</span> <span class='ocrx_word' id='word_1_32' title='bbox 985 317 1124 345; x_wconf 89' lang='lat' dir='ltr'>aerem,</span> <span class='ocrx_word' id='word_1_33' title='bbox 1166 312 1205 339; x_wconf 87' lang='lat' dir='ltr'>ut</span> 
     </span>
     <span class='ocr_line' id='line_1_5' title="bbox 208 358 584 391; baseline -0.003 0"><span class='ocrx_word' id='word_1_34' title='bbox 208 366 300 391; x_wconf 79' lang='lat' dir='ltr'>terra</span> <span class='ocrx_word' id='word_1_35' title='bbox 318 359 378 390; x_wconf 76' lang='lat' dir='ltr'>fiat</span> <span class='ocrx_word' id='word_1_36' title='bbox 398 358 584 391; x_wconf 71' lang='lat' dir='ltr'>foecunda.</span> 
     </span>
    </p>

    <p class='ocr_par' dir='ltr' id='par_1_5' title="bbox 208 405 1206 606">
     <span class='ocr_line' id='line_1_6' title="bbox 310 405 1204 453; baseline -0.004 -11"><span class='ocrx_word' id='word_1_37' title='bbox 310 408 369 442; x_wconf 66' lang='lat' dir='ltr'>Vs.</span> <span class='ocrx_word' id='word_1_38' title='bbox 386 409 473 444; x_wconf 83' lang='grc'><strong>233.</strong></span> <span class='ocrx_word' id='word_1_39' title='bbox 530 405 696 453; x_wconf 69' lang='grc' dir='ltr'>ριιιινιιιη]</span> <span class='ocrx_word' id='word_1_40' title='bbox 726 406 927 439; x_wconf 84' lang='lat' dir='ltr'>Discrimen</span> <span class='ocrx_word' id='word_1_41' title='bbox 943 418 1005 439; x_wconf 82' lang='lat' dir='ltr'>seu</span> <span class='ocrx_word' id='word_1_42' title='bbox 1024 405 1204 439; x_wconf 84' lang='lat' dir='ltr'>distinctio</span> 
     </span>
     <span class='ocr_line' id='line_1_7' title="bbox 209 455 1205 503; baseline -0.005 -10"><span class='ocrx_word' id='word_1_43' title='bbox 209 471 377 503; x_wconf 79' lang='lat' dir='ltr'>agrorum</span> <span class='ocrx_word' id='word_1_44' title='bbox 403 467 437 493; x_wconf 86' lang='lat' dir='ltr'>et</span> <span class='ocrx_word' id='word_1_45' title='bbox 458 461 618 492; x_wconf 87' lang='lat' dir='ltr'>locorum</span> <span class='ocrx_word' id='word_1_46' title='bbox 639 457 887 490; x_wconf 81' lang='lat' dir='ltr'>habitabilium</span> <span class='ocrx_word' id='word_1_47' title='bbox 914 463 948 489; x_wconf 88' lang='lat' dir='ltr'>et</span> <span class='ocrx_word' id='word_1_48' title='bbox 968 469 1042 489; x_wconf 91' lang='lat' dir='ltr'>non</span> <span class='ocrx_word' id='word_1_49' title='bbox 1066 455 1205 489; x_wconf 79' lang='lat' dir='ltr'>liabita-</span> 
     </span>
     <span class='ocr_line' id='line_1_8' title="bbox 208 507 1205 553; baseline -0.004 -9"><span class='ocrx_word' id='word_1_50' title='bbox 208 512 346 545; x_wconf 86' lang='lat' dir='ltr'>bilinm.</span> <span class='ocrx_word' id='word_1_51' title='bbox 374 511 419 544; x_wconf 85' lang='lat' dir='ltr'>Et</span> <span class='ocrx_word' id='word_1_52' title='bbox 435 523 552 549; x_wconf 84' lang='lat' dir='ltr'>causa,</span> <span class='ocrx_word' id='word_1_53' title='bbox 568 521 630 542; x_wconf 87' lang='lat' dir='ltr'>cur</span> <span class='ocrx_word' id='word_1_54' title='bbox 646 520 719 540; x_wconf 87' lang='lat' dir='ltr'>non</span> <span class='ocrx_word' id='word_1_55' title='bbox 736 507 914 551; x_wconf 59' lang='lat' dir='ltr'>possints)</span> <span class='ocrx_word' id='word_1_56' title='bbox 931 509 1108 553; x_wconf 79' lang='lat' dir='ltr'>quaedam</span> <span class='ocrx_word' id='word_1_57' title='bbox 1128 508 1205 541; x_wconf 85' lang='lat' dir='ltr'>loca</span> 
     </span>
     <span class='ocr_line' id='line_1_9' title="bbox 210 556 1206 606; baseline -0.005 -10"><span class='ocrx_word' id='word_1_58' title='bbox 210 561 384 601; x_wconf 78' lang='lat' dir='ltr'>habitari,</span> <span class='ocrx_word' id='word_1_59' title='bbox 409 569 528 594; x_wconf 81' lang='lat' dir='ltr'>tamen</span> <span class='ocrx_word' id='word_1_60' title='bbox 546 567 597 593; x_wconf 88' lang='lat' dir='ltr'>est</span> <span class='ocrx_word' id='word_1_61' title='bbox 612 572 630 591; x_wconf 89' lang='lat' dir='ltr'>a</span> <span class='ocrx_word' id='word_1_62' title='bbox 652 560 763 592; x_wconf 85' lang='lat' dir='ltr'>coelo.</span> <span class='ocrx_word' id='word_1_63' title='bbox 823 556 915 606; x_wconf 81' lang='lat' dir='ltr'>Una]</span> <span class='ocrx_word' id='word_1_64' title='bbox 934 559 968 591; x_wconf 92' lang='lat' dir='ltr'>id</span> <span class='ocrx_word' id='word_1_65' title='bbox 988 565 1051 599; x_wconf 85' lang='lat' dir='ltr'>est,</span> <span class='ocrx_word' id='word_1_66' title='bbox 1076 559 1206 592; x_wconf 82' lang='lat' dir='ltr'>media.</span> 
     </span>
    </p>
   </div>
   <div class='ocr_carea' id='block_1_5' title="bbox 795 115 1674 152">
    <p class='ocr_par' dir='ltr' id='par_1_6' title="bbox 795 115 1674 152">
     <span class='ocr_line' id='line_1_10' title="bbox 795 115 1674 152; baseline 0.001 -1"><span class='ocrx_word' id='word_1_67' title='bbox 795 116 917 152; x_wconf 91' lang='lat' dir='ltr'>PHlL.</span> <span class='ocrx_word' id='word_1_68' title='bbox 954 115 1066 151; x_wconf 83' lang='lat' dir='ltr'>MEL.</span> <span class='ocrx_word' id='word_1_69' title='bbox 1102 115 1303 151; x_wconf 81' lang='lat' dir='ltr'>SCRIPTA</span> <span class='ocrx_word' id='word_1_70' title='bbox 1337 115 1674 152; x_wconf 83' lang='lat' dir='ltr'>PHILOLOGICA.</span> 
     </span>
    </p>
   </div>
   <div class='ocr_carea' id='block_1_6' title="bbox 2181 120 2256 158">
    <p class='ocr_par' dir='ltr' id='par_1_7' title="bbox 2181 120 2256 158">
     <span class='ocr_line' id='line_1_11' title="bbox 2181 120 2256 158; baseline 0.04 -4"><span class='ocrx_word' id='word_1_71' title='bbox 2181 120 2256 158; x_wconf 84' lang='grc'><strong>372</strong></span> 
     </span>
    </p>
   </div>
   <div class='ocr_carea' id='block_1_7' title="bbox 1228 200 2254 252">
    <p class='ocr_par' dir='ltr' id='par_1_8' title="bbox 1228 200 2254 252">
     <span class='ocr_line' id='line_1_12' title="bbox 1228 200 2254 252; baseline 0.004 -16"><span class='ocrx_word' id='word_1_72' title='bbox 1228 221 1231 247; x_wconf 67' lang='lat' dir='ltr'><em>g</em></span> <span class='ocrx_word' id='word_1_73' title='bbox 1256 215 1338 236; x_wconf 85' lang='lat' dir='ltr'>nem</span> <span class='ocrx_word' id='word_1_74' title='bbox 1367 200 1570 247; x_wconf 81' lang='lat' dir='ltr'>physicam,</span> <span class='ocrx_word' id='word_1_75' title='bbox 1598 210 1638 236; x_wconf 87' lang='lat' dir='ltr'>nt</span> <span class='ocrx_word' id='word_1_76' title='bbox 1665 203 1816 248; x_wconf 86' lang='lat' dir='ltr'>septimo</span> <span class='ocrx_word' id='word_1_77' title='bbox 1845 204 1900 237; x_wconf 89' lang='lat' dir='ltr'>die</span> <span class='ocrx_word' id='word_1_78' title='bbox 1931 206 1992 238; x_wconf 84' lang='lat' dir='ltr'>fiat</span> <span class='ocrx_word' id='word_1_79' title='bbox 2020 205 2136 246; x_wconf 83' lang='lat' dir='ltr'>crisis,</span> <span class='ocrx_word' id='word_1_80' title='bbox 2171 207 2254 252; x_wconf 60' lang='lat' dir='ltr'>quim</span> 
     </span>
    </p>
   </div>
   <div class='ocr_carea' id='block_1_8' title="bbox 312 608 1234 657">
    <p class='ocr_par' dir='ltr' id='par_1_9' title="bbox 312 608 1234 657">
     <span class='ocr_line' id='line_1_13' title="bbox 312 608 1234 657; baseline -0.003 -11"><span class='ocrx_word' id='word_1_81' title='bbox 312 612 371 646; x_wconf 63' lang='lat' dir='ltr'>Vs.</span> <span class='ocrx_word' id='word_1_82' title='bbox 389 611 475 648; x_wconf 83' lang='lat'>235.</span> <span class='ocrx_word' id='word_1_83' title='bbox 500 608 701 657; x_wconf 63' lang='lat' dir='ltr'>Eoetrenme]</span> <span class='ocrx_word' id='word_1_84' title='bbox 733 611 767 642; x_wconf 88' lang='lat' dir='ltr'>id</span> <span class='ocrx_word' id='word_1_85' title='bbox 791 617 861 649; x_wconf 83' lang='lat' dir='ltr'>est,</span> <span class='ocrx_word' id='word_1_86' title='bbox 896 611 994 643; x_wconf 80' lang='lat' dir='ltr'>Zona</span> <span class='ocrx_word' id='word_1_87' title='bbox 1020 611 1148 643; x_wconf 86' lang='lat' dir='ltr'>arctica</span> <span class='ocrx_word' id='word_1_88' title='bbox 1174 616 1207 643; x_wconf 92' lang='lat' dir='ltr'>et</span> <span class='ocrx_word' id='word_1_89' title='bbox 1232 626 1234 628; x_wconf 96' lang='lat'>·</span> 
     </span>
    </p>
   </div>
   <div class='ocr_carea' id='block_1_9' title="bbox 212 661 1209 862">
    <p class='ocr_par' dir='ltr' id='par_1_10' title="bbox 212 661 1208 758">
     <span class='ocr_line' id='line_1_14' title="bbox 212 661 1208 700; baseline -0.003 -4"><span class='ocrx_word' id='word_1_90' title='bbox 212 664 418 697; x_wconf 82' lang='lat' dir='ltr'>antarctica.</span> <span class='ocrx_word' id='word_1_91' title='bbox 454 663 552 695; x_wconf 85' lang='lat' dir='ltr'>Zona</span> <span class='ocrx_word' id='word_1_92' title='bbox 574 662 703 694; x_wconf 88' lang='lat' dir='ltr'>arctica</span> <span class='ocrx_word' id='word_1_93' title='bbox 724 668 775 694; x_wconf 91' lang='lat' dir='ltr'>est</span> <span class='ocrx_word' id='word_1_94' title='bbox 791 662 882 693; x_wconf 81' lang='lat' dir='ltr'>ultra</span> <span class='ocrx_word' id='word_1_95' title='bbox 902 661 1096 695; x_wconf 60' lang='lat' dir='ltr'>Norbeiam</span> <span class='ocrx_word' id='word_1_96' title='bbox 1111 689 1119 700; x_wconf 88' lang='grc'>,</span> <span class='ocrx_word' id='word_1_97' title='bbox 1147 661 1208 694; x_wconf 79' lang='lat' dir='ltr'>ubi</span> 
     </span>
     <span class='ocr_line' id='line_1_15' title="bbox 213 712 1207 758; baseline -0.004 -11"><span class='ocrx_word' id='word_1_98' title='bbox 213 721 262 749; x_wconf 83' lang='lat' dir='ltr'>est</span> <span class='ocrx_word' id='word_1_99' title='bbox 277 713 462 758; x_wconf 81' lang='lat' dir='ltr'>Pilappia;</span> <span class='ocrx_word' id='word_1_100' title='bbox 491 715 602 746; x_wconf 79' lang='lat' dir='ltr'>altera</span> <span class='ocrx_word' id='word_1_101' title='bbox 619 712 809 745; x_wconf 67' lang='lat' dir='ltr'>antarctico</span> <span class='ocrx_word' id='word_1_102' title='bbox 828 713 930 745; x_wconf 82' lang='lat' dir='ltr'>nobis</span> <span class='ocrx_word' id='word_1_103' title='bbox 948 719 996 745; x_wconf 82' lang='lat' dir='ltr'>est</span> <span class='ocrx_word' id='word_1_104' title='bbox 1015 713 1207 756; x_wconf 81' lang='lat' dir='ltr'>incognita.</span> 
     </span>
    </p>

    <p class='ocr_par' dir='ltr' id='par_1_11' title="bbox 214 761 1209 862">
     <span class='ocr_line' id='line_1_16' title="bbox 312 761 1209 810; baseline -0.004 -12"><span class='ocrx_word' id='word_1_105' title='bbox 312 764 371 799; x_wconf 59' lang='lat' dir='ltr'>Vs.</span> <span class='ocrx_word' id='word_1_106' title='bbox 388 765 475 800; x_wconf 80' lang='grc'><strong>237.</strong></span> <span class='ocrx_word' id='word_1_107' title='bbox 503 761 617 810; x_wconf 76' lang='lat' dir='ltr'>Duae]</span> <span class='ocrx_word' id='word_1_108' title='bbox 645 764 680 795; x_wconf 89' lang='lat' dir='ltr'>id</span> <span class='ocrx_word' id='word_1_109' title='bbox 706 770 775 803; x_wconf 84' lang='lat' dir='ltr'>est,</span> <span class='ocrx_word' id='word_1_110' title='bbox 805 763 961 807; x_wconf 86' lang='lat' dir='ltr'>tropicus</span> <span class='ocrx_word' id='word_1_111' title='bbox 987 764 1020 797; x_wconf 57' lang='lat' dir='ltr'>⁶J9</span> <span class='ocrx_word' id='word_1_112' title='bbox 1045 770 1078 795; x_wconf 77' lang='lat' dir='ltr'>et</span> <span class='ocrx_word' id='word_1_113' title='bbox 1098 763 1209 807; x_wconf 88' lang='lat' dir='ltr'>tropi-</span> 
     </span>
     <span class='ocr_line' id='line_1_17' title="bbox 214 827 353 862; baseline -0.007 -12"><span class='ocrx_word' id='word_1_114' title='bbox 214 828 273 850; x_wconf 89' lang='lat' dir='ltr'>cus</span> <span class='ocrx_word' id='word_1_115' title='bbox 297 827 353 862; x_wconf 75' lang='lat' dir='ltr'>m).</span> 
     </span>
    </p>
   </div>
   <div class='ocr_carea' id='block_1_10' title="bbox 212 916 1209 1064">
    <p class='ocr_par' dir='ltr' id='par_1_12' title="bbox 212 916 1209 1064">
     <span class='ocr_line' id='line_1_18' title="bbox 212 916 1008 962; baseline -0.006 -10"><span class='ocrx_word' id='word_1_116' title='bbox 212 918 341 952; x_wconf 77' lang='lat' dir='ltr'>dicitur</span> <span class='ocrx_word' id='word_1_117' title='bbox 359 918 522 962; x_wconf 82' lang='lat' dir='ltr'>superior</span> <span class='ocrx_word' id='word_1_118' title='bbox 541 930 661 952; x_wconf 72' lang='lat' dir='ltr'>versus</span> <span class='ocrx_word' id='word_1_119' title='bbox 679 918 802 961; x_wconf 88' lang='lat' dir='ltr'>polum</span> <span class='ocrx_word' id='word_1_120' title='bbox 824 916 1008 950; x_wconf 85' lang='lat' dir='ltr'>arcticum.</span> 
     </span>
     <span class='ocr_line' id='line_1_19' title="bbox 213 968 798 1014; baseline -0.005 -10"><span class='ocrx_word' id='word_1_121' title='bbox 213 971 406 1012; x_wconf 72' lang='lat' dir='ltr'>Rhiphaeas</span> <span class='ocrx_word' id='word_1_122' title='bbox 423 968 470 1014; x_wconf 79' lang='lat'>⁹)]</span> <span class='ocrx_word' id='word_1_123' title='bbox 500 969 535 1001; x_wconf 84' lang='lat' dir='ltr'>id</span> <span class='ocrx_word' id='word_1_124' title='bbox 556 976 618 1008; x_wconf 84' lang='lat' dir='ltr'>est,</span> <span class='ocrx_word' id='word_1_125' title='bbox 648 975 798 1001; x_wconf 84' lang='lat' dir='ltr'>montes.</span> 
     </span>
     <span class='ocr_line' id='line_1_20' title="bbox 214 1018 1209 1064; baseline -0.005 -10"><span class='ocrx_word' id='word_1_126' title='bbox 214 1022 375 1054; x_wconf 82' lang='lat' dir='ltr'>lexerunt</span> <span class='ocrx_word' id='word_1_127' title='bbox 410 1032 473 1064; x_wconf 85' lang='lat' dir='ltr'>per</span> <span class='ocrx_word' id='word_1_128' title='bbox 502 1018 708 1064; x_wconf 74' lang='lat' dir='ltr'>Hliiphaeos</span> <span class='ocrx_word' id='word_1_129' title='bbox 745 1025 886 1051; x_wconf 84' lang='lat' dir='ltr'>montes</span> <span class='ocrx_word' id='word_1_130' title='bbox 915 1030 1025 1051; x_wconf 89' lang='lat' dir='ltr'>unum</span> <span class='ocrx_word' id='word_1_131' title='bbox 1054 1018 1209 1063; x_wconf 86' lang='lat' dir='ltr'>aliquem</span> 
     </span>
    </p>
   </div>
   <div class='ocr_carea' id='block_1_11' title="bbox 214 1069 1242 1114">
    <p class='ocr_par' dir='ltr' id='par_1_13' title="bbox 214 1069 1242 1114">
     <span class='ocr_line' id='line_1_21' title="bbox 214 1069 1242 1114; baseline -0.004 -9"><span class='ocrx_word' id='word_1_132' title='bbox 214 1079 373 1105; x_wconf 85' lang='lat' dir='ltr'>montem</span> <span class='ocrx_word' id='word_1_133' title='bbox 387 1098 395 1111; x_wconf 85' lang='lat'>‚</span> <span class='ocrx_word' id='word_1_134' title='bbox 423 1072 483 1104; x_wconf 82' lang='lat' dir='ltr'>sed</span> <span class='ocrx_word' id='word_1_135' title='bbox 501 1072 560 1103; x_wconf 83' lang='lat' dir='ltr'>illa</span> <span class='ocrx_word' id='word_1_136' title='bbox 579 1072 654 1103; x_wconf 89' lang='lat' dir='ltr'>loca</span> <span class='ocrx_word' id='word_1_137' title='bbox 673 1069 874 1113; x_wconf 82' lang='lat' dir='ltr'>surgentia,</span> <span class='ocrx_word' id='word_1_138' title='bbox 903 1081 993 1114; x_wconf 84' lang='lat' dir='ltr'>quae</span> <span class='ocrx_word' id='word_1_139' title='bbox 1012 1076 1114 1102; x_wconf 81' lang='lat' dir='ltr'>erant</span> <span class='ocrx_word' id='word_1_140' title='bbox 1131 1070 1212 1103; x_wconf 83' lang='lat' dir='ltr'>sub-</span> <span class='ocrx_word' id='word_1_141' title='bbox 1238 1084 1242 1101; x_wconf 78' lang='grc' dir='ltr'>ῑ</span> 
     </span>
    </p>
   </div>
   <div class='ocr_carea' id='block_1_12' title="bbox 215 1117 1220 2493">
    <p class='ocr_par' dir='ltr' id='par_1_14' title="bbox 215 1117 1212 1260">
     <span class='ocr_line' id='line_1_22' title="bbox 215 1117 1212 1167; baseline -0.004 -11"><span class='ocrx_word' id='word_1_142' title='bbox 215 1124 356 1156; x_wconf 86' lang='lat' dir='ltr'>limiora</span> <span class='ocrx_word' id='word_1_143' title='bbox 384 1135 491 1167; x_wconf 89' lang='lat' dir='ltr'>quam</span> <span class='ocrx_word' id='word_1_144' title='bbox 514 1123 664 1167; x_wconf 87' lang='lat' dir='ltr'>reliqua.</span> <span class='ocrx_word' id='word_1_145' title='bbox 734 1120 781 1154; x_wconf 80' lang='lat' dir='ltr'>Et</span> <span class='ocrx_word' id='word_1_146' title='bbox 803 1120 851 1154; x_wconf 86' lang='lat' dir='ltr'>sic</span> <span class='ocrx_word' id='word_1_147' title='bbox 877 1120 1046 1153; x_wconf 80' lang='lat' dir='ltr'>(licuntur</span> <span class='ocrx_word' id='word_1_148' title='bbox 1073 1132 1089 1153; x_wconf 84' lang='lat' dir='ltr'>a</span> <span class='ocrx_word' id='word_1_149' title='bbox 1111 1117 1212 1167; x_wconf 79' lang='grc' dir='ltr'>ῥιφή,</span> 
     </span>
     <span class='ocr_line' id='line_1_23' title="bbox 216 1172 1212 1218; baseline -0.003 -11"><span class='ocrx_word' id='word_1_150' title='bbox 216 1175 251 1207; x_wconf 87' lang='lat' dir='ltr'>id</span> <span class='ocrx_word' id='word_1_151' title='bbox 267 1181 336 1213; x_wconf 88' lang='lat' dir='ltr'>est,</span> <span class='ocrx_word' id='word_1_152' title='bbox 360 1173 516 1217; x_wconf 86' lang='lat' dir='ltr'>impetu,</span> <span class='ocrx_word' id='word_1_153' title='bbox 545 1174 628 1218; x_wconf 74' lang='lat' dir='ltr'>quia</span> <span class='ocrx_word' id='word_1_154' title='bbox 653 1172 704 1205; x_wconf 90' lang='lat' dir='ltr'>illi</span> <span class='ocrx_word' id='word_1_155' title='bbox 731 1172 835 1206; x_wconf 85' lang='lat' dir='ltr'>ssatus</span> <span class='ocrx_word' id='word_1_156' title='bbox 858 1172 1018 1204; x_wconf 85' lang='lat' dir='ltr'>boreales</span> <span class='ocrx_word' id='word_1_157' title='bbox 1043 1179 1124 1205; x_wconf 89' lang='lat' dir='ltr'>sunt</span> <span class='ocrx_word' id='word_1_158' title='bbox 1156 1184 1212 1203; x_wconf 74' lang='lat' dir='ltr'>ve-</span> 
     </span>
     <span class='ocr_line' id='line_1_24' title="bbox 216 1224 487 1260; baseline -0.007 0"><span class='ocrx_word' id='word_1_159' title='bbox 216 1224 487 1260; x_wconf 85' lang='lat' dir='ltr'>hementissimi.</span> 
     </span>
    </p>

    <p class='ocr_par' dir='ltr' id='par_1_15' title="bbox 218 1272 1212 1371">
     <span class='ocr_line' id='line_1_25' title="bbox 316 1272 1212 1321; baseline -0.003 -13"><span class='ocrx_word' id='word_1_160' title='bbox 316 1275 479 1311; x_wconf 66' lang='lat' dir='ltr'>Vs.241.</span> <span class='ocrx_word' id='word_1_161' title='bbox 506 1272 682 1321; x_wconf 56' lang='lat' dir='ltr'>Det-exus]</span> <span class='ocrx_word' id='word_1_162' title='bbox 713 1275 834 1308; x_wconf 85' lang='lat' dir='ltr'>Altera</span> <span class='ocrx_word' id='word_1_163' title='bbox 861 1286 942 1318; x_wconf 86' lang='lat' dir='ltr'>pars</span> <span class='ocrx_word' id='word_1_164' title='bbox 968 1273 1098 1306; x_wconf 86' lang='lat' dir='ltr'>dicitur</span> <span class='ocrx_word' id='word_1_165' title='bbox 1126 1273 1212 1306; x_wconf 83' lang='lat' dir='ltr'>infe-</span> 
     </span>
     <span class='ocr_line' id='line_1_26' title="bbox 218 1326 841 1371; baseline -0.005 -10"><span class='ocrx_word' id='word_1_166' title='bbox 218 1329 293 1362; x_wconf 83' lang='lat' dir='ltr'>rior</span> <span class='ocrx_word' id='word_1_167' title='bbox 310 1339 431 1360; x_wconf 75' lang='lat' dir='ltr'>versus</span> <span class='ocrx_word' id='word_1_168' title='bbox 449 1328 570 1371; x_wconf 88' lang='lat' dir='ltr'>polum</span> <span class='ocrx_word' id='word_1_169' title='bbox 593 1326 841 1359; x_wconf 71' lang='lat' dir='ltr'>antarcticum.</span> 
     </span>
    </p>

    <p class='ocr_par' dir='ltr' id='par_1_16' title="bbox 318 1375 996 1424">
     <span class='ocr_line' id='line_1_27' title="bbox 318 1375 996 1424; baseline -0.004 -12"><span class='ocrx_word' id='word_1_170' title='bbox 318 1378 379 1412; x_wconf 63' lang='lat' dir='ltr'>Vs.</span> <span class='ocrx_word' id='word_1_171' title='bbox 395 1378 483 1414; x_wconf 76' lang='lat'>242.</span> <span class='ocrx_word' id='word_1_172' title='bbox 511 1375 593 1424; x_wconf 72' lang='lat' dir='ltr'>Hic]</span> <span class='ocrx_word' id='word_1_173' title='bbox 623 1378 657 1410; x_wconf 91' lang='lat' dir='ltr'>id</span> <span class='ocrx_word' id='word_1_174' title='bbox 676 1384 746 1417; x_wconf 89' lang='lat' dir='ltr'>est,</span> <span class='ocrx_word' id='word_1_175' title='bbox 775 1377 861 1410; x_wconf 88' lang='lat' dir='ltr'>citra</span> <span class='ocrx_word' id='word_1_176' title='bbox 883 1389 996 1411; x_wconf 86' lang='lat' dir='ltr'>ursos.</span> 
     </span>
    </p>

    <p class='ocr_par' dir='ltr' id='par_1_17' title="bbox 220 1426 1212 1516">
     <span class='ocr_line' id='line_1_28' title="bbox 318 1426 1212 1475; baseline -0.007 -12"><span class='ocrx_word' id='word_1_177' title='bbox 318 1429 379 1463; x_wconf 83' lang='lat' dir='ltr'>Vs.</span> <span class='ocrx_word' id='word_1_178' title='bbox 405 1429 492 1466; x_wconf 82' lang='lat'>246.</span> <span class='ocrx_word' id='word_1_179' title='bbox 526 1432 680 1474; x_wconf 80' lang='lat' dir='ltr'><strong><em>Aequore</em></strong></span> <span class='ocrx_word' id='word_1_180' title='bbox 702 1426 830 1475; x_wconf 75' lang='lat' dir='ltr'>iinyw&#39;]</span> <span class='ocrx_word' id='word_1_181' title='bbox 864 1428 898 1461; x_wconf 88' lang='lat' dir='ltr'>id</span> <span class='ocrx_word' id='word_1_182' title='bbox 923 1434 992 1467; x_wconf 87' lang='lat' dir='ltr'>est,</span> <span class='ocrx_word' id='word_1_183' title='bbox 1026 1436 1212 1470; x_wconf 82' lang='lat' dir='ltr'>nunquam</span> 
     </span>
     <span class='ocr_line' id='line_1_29' title="bbox 220 1483 431 1516; baseline -0.005 0"><span class='ocrx_word' id='word_1_184' title='bbox 220 1483 431 1516; x_wconf 87' lang='lat' dir='ltr'>occidentes.</span> 
     </span>
    </p>

    <p class='ocr_par' dir='ltr' id='par_1_18' title="bbox 218 1527 1215 1618">
     <span class='ocr_line' id='line_1_30' title="bbox 320 1527 1215 1578; baseline -0.008 -12"><span class='ocrx_word' id='word_1_185' title='bbox 320 1532 381 1566; x_wconf 66' lang='lat' dir='ltr'>Vs.</span> <span class='ocrx_word' id='word_1_186' title='bbox 408 1530 496 1568; x_wconf 89' lang='lat'>252.</span> <span class='ocrx_word' id='word_1_187' title='bbox 529 1529 635 1578; x_wconf 73' lang='lat' dir='ltr'>Hinc]</span> <span class='ocrx_word' id='word_1_188' title='bbox 670 1532 706 1564; x_wconf 89' lang='lat' dir='ltr'>id</span> <span class='ocrx_word' id='word_1_189' title='bbox 741 1538 811 1571; x_wconf 87' lang='lat' dir='ltr'>est,</span> <span class='ocrx_word' id='word_1_190' title='bbox 846 1542 888 1563; x_wconf 84' lang='lat' dir='ltr'>ex</span> <span class='ocrx_word' id='word_1_191' title='bbox 916 1528 1119 1573; x_wconf 83' lang='lat' dir='ltr'>cognitione</span> <span class='ocrx_word' id='word_1_192' title='bbox 1147 1527 1215 1560; x_wconf 93' lang='lat' dir='ltr'>Zo-</span> 
     </span>
     <span class='ocr_line' id='line_1_31' title="bbox 218 1584 1034 1618; baseline -0.006 0"><span class='ocrx_word' id='word_1_193' title='bbox 218 1585 309 1618; x_wconf 82' lang='lat' dir='ltr'>diaci</span> <span class='ocrx_word' id='word_1_194' title='bbox 329 1590 362 1617; x_wconf 91' lang='lat' dir='ltr'>et</span> <span class='ocrx_word' id='word_1_195' title='bbox 379 1584 529 1617; x_wconf 81' lang='lat' dir='ltr'>aliarum</span> <span class='ocrx_word' id='word_1_196' title='bbox 548 1584 730 1616; x_wconf 85' lang='lat' dir='ltr'>stellarum</span> <span class='ocrx_word' id='word_1_197' title='bbox 750 1589 832 1615; x_wconf 88' lang='lat' dir='ltr'>ortu</span> <span class='ocrx_word' id='word_1_198' title='bbox 847 1588 880 1614; x_wconf 90' lang='lat' dir='ltr'>et</span> <span class='ocrx_word' id='word_1_199' title='bbox 897 1593 1034 1614; x_wconf 87' lang='lat' dir='ltr'>occasu.</span> 
     </span>
    </p>

    <p class='ocr_par' dir='ltr' id='par_1_19' title="bbox 222 1631 1214 1720">
     <span class='ocr_line' id='line_1_32' title="bbox 321 1631 1214 1680; baseline -0.008 -12"><span class='ocrx_word' id='word_1_200' title='bbox 321 1633 483 1670; x_wconf 72' lang='lat' dir='ltr'>Vs.254.</span> <span class='ocrx_word' id='word_1_201' title='bbox 512 1631 689 1680; x_wconf 77' lang='lat' dir='ltr'>Marmor]</span> <span class='ocrx_word' id='word_1_202' title='bbox 720 1634 755 1665; x_wconf 90' lang='lat' dir='ltr'>id</span> <span class='ocrx_word' id='word_1_203' title='bbox 782 1639 852 1671; x_wconf 84' lang='lat' dir='ltr'>est,</span> <span class='ocrx_word' id='word_1_204' title='bbox 878 1644 976 1664; x_wconf 90' lang='lat' dir='ltr'>mare</span> <span class='ocrx_word' id='word_1_205' title='bbox 1001 1631 1050 1664; x_wconf 88' lang='lat' dir='ltr'>sic</span> <span class='ocrx_word' id='word_1_206' title='bbox 1081 1631 1214 1665; x_wconf 87' lang='lat' dir='ltr'>dictum</span> 
     </span>
     <span class='ocr_line' id='line_1_33' title="bbox 222 1687 435 1720; baseline 0 -1"><span class='ocrx_word' id='word_1_207' title='bbox 222 1699 238 1719; x_wconf 79' lang='lat' dir='ltr'>a</span> <span class='ocrx_word' id='word_1_208' title='bbox 267 1687 435 1720; x_wconf 78' lang='lat' dir='ltr'>candore.</span> 
     </span>
    </p>

    <p class='ocr_par' dir='ltr' id='par_1_20' title="bbox 323 1733 1112 1781">
     <span class='ocr_line' id='line_1_34' title="bbox 323 1733 1112 1781; baseline -0.005 -10"><span class='ocrx_word' id='word_1_209' title='bbox 323 1737 382 1770; x_wconf 76' lang='lat' dir='ltr'>Vs.</span> <span class='ocrx_word' id='word_1_210' title='bbox 400 1735 486 1771; x_wconf 84' lang='lat'>257.</span> <span class='ocrx_word' id='word_1_211' title='bbox 513 1738 584 1770; x_wconf 64' lang='lat' dir='ltr'>ss&#39;ec</span> <span class='ocrx_word' id='word_1_212' title='bbox 596 1733 749 1781; x_wconf 73' lang='lat' dir='ltr'>frustra]</span> <span class='ocrx_word' id='word_1_213' title='bbox 778 1734 852 1769; x_wconf 79' lang='lat' dir='ltr'>XV.</span> <span class='ocrx_word' id='word_1_214' title='bbox 871 1741 1112 1778; x_wconf 84' lang='lat' dir='ltr'>praeceptum.</span> 
     </span>
    </p>

    <p class='ocr_par' dir='ltr' id='par_1_21' title="bbox 323 1784 1086 1833">
     <span class='ocr_line' id='line_1_35' title="bbox 323 1784 1086 1833; baseline -0.003 -14"><span class='ocrx_word' id='word_1_215' title='bbox 323 1788 384 1821; x_wconf 64' lang='lat' dir='ltr'>Ys-</span> <span class='ocrx_word' id='word_1_216' title='bbox 401 1786 488 1823; x_wconf 86' lang='lat'>258.</span> <span class='ocrx_word' id='word_1_217' title='bbox 516 1784 658 1833; x_wconf 78' lang='lat' dir='ltr'>Parem]</span> <span class='ocrx_word' id='word_1_218' title='bbox 689 1787 722 1818; x_wconf 90' lang='lat' dir='ltr'>id</span> <span class='ocrx_word' id='word_1_219' title='bbox 747 1792 816 1825; x_wconf 80' lang='lat' dir='ltr'>est,</span> <span class='ocrx_word' id='word_1_220' title='bbox 845 1786 1086 1819; x_wconf 82' lang='lat' dir='ltr'>distributum.</span> 
     </span>
    </p>

    <p class='ocr_par' dir='ltr' id='par_1_22' title="bbox 222 1835 1216 1935">
     <span class='ocr_line' id='line_1_36' title="bbox 324 1835 1216 1884; baseline -0.006 -12"><span class='ocrx_word' id='word_1_221' title='bbox 324 1839 383 1873; x_wconf 70' lang='lat' dir='ltr'>Vs.</span> <span class='ocrx_word' id='word_1_222' title='bbox 400 1838 486 1874; x_wconf 85' lang='grc'><strong>263.</strong></span> <span class='ocrx_word' id='word_1_223' title='bbox 521 1835 678 1884; x_wconf 64' lang='lat' dir='ltr'>Acce-vis]</span> <span class='ocrx_word' id='word_1_224' title='bbox 713 1837 845 1871; x_wconf 83' lang='lat' dir='ltr'>scilicet</span> <span class='ocrx_word' id='word_1_225' title='bbox 875 1837 1065 1876; x_wconf 84' lang='lat' dir='ltr'>frumenti,</span> <span class='ocrx_word' id='word_1_226' title='bbox 1094 1835 1128 1868; x_wconf 92' lang='lat' dir='ltr'>id</span> <span class='ocrx_word' id='word_1_227' title='bbox 1154 1840 1216 1873; x_wconf 80' lang='lat' dir='ltr'>est,</span> 
     </span>
     <span class='ocr_line' id='line_1_37' title="bbox 222 1889 1036 1935; baseline -0.001 -12"><span class='ocrx_word' id='word_1_228' title='bbox 222 1891 376 1935; x_wconf 76' lang='lat' dir='ltr'>imponit</span> <span class='ocrx_word' id='word_1_229' title='bbox 391 1892 569 1923; x_wconf 75' lang='lat' dir='ltr'>frumenta</span> <span class='ocrx_word' id='word_1_230' title='bbox 589 1889 758 1928; x_wconf 82' lang='lat' dir='ltr'>vasculis,</span> <span class='ocrx_word' id='word_1_231' title='bbox 783 1895 816 1921; x_wconf 83' lang='lat' dir='ltr'>et</span> <span class='ocrx_word' id='word_1_232' title='bbox 834 1889 889 1921; x_wconf 89' lang='lat' dir='ltr'>illa</span> <span class='ocrx_word' id='word_1_233' title='bbox 909 1889 1036 1931; x_wconf 75' lang='lat' dir='ltr'>signat.</span> 
     </span>
    </p>

    <p class='ocr_par' dir='ltr' id='par_1_23' title="bbox 326 1937 1215 1986">
     <span class='ocr_line' id='line_1_38' title="bbox 326 1937 1215 1986; baseline -0.004 -12"><span class='ocrx_word' id='word_1_234' title='bbox 326 1941 385 1975; x_wconf 63' lang='lat' dir='ltr'>Vs.</span> <span class='ocrx_word' id='word_1_235' title='bbox 401 1941 487 1976; x_wconf 81' lang='lat'>264.</span> <span class='ocrx_word' id='word_1_236' title='bbox 513 1937 657 1986; x_wconf 77' lang='lat' dir='ltr'>Furcas]</span> <span class='ocrx_word' id='word_1_237' title='bbox 674 1940 709 1972; x_wconf 92' lang='lat' dir='ltr'>in</span> <span class='ocrx_word' id='word_1_238' title='bbox 729 1952 857 1984; x_wconf 84' lang='lat' dir='ltr'>genere</span> <span class='ocrx_word' id='word_1_239' title='bbox 875 1941 1075 1985; x_wconf 71' lang='lat' dir='ltr'>significant</span> <span class='ocrx_word' id='word_1_240' title='bbox 1091 1938 1215 1971; x_wconf 82' lang='lat' dir='ltr'>fulcra.</span> 
     </span>
    </p>

    <p class='ocr_par' dir='ltr' id='par_1_24' title="bbox 226 1988 1217 2139">
     <span class='ocr_line' id='line_1_39' title="bbox 320 1988 1217 2039; baseline -0.004 -13"><span class='ocrx_word' id='word_1_241' title='bbox 320 1992 380 2026; x_wconf 62' lang='lat' dir='ltr'>Vs.</span> <span class='ocrx_word' id='word_1_242' title='bbox 407 1991 493 2028; x_wconf 84' lang='lat'>265.</span> <span class='ocrx_word' id='word_1_243' title='bbox 527 1989 712 2039; x_wconf 73' lang='lat' dir='ltr'>Amerina]</span> <span class='ocrx_word' id='word_1_244' title='bbox 750 1992 781 2023; x_wconf 86' lang='lat' dir='ltr'>id</span> <span class='ocrx_word' id='word_1_245' title='bbox 819 1998 890 2031; x_wconf 84' lang='lat' dir='ltr'>est,</span> <span class='ocrx_word' id='word_1_246' title='bbox 933 1991 1080 2033; x_wconf 74' lang='lat' dir='ltr'>saligna.</span> <span class='ocrx_word' id='word_1_247' title='bbox 1154 1988 1217 2022; x_wconf 83' lang='lat' dir='ltr'>Est</span> 
     </span>
     <span class='ocr_line' id='line_1_40' title="bbox 226 2044 867 2090; baseline -0.005 -12"><span class='ocrx_word' id='word_1_248' title='bbox 226 2046 399 2090; x_wconf 86' lang='lat' dir='ltr'>quaedam</span> <span class='ocrx_word' id='word_1_249' title='bbox 418 2044 505 2077; x_wconf 86' lang='lat' dir='ltr'>salix</span> <span class='ocrx_word' id='word_1_250' title='bbox 521 2044 683 2077; x_wconf 77' lang='lat' dir='ltr'>flexibilis</span> <span class='ocrx_word' id='word_1_251' title='bbox 701 2050 734 2076; x_wconf 87' lang='lat' dir='ltr'>et</span> <span class='ocrx_word' id='word_1_252' title='bbox 751 2050 867 2076; x_wconf 86' lang='lat' dir='ltr'>tenax.</span> 
     </span>
     <span class='ocr_line' id='line_1_41' title="bbox 226 2095 528 2139; baseline 0 -10"><span class='ocrx_word' id='word_1_253' title='bbox 226 2103 296 2136; x_wconf 80' lang='lat' dir='ltr'>est,</span> <span class='ocrx_word' id='word_1_254' title='bbox 324 2095 528 2139; x_wconf 83' lang='lat' dir='ltr'>ligamenta.</span> 
     </span>
    </p>

    <p class='ocr_par' dir='ltr' id='par_1_25' title="bbox 227 2144 872 2243">
     <span class='ocr_line' id='line_1_42' title="bbox 326 2144 872 2193; baseline 0.002 -15"><span class='ocrx_word' id='word_1_255' title='bbox 326 2147 386 2181; x_wconf 67' lang='lat' dir='ltr'>Vs.</span> <span class='ocrx_word' id='word_1_256' title='bbox 409 2147 494 2181; x_wconf 91' lang='lat'>266.</span> <span class='ocrx_word' id='word_1_257' title='bbox 529 2144 682 2193; x_wconf 75' lang='lat' dir='ltr'>Piscina]</span> <span class='ocrx_word' id='word_1_258' title='bbox 718 2146 872 2179; x_wconf 83' lang='lat' dir='ltr'>Reusen.</span> 
     </span>
     <span class='ocr_line' id='line_1_43' title="bbox 227 2197 833 2243; baseline 0 -12"><span class='ocrx_word' id='word_1_259' title='bbox 227 2199 333 2232; x_wconf 87' lang='lat' dir='ltr'>etiam</span> <span class='ocrx_word' id='word_1_260' title='bbox 353 2198 540 2243; x_wconf 82' lang='lat' dir='ltr'>peculiaris</span> <span class='ocrx_word' id='word_1_261' title='bbox 558 2199 688 2241; x_wconf 83' lang='lat' dir='ltr'>species</span> <span class='ocrx_word' id='word_1_262' title='bbox 706 2197 833 2231; x_wconf 81' lang='lat' dir='ltr'>salicis.</span> 
     </span>
    </p>

    <p class='ocr_par' dir='ltr' id='par_1_26' title="bbox 228 2246 1218 2397">
     <span class='ocr_line' id='line_1_44' title="bbox 327 2246 1218 2295; baseline -0.002 -14"><span class='ocrx_word' id='word_1_263' title='bbox 327 2250 387 2284; x_wconf 67' lang='lat' dir='ltr'>Vs.</span> <span class='ocrx_word' id='word_1_264' title='bbox 403 2249 490 2284; x_wconf 86' lang='lat'>276.</span> <span class='ocrx_word' id='word_1_265' title='bbox 519 2251 597 2291; x_wconf 79' lang='lat' dir='ltr'>Ipsa</span> <span class='ocrx_word' id='word_1_266' title='bbox 614 2246 700 2295; x_wconf 76' lang='lat' dir='ltr'>dics]</span> <span class='ocrx_word' id='word_1_267' title='bbox 720 2247 808 2282; x_wconf 66' lang='lat' dir='ltr'>XVI.</span> <span class='ocrx_word' id='word_1_268' title='bbox 831 2254 1071 2292; x_wconf 86' lang='lat' dir='ltr'>praeceptum.</span> <span class='ocrx_word' id='word_1_269' title='bbox 1116 2246 1218 2280; x_wconf 86' lang='lat' dir='ltr'>Hunc</span> 
     </span>
     <span class='ocr_line' id='line_1_45' title="bbox 228 2299 1218 2343; baseline -0.002 -9"><span class='ocrx_word' id='word_1_270' title='bbox 228 2308 340 2335; x_wconf 88' lang='lat' dir='ltr'>totum</span> <span class='ocrx_word' id='word_1_271' title='bbox 368 2302 484 2334; x_wconf 88' lang='lat' dir='ltr'>locum</span> <span class='ocrx_word' id='word_1_272' title='bbox 511 2302 553 2332; x_wconf 83' lang='lat' dir='ltr'>de</span> <span class='ocrx_word' id='word_1_273' title='bbox 577 2301 781 2333; x_wconf 76' lang='lat' dir='ltr'>discrimine</span> <span class='ocrx_word' id='word_1_274' title='bbox 801 2300 939 2333; x_wconf 71' lang='lat' dir='ltr'>(Herum</span> <span class='ocrx_word' id='word_1_275' title='bbox 962 2299 1067 2343; x_wconf 89' lang='lat' dir='ltr'>plane</span> <span class='ocrx_word' id='word_1_276' title='bbox 1089 2311 1129 2333; x_wconf 81' lang='lat' dir='ltr'>ex</span> <span class='ocrx_word' id='word_1_277' title='bbox 1151 2299 1218 2332; x_wconf 90' lang='lat' dir='ltr'>He-</span> 
     </span>
     <span class='ocr_line' id='line_1_46' title="bbox 232 2351 712 2397; baseline -0.008 -9"><span class='ocrx_word' id='word_1_278' title='bbox 232 2354 332 2388; x_wconf 89' lang='lat' dir='ltr'>siodo</span> <span class='ocrx_word' id='word_1_279' title='bbox 352 2352 398 2397; x_wconf 91' lang='lat'>¹⁰)</span> <span class='ocrx_word' id='word_1_280' title='bbox 421 2351 573 2396; x_wconf 77' lang='lat' dir='ltr'>sumpsit</span> <span class='ocrx_word' id='word_1_281' title='bbox 596 2358 712 2394; x_wconf 83' lang='lat' dir='ltr'>poeta.</span> 
     </span>
    </p>

    <p class='ocr_par' dir='ltr' id='par_1_27' title="bbox 229 2399 1220 2493">
     <span class='ocr_line' id='line_1_47' title="bbox 329 2399 1220 2448; baseline 0 -14"><span class='ocrx_word' id='word_1_282' title='bbox 329 2404 388 2438; x_wconf 87' lang='lat' dir='ltr'>Vs.</span> <span class='ocrx_word' id='word_1_283' title='bbox 412 2403 498 2439; x_wconf 88' lang='lat'>277.</span> <span class='ocrx_word' id='word_1_284' title='bbox 538 2399 714 2448; x_wconf 73' lang='lat' dir='ltr'>Quintam]</span> <span class='ocrx_word' id='word_1_285' title='bbox 744 2402 820 2435; x_wconf 87' lang='lat' dir='ltr'>Hoc</span> <span class='ocrx_word' id='word_1_286' title='bbox 845 2403 950 2446; x_wconf 84' lang='lat' dir='ltr'>plane</span> <span class='ocrx_word' id='word_1_287' title='bbox 978 2409 1029 2436; x_wconf 80' lang='lat' dir='ltr'>est</span> <span class='ocrx_word' id='word_1_288' title='bbox 1052 2402 1220 2447; x_wconf 88' lang='lat' dir='ltr'>supersti-</span> 
     </span>
     <span class='ocr_line' id='line_1_48' title="bbox 229 2452 1219 2493; baseline -0.001 -5"><span class='ocrx_word' id='word_1_289' title='bbox 229 2457 378 2493; x_wconf 87' lang='lat' dir='ltr'>tiosnm;</span> <span class='ocrx_word' id='word_1_290' title='bbox 413 2456 473 2489; x_wconf 88' lang='lat' dir='ltr'>sed</span> <span class='ocrx_word' id='word_1_291' title='bbox 500 2455 556 2487; x_wconf 87' lang='lat' dir='ltr'>illa</span> <span class='ocrx_word' id='word_1_292' title='bbox 581 2455 624 2486; x_wconf 74' lang='lat' dir='ltr'>de</span> <span class='ocrx_word' id='word_1_293' title='bbox 649 2454 772 2487; x_wconf 89' lang='lat' dir='ltr'>diebus</span> <span class='ocrx_word' id='word_1_294' title='bbox 797 2454 926 2488; x_wconf 77' lang='lat' dir='ltr'>criticis</span> <span class='ocrx_word' id='word_1_295' title='bbox 953 2452 1086 2487; x_wconf 76' lang='lat' dir='ltr'>liabent</span> <span class='ocrx_word' id='word_1_296' title='bbox 1111 2454 1219 2487; x_wconf 87' lang='lat' dir='ltr'>ratio-</span> 
     </span>
    </p>
   </div>
   <div class='ocr_carea' id='block_1_13' title="bbox 1004 2143 1218 2192">
    <p class='ocr_par' dir='ltr' id='par_1_28' title="bbox 1004 2143 1218 2192">
     <span class='ocr_line' id='line_1_49' title="bbox 1004 2143 1218 2192; baseline -0.005 -14"><span class='ocrx_word' id='word_1_297' title='bbox 1004 2143 1138 2192; x_wconf 77' lang='lat' dir='ltr'>Rubea]</span> <span class='ocrx_word' id='word_1_298' title='bbox 1169 2151 1218 2179; x_wconf 86' lang='lat' dir='ltr'>cst</span> 
     </span>
    </p>
   </div>
   <div class='ocr_carea' id='block_1_14' title="bbox 231 2543 433 2549">
    <p class='ocr_par' dir='ltr' id='par_1_29' title="bbox 231 2543 433 2549">
     <span class='ocr_line' id='line_1_50' title="bbox 231 2543 433 2549; baseline 0 0"><span class='ocrx_word' id='word_1_299' title='bbox 231 2543 433 2549; x_wconf 95' lang='lat' dir='ltr'> </span> 
     </span>
    </p>
   </div>
   <div class='ocr_carea' id='block_1_15' title="bbox 264 2586 744 2619">
    <p class='ocr_par' dir='ltr' id='par_1_30' title="bbox 264 2586 744 2619">
     <span class='ocr_line' id='line_1_51' title="bbox 264 2586 744 2619; baseline -0.002 -8"><span class='ocrx_word' id='word_1_300' title='bbox 264 2588 294 2619; x_wconf 77' lang='grc'>8)</span> <span class='ocrx_word' id='word_1_301' title='bbox 315 2586 433 2618; x_wconf 76' lang='lat' dir='ltr'>possint]</span> <span class='ocrx_word' id='word_1_302' title='bbox 458 2588 503 2611; x_wconf 76' lang='lat' dir='ltr'>Ed.</span> <span class='ocrx_word' id='word_1_303' title='bbox 525 2588 598 2611; x_wconf 66' lang='lat'>1544,</span> <span class='ocrx_word' id='word_1_304' title='bbox 620 2589 744 2617; x_wconf 80' lang='lat' dir='ltr'>possunt.</span> 
     </span>
    </p>
   </div>
   <div class='ocr_carea' id='block_1_16' title="bbox 263 2637 1219 2703">
    <p class='ocr_par' dir='ltr' id='par_1_31' title="bbox 263 2637 1219 2703">
     <span class='ocr_line' id='line_1_52' title="bbox 263 2637 1219 2668; baseline 0.004 -8"><span class='ocrx_word' id='word_1_305' title='bbox 263 2637 293 2667; x_wconf 80' lang='lat'>9)</span> <span class='ocrx_word' id='word_1_306' title='bbox 320 2637 500 2667; x_wconf 73' lang='lat' dir='ltr'>nliiplmeas]</span> <span class='ocrx_word' id='word_1_307' title='bbox 527 2638 567 2660; x_wconf 82' lang='lat' dir='ltr'>sic</span> <span class='ocrx_word' id='word_1_308' title='bbox 592 2638 639 2661; x_wconf 83' lang='lat' dir='ltr'>Ed.</span> <span class='ocrx_word' id='word_1_309' title='bbox 658 2638 733 2661; x_wconf 74' lang='grc'><strong>1544.</strong></span> <span class='ocrx_word' id='word_1_310' title='bbox 755 2637 781 2660; x_wconf 84' lang='lat' dir='ltr'>in</span> <span class='ocrx_word' id='word_1_311' title='bbox 809 2638 899 2668; x_wconf 84' lang='lat' dir='ltr'>textu,</span> <span class='ocrx_word' id='word_1_312' title='bbox 933 2638 959 2662; x_wconf 82' lang='lat' dir='ltr'>in</span> <span class='ocrx_word' id='word_1_313' title='bbox 986 2640 1036 2663; x_wconf 81' lang='lat' dir='ltr'>hoe</span> <span class='ocrx_word' id='word_1_314' title='bbox 1061 2642 1219 2664; x_wconf 82' lang='lat' dir='ltr'>comment.:</span> 
     </span>
     <span class='ocr_line' id='line_1_53' title="bbox 301 2671 874 2703; baseline -0.002 -7"><span class='ocrx_word' id='word_1_315' title='bbox 301 2672 464 2702; x_wconf 45' lang='lat' dir='ltr'>Riphaeum</span> <span class='ocrx_word' id='word_1_316' title='bbox 490 2673 536 2695; x_wconf 72' lang='lat' dir='ltr'>Edv</span> <span class='ocrx_word' id='word_1_317' title='bbox 558 2672 696 2703; x_wconf 54' lang='lat' dir='ltr'>XVagncr.</span> <span class='ocrx_word' id='word_1_318' title='bbox 717 2671 874 2703; x_wconf 70' lang='lat' dir='ltr'>Rhipaeas.</span> 
     </span>
    </p>
   </div>
   <div class='ocr_carea' id='block_1_17' title="bbox 268 2722 1038 2755">
    <p class='ocr_par' dir='ltr' id='par_1_32' title="bbox 268 2722 1038 2755">
     <span class='ocr_line' id='line_1_54' title="bbox 268 2722 1038 2755; baseline 0 -8"><span class='ocrx_word' id='word_1_319' title='bbox 268 2722 313 2754; x_wconf 85' lang='lat'>10)</span> <span class='ocrx_word' id='word_1_320' title='bbox 334 2723 444 2747; x_wconf 70' lang='lat' dir='ltr'>hesiod.</span> <span class='ocrx_word' id='word_1_321' title='bbox 465 2723 532 2753; x_wconf 78' lang='lat' dir='ltr'>opp.</span> <span class='ocrx_word' id='word_1_322' title='bbox 553 2725 579 2747; x_wconf 87' lang='lat' dir='ltr'>et</span> <span class='ocrx_word' id='word_1_323' title='bbox 600 2723 662 2747; x_wconf 79' lang='lat' dir='ltr'>Dies</span> <span class='ocrx_word' id='word_1_324' title='bbox 683 2723 734 2747; x_wconf 75' lang='lat'>802</span> <span class='ocrx_word' id='word_1_325' title='bbox 748 2729 805 2753; x_wconf 82' lang='lat' dir='ltr'>sqq.</span> <span class='ocrx_word' id='word_1_326' title='bbox 828 2723 868 2746; x_wconf 84' lang='lat' dir='ltr'>ed.</span> <span class='ocrx_word' id='word_1_327' title='bbox 888 2723 1038 2755; x_wconf 67' lang='lat' dir='ltr'>Goettling.</span> 
     </span>
    </p>
   </div>
   <div class='ocr_carea' id='block_1_18' title="bbox 946 2039 1246 2088">
    <p class='ocr_par' dir='ltr' id='par_1_33' title="bbox 946 2039 1246 2088">
     <span class='ocr_line' id='line_1_55' title="bbox 946 2039 1246 2088; baseline -0.017 -11"><span class='ocrx_word' id='word_1_328' title='bbox 946 2039 1166 2088; x_wconf 66' lang='lat' dir='ltr'>Retinacula]</span> <span class='ocrx_word' id='word_1_329' title='bbox 1183 2041 1216 2073; x_wconf 90' lang='lat' dir='ltr'>id</span> <span class='ocrx_word' id='word_1_330' title='bbox 1244 2039 1246 2046; x_wconf 75' lang='lat'><em>&#39;</em></span> 
     </span>
    </p>
   </div>
   <div class='ocr_carea' id='block_1_19' title="bbox 1257 304 2258 607">
    <p class='ocr_par' dir='ltr' id='par_1_34' title="bbox 1257 304 2258 552">
     <span class='ocr_line' id='line_1_56' title="bbox 1257 304 2256 350; baseline 0.004 -13"><span class='ocrx_word' id='word_1_331' title='bbox 1257 305 1307 350; x_wconf 86' lang='lat' dir='ltr'>pli</span> <span class='ocrx_word' id='word_1_332' title='bbox 1330 305 1446 347; x_wconf 82' lang='lat' dir='ltr'>gratia</span> <span class='ocrx_word' id='word_1_333' title='bbox 1478 304 1516 336; x_wconf 90' lang='lat' dir='ltr'>in</span> <span class='ocrx_word' id='word_1_334' title='bbox 1541 306 1729 339; x_wconf 84' lang='lat' dir='ltr'>novilunio</span> <span class='ocrx_word' id='word_1_335' title='bbox 1758 307 1825 339; x_wconf 89' lang='lat' dir='ltr'>suit</span> <span class='ocrx_word' id='word_1_336' title='bbox 1857 308 2061 340; x_wconf 86' lang='lat' dir='ltr'>coniunctio</span> <span class='ocrx_word' id='word_1_337' title='bbox 2087 309 2117 349; x_wconf 62' lang='lat'>3)</span> <span class='ocrx_word' id='word_1_338' title='bbox 2139 308 2176 341; x_wconf 90' lang='lat' dir='ltr'>in</span> <span class='ocrx_word' id='word_1_339' title='bbox 2207 311 2256 349; x_wconf 62' lang='lat'>8,</span> 
     </span>
     <span class='ocr_line' id='line_1_57' title="bbox 1257 356 2257 404; baseline 0.004 -16"><span class='ocrx_word' id='word_1_340' title='bbox 1257 361 1379 400; x_wconf 84' lang='lat' dir='ltr'>postea</span> <span class='ocrx_word' id='word_1_341' title='bbox 1399 359 1428 399; x_wconf 59' lang='lat' dir='ltr'>D</span> <span class='ocrx_word' id='word_1_342' title='bbox 1452 356 1604 399; x_wconf 85' lang='lat' dir='ltr'>septimo</span> <span class='ocrx_word' id='word_1_343' title='bbox 1634 357 1689 389; x_wconf 86' lang='lat' dir='ltr'>die</span> <span class='ocrx_word' id='word_1_344' title='bbox 1710 358 1882 400; x_wconf 61' lang='lat' dir='ltr'>venit&#39;st,</span> <span class='ocrx_word' id='word_1_345' title='bbox 1921 359 1981 404; x_wconf 83' lang='lat' dir='ltr'>qui</span> <span class='ocrx_word' id='word_1_346' title='bbox 2008 365 2101 392; x_wconf 87' lang='lat' dir='ltr'>certe</span> <span class='ocrx_word' id='word_1_347' title='bbox 2129 366 2180 393; x_wconf 86' lang='lat' dir='ltr'>est</span> <span class='ocrx_word' id='word_1_348' title='bbox 2207 359 2257 392; x_wconf 81' lang='lat' dir='ltr'>al-</span> 
     </span>
     <span class='ocr_line' id='line_1_58' title="bbox 1258 406 2258 454; baseline 0.003 -15"><span class='ocrx_word' id='word_1_349' title='bbox 1258 406 1369 439; x_wconf 83' lang='lat' dir='ltr'>terius</span> <span class='ocrx_word' id='word_1_350' title='bbox 1387 407 1644 450; x_wconf 80' lang='lat' dir='ltr'>complexionis</span> <span class='ocrx_word' id='word_1_351' title='bbox 1654 420 1760 452; x_wconf 73' lang='lat' dir='ltr'>quani</span> <span class='ocrx_word' id='word_1_352' title='bbox 1785 420 1832 454; x_wconf 55' lang='lat' dir='ltr'>g.</span> <span class='ocrx_word' id='word_1_353' title='bbox 1876 409 1925 442; x_wconf 68' lang='lat' dir='ltr'>Ita</span> <span class='ocrx_word' id='word_1_354' title='bbox 1945 414 1974 454; x_wconf 61' lang='lat' dir='ltr'>D</span> <span class='ocrx_word' id='word_1_355' title='bbox 1989 422 2130 453; x_wconf 84' lang='lat' dir='ltr'>semper</span> <span class='ocrx_word' id='word_1_356' title='bbox 2151 410 2258 454; x_wconf 79' lang='lat' dir='ltr'>septi-</span> 
     </span>
     <span class='ocr_line' id='line_1_59' title="bbox 1259 455 2257 506; baseline 0.004 -16"><span class='ocrx_word' id='word_1_357' title='bbox 1259 469 1319 490; x_wconf 89' lang='lat' dir='ltr'>1no</span> <span class='ocrx_word' id='word_1_358' title='bbox 1346 455 1403 488; x_wconf 86' lang='lat' dir='ltr'>die</span> <span class='ocrx_word' id='word_1_359' title='bbox 1430 457 1527 490; x_wconf 76' lang='lat' dir='ltr'>venit</span> <span class='ocrx_word' id='word_1_360' title='bbox 1552 458 1589 490; x_wconf 91' lang='lat' dir='ltr'>in</span> <span class='ocrx_word' id='word_1_361' title='bbox 1622 460 1841 492; x_wconf 80' lang='lat' dir='ltr'>contrarium</span> <span class='ocrx_word' id='word_1_362' title='bbox 1872 461 2012 504; x_wconf 79' lang='lat' dir='ltr'>signum</span> <span class='ocrx_word' id='word_1_363' title='bbox 2039 461 2089 501; x_wconf 88' lang='lat' dir='ltr'>ei,</span> <span class='ocrx_word' id='word_1_364' title='bbox 2122 461 2161 493; x_wconf 89' lang='lat' dir='ltr'>in</span> <span class='ocrx_word' id='word_1_365' title='bbox 2185 473 2257 506; x_wconf 86' lang='lat' dir='ltr'>quo</span> 
     </span>
     <span class='ocr_line' id='line_1_60' title="bbox 1260 506 1592 552; baseline 0.006 -13"><span class='ocrx_word' id='word_1_366' title='bbox 1260 506 1439 552; x_wconf 87' lang='lat' dir='ltr'>principio</span> <span class='ocrx_word' id='word_1_367' title='bbox 1464 509 1592 542; x_wconf 82' lang='lat' dir='ltr'>fuerat.</span> 
     </span>
    </p>

    <p class='ocr_par' dir='ltr' id='par_1_35' title="bbox 1362 556 2257 607">
     <span class='ocr_line' id='line_1_61' title="bbox 1362 556 2257 607; baseline 0.01 -19"><span class='ocrx_word' id='word_1_368' title='bbox 1362 556 1423 591; x_wconf 75' lang='lat' dir='ltr'>Vs.</span> <span class='ocrx_word' id='word_1_369' title='bbox 1442 559 1530 594; x_wconf 90' lang='lat'>278.</span> <span class='ocrx_word' id='word_1_370' title='bbox 1560 558 1778 607; x_wconf 75' lang='lat' dir='ltr'>Eumenides]</span> <span class='ocrx_word' id='word_1_371' title='bbox 1807 561 1842 593; x_wconf 90' lang='lat' dir='ltr'>id</span> <span class='ocrx_word' id='word_1_372' title='bbox 1859 568 1928 603; x_wconf 86' lang='lat' dir='ltr'>est,</span> <span class='ocrx_word' id='word_1_373' title='bbox 1956 563 2083 596; x_wconf 85' lang='lat' dir='ltr'>furiae.</span> <span class='ocrx_word' id='word_1_374' title='bbox 2147 565 2257 597; x_wconf 83' lang='lat' dir='ltr'>Terra</span> 
     </span>
    </p>
   </div>
   <div class='ocr_carea' id='block_1_20' title="bbox 1262 606 2257 705">
    <p class='ocr_par' dir='ltr' id='par_1_36' title="bbox 1262 606 2257 705">
     <span class='ocr_line' id='line_1_62' title="bbox 1262 606 2257 656; baseline 0.005 -14"><span class='ocrx_word' id='word_1_375' title='bbox 1262 606 1422 655; x_wconf 76' lang='lat' dir='ltr'>nefando]</span> <span class='ocrx_word' id='word_1_376' title='bbox 1454 611 1488 643; x_wconf 88' lang='lat' dir='ltr'>id</span> <span class='ocrx_word' id='word_1_377' title='bbox 1515 617 1585 650; x_wconf 80' lang='lat' dir='ltr'>est,</span> <span class='ocrx_word' id='word_1_378' title='bbox 1615 612 1809 645; x_wconf 84' lang='lat' dir='ltr'>monstrosi</span> <span class='ocrx_word' id='word_1_379' title='bbox 1834 619 1956 656; x_wconf 81' lang='lat' dir='ltr'>partus</span> <span class='ocrx_word' id='word_1_380' title='bbox 1983 620 2065 648; x_wconf 89' lang='lat' dir='ltr'>sunt</span> <span class='ocrx_word' id='word_1_381' title='bbox 2088 614 2174 647; x_wconf 86' lang='lat' dir='ltr'>editi</span> <span class='ocrx_word' id='word_1_382' title='bbox 2196 614 2257 647; x_wconf 85' lang='lat' dir='ltr'>illo</span> 
     </span>
     <span class='ocr_line' id='line_1_63' title="bbox 1262 668 1436 705; baseline 0 -11"><span class='ocrx_word' id='word_1_383' title='bbox 1262 668 1436 705; x_wconf 78' lang='lat' dir='ltr'>tempore.</span> 
     </span>
    </p>
   </div>
   <div class='ocr_carea' id='block_1_21' title="bbox 1365 710 2257 759">
    <p class='ocr_par' dir='ltr' id='par_1_37' title="bbox 1365 710 2257 759">
     <span class='ocr_line' id='line_1_64' title="bbox 1365 710 2257 759; baseline 0.006 -14"><span class='ocrx_word' id='word_1_384' title='bbox 1365 710 1425 745; x_wconf 63' lang='lat' dir='ltr'>Vs.</span> <span class='ocrx_word' id='word_1_385' title='bbox 1442 712 1529 746; x_wconf 86' lang='lat'>279.</span> <span class='ocrx_word' id='word_1_386' title='bbox 1557 711 1792 759; x_wconf 72' lang='lat' dir='ltr'>Iapetumque]</span> <span class='ocrx_word' id='word_1_387' title='bbox 1818 713 1894 745; x_wconf 90' lang='lat' dir='ltr'>Hoc</span> <span class='ocrx_word' id='word_1_388' title='bbox 1917 725 2049 747; x_wconf 86' lang='lat' dir='ltr'>nomen</span> <span class='ocrx_word' id='word_1_389' title='bbox 2074 714 2169 750; x_wconf 85' lang='lat' dir='ltr'>haud</span> <span class='ocrx_word' id='word_1_390' title='bbox 2193 718 2257 749; x_wconf 87' lang='lat' dir='ltr'>du-</span> 
     </span>
    </p>
   </div>
   <div class='ocr_carea' id='block_1_22' title="bbox 1236 761 1666 820">
    <p class='ocr_par' dir='ltr' id='par_1_38' title="bbox 1236 761 1666 820">
     <span class='ocr_line' id='line_1_65' title="bbox 1236 761 1666 820; baseline 0.002 -25"><span class='ocrx_word' id='word_1_391' title='bbox 1236 795 1237 820; x_wconf 32' lang='lat'>}</span> <span class='ocrx_word' id='word_1_392' title='bbox 1263 763 1319 795; x_wconf 83' lang='lat' dir='ltr'>bie</span> <span class='ocrx_word' id='word_1_393' title='bbox 1338 775 1355 794; x_wconf 87' lang='lat' dir='ltr'>a</span> <span class='ocrx_word' id='word_1_394' title='bbox 1374 761 1498 806; x_wconf 80' lang='lat' dir='ltr'>lapliet</span> <span class='ocrx_word' id='word_1_395' title='bbox 1522 762 1666 798; x_wconf 75' lang='lat' dir='ltr'>liabent.</span> 
     </span>
    </p>
   </div>
   <div class='ocr_carea' id='block_1_23' title="bbox 314 855 1239 950">
    <p class='ocr_par' dir='ltr' id='par_1_39' title="bbox 314 855 1239 950">
     <span class='ocr_line' id='line_1_66' title="bbox 314 855 1239 912; baseline -0.003 -12"><span class='ocrx_word' id='word_1_396' title='bbox 314 866 375 900; x_wconf 60' lang='lat' dir='ltr'>Vs.</span> <span class='ocrx_word' id='word_1_397' title='bbox 391 866 478 902; x_wconf 84' lang='lat'>240.</span> <span class='ocrx_word' id='word_1_398' title='bbox 506 868 660 901; x_wconf 72' lang='lat' dir='ltr'>Mundus</span> <span class='ocrx_word' id='word_1_399' title='bbox 678 864 730 912; x_wconf 78' lang='lat' dir='ltr'>nt]</span> <span class='ocrx_word' id='word_1_400' title='bbox 758 866 791 898; x_wconf 89' lang='lat' dir='ltr'>id</span> <span class='ocrx_word' id='word_1_401' title='bbox 811 872 882 904; x_wconf 84' lang='lat' dir='ltr'>est,</span> <span class='ocrx_word' id='word_1_402' title='bbox 911 864 1016 898; x_wconf 83' lang='lat' dir='ltr'>nobis</span> <span class='ocrx_word' id='word_1_403' title='bbox 1044 863 1101 896; x_wconf 82' lang='lat' dir='ltr'>illa</span> <span class='ocrx_word' id='word_1_404' title='bbox 1127 876 1210 908; x_wconf 85' lang='lat' dir='ltr'>pars</span> <span class='ocrx_word' id='word_1_405' title='bbox 1236 855 1239 870; x_wconf 32' lang='grc' dir='ltr'><strong><em>ἦ</em></strong></span> 
     </span>
     <span class='ocr_line' id='line_1_67' title="bbox 1105 917 1239 950; baseline -0.007 0"><span class='ocrx_word' id='word_1_406' title='bbox 1105 918 1211 950; x_wconf 73' lang='lat' dir='ltr'>Aroes</span> <span class='ocrx_word' id='word_1_407' title='bbox 1238 917 1239 938; x_wconf 48' lang='lat' dir='ltr'>l</span> 
     </span>
    </p>
   </div>
   <div class='ocr_carea' id='block_1_24' title="bbox 853 965 2261 1015">
    <p class='ocr_par' dir='ltr' id='par_1_40' title="bbox 853 965 2261 1015">
     <span class='ocr_line' id='line_1_68' title="bbox 853 965 2261 1015; baseline 0.006 -18"><span class='ocrx_word' id='word_1_408' title='bbox 853 967 998 1000; x_wconf 64' lang='lat' dir='ltr'>Veteres</span> <span class='ocrx_word' id='word_1_409' title='bbox 1018 979 1091 999; x_wconf 87' lang='lat' dir='ltr'>non</span> <span class='ocrx_word' id='word_1_410' title='bbox 1108 967 1211 1000; x_wconf 84' lang='lat' dir='ltr'>intel·</span> <span class='ocrx_word' id='word_1_411' title='bbox 1236 988 1241 1015; x_wconf 54' lang='lat'><strong>3</strong></span> <span class='ocrx_word' id='word_1_412' title='bbox 1266 965 1400 999; x_wconf 82' lang='lat' dir='ltr'>habent</span> <span class='ocrx_word' id='word_1_413' title='bbox 1417 968 1595 1000; x_wconf 83' lang='lat' dir='ltr'>rationem</span> <span class='ocrx_word' id='word_1_414' title='bbox 1615 965 1810 1012; x_wconf 72' lang='lat' dir='ltr'>physicam.</span> <span class='ocrx_word' id='word_1_415' title='bbox 1856 969 1978 1001; x_wconf 85' lang='lat' dir='ltr'>Sectae</span> <span class='ocrx_word' id='word_1_416' title='bbox 1995 969 2161 1004; x_wconf 80' lang='lat' dir='ltr'>materies</span> <span class='ocrx_word' id='word_1_417' title='bbox 2180 978 2261 1005; x_wconf 83' lang='lat' dir='ltr'>ante</span> 
     </span>
    </p>
   </div>
   <div class='ocr_carea' id='block_1_25' title="bbox 1265 811 2259 898">
    <p class='ocr_par' dir='ltr' id='par_1_41' title="bbox 1265 811 2259 898">
     <span class='ocr_line' id='line_1_69' title="bbox 1368 811 2259 860; baseline 0.004 -14"><span class='ocrx_word' id='word_1_418' title='bbox 1368 813 1427 846; x_wconf 66' lang='lat' dir='ltr'>Vs.</span> <span class='ocrx_word' id='word_1_419' title='bbox 1454 815 1540 849; x_wconf 88' lang='lat'>281.</span> <span class='ocrx_word' id='word_1_420' title='bbox 1578 815 1672 848; x_wconf 65' lang='lat' dir='ltr'>Pelio</span> <span class='ocrx_word' id='word_1_421' title='bbox 1692 811 1828 860; x_wconf 78' lang='lat' dir='ltr'>Ossam]</span> <span class='ocrx_word' id='word_1_422' title='bbox 1874 814 1940 848; x_wconf 83' lang='lat' dir='ltr'>Hic</span> <span class='ocrx_word' id='word_1_423' title='bbox 1964 816 2104 850; x_wconf 77' lang='lat' dir='ltr'>vocales</span> <span class='ocrx_word' id='word_1_424' title='bbox 2133 829 2154 849; x_wconf 91' lang='grc' dir='ltr'>ο</span> <span class='ocrx_word' id='word_1_425' title='bbox 2180 823 2214 850; x_wconf 86' lang='lat' dir='ltr'>et</span> <span class='ocrx_word' id='word_1_426' title='bbox 2239 830 2259 850; x_wconf 90' lang='lat' dir='ltr'>o</span> 
     </span>
     <span class='ocr_line' id='line_1_70' title="bbox 1265 865 1625 898; baseline 0.003 -1"><span class='ocrx_word' id='word_1_427' title='bbox 1265 877 1339 897; x_wconf 88' lang='lat' dir='ltr'>non</span> <span class='ocrx_word' id='word_1_428' title='bbox 1359 871 1441 898; x_wconf 88' lang='lat' dir='ltr'>sunt</span> <span class='ocrx_word' id='word_1_429' title='bbox 1459 865 1625 898; x_wconf 87' lang='lat' dir='ltr'>elidendi.</span> 
     </span>
    </p>
   </div>
   <div class='ocr_carea' id='block_1_26' title="bbox 1368 913 2260 963">
    <p class='ocr_par' dir='ltr' id='par_1_42' title="bbox 1368 913 2260 963">
     <span class='ocr_line' id='line_1_71' title="bbox 1368 913 2260 963; baseline 0.006 -14"><span class='ocrx_word' id='word_1_430' title='bbox 1368 914 1428 949; x_wconf 74' lang='lat' dir='ltr'>Vs.</span> <span class='ocrx_word' id='word_1_431' title='bbox 1446 916 1533 951; x_wconf 73' lang='lat'>284.</span> <span class='ocrx_word' id='word_1_432' title='bbox 1561 918 1716 960; x_wconf 76' lang='lat' dir='ltr'>Septima</span> <span class='ocrx_word' id='word_1_433' title='bbox 1729 922 1803 958; x_wconf 79' lang='lat' dir='ltr'>post</span> <span class='ocrx_word' id='word_1_434' title='bbox 1819 913 1998 963; x_wconf 71' lang='lat' dir='ltr'>decimam]</span> <span class='ocrx_word' id='word_1_435' title='bbox 2018 916 2113 950; x_wconf 85' lang='lat' dir='ltr'>Haec</span> <span class='ocrx_word' id='word_1_436' title='bbox 2130 918 2260 953; x_wconf 86' lang='lat' dir='ltr'>iterum</span> 
     </span>
    </p>
   </div>
   <div class='ocr_carea' id='block_1_27' title="bbox 1265 1018 2263 1117">
    <p class='ocr_par' dir='ltr' id='par_1_43' title="bbox 1265 1018 2263 1117">
     <span class='ocr_line' id='line_1_72' title="bbox 1265 1018 2263 1063; baseline 0.005 -13"><span class='ocrx_word' id='word_1_437' title='bbox 1265 1018 1502 1062; x_wconf 83' lang='lat' dir='ltr'>plenilunium</span> <span class='ocrx_word' id='word_1_438' title='bbox 1531 1019 1631 1051; x_wconf 72' lang='lat' dir='ltr'>facile</span> <span class='ocrx_word' id='word_1_439' title='bbox 1658 1025 1883 1061; x_wconf 83' lang='lat' dir='ltr'>putrescunt,</span> <span class='ocrx_word' id='word_1_440' title='bbox 1911 1019 1994 1063; x_wconf 86' lang='lat' dir='ltr'>quia</span> <span class='ocrx_word' id='word_1_441' title='bbox 2022 1021 2174 1054; x_wconf 89' lang='lat' dir='ltr'>multum</span> <span class='ocrx_word' id='word_1_442' title='bbox 2198 1020 2263 1055; x_wconf 82' lang='lat' dir='ltr'>ha-</span> 
     </span>
     <span class='ocr_line' id='line_1_73' title="bbox 1266 1066 2262 1117; baseline 0.006 -17"><span class='ocrx_word' id='word_1_443' title='bbox 1266 1070 1351 1101; x_wconf 85' lang='lat' dir='ltr'>bent</span> <span class='ocrx_word' id='word_1_444' title='bbox 1379 1066 1587 1106; x_wconf 80' lang='lat' dir='ltr'>liumorem;</span> <span class='ocrx_word' id='word_1_445' title='bbox 1627 1071 1687 1102; x_wconf 87' lang='lat' dir='ltr'>sed</span> <span class='ocrx_word' id='word_1_446' title='bbox 1716 1076 1797 1112; x_wconf 85' lang='lat' dir='ltr'>post</span> <span class='ocrx_word' id='word_1_447' title='bbox 1826 1070 2063 1113; x_wconf 82' lang='lat' dir='ltr'>plenilunium</span> <span class='ocrx_word' id='word_1_448' title='bbox 2093 1084 2167 1105; x_wconf 90' lang='lat' dir='ltr'>non</span> <span class='ocrx_word' id='word_1_449' title='bbox 2198 1085 2262 1117; x_wconf 90' lang='lat' dir='ltr'>pu-</span> 
     </span>
    </p>
   </div>
   <div class='ocr_carea' id='block_1_28' title="bbox 1240 1117 2030 1164">
    <p class='ocr_par' dir='ltr' id='par_1_44' title="bbox 1240 1117 2030 1164">
     <span class='ocr_line' id='line_1_74' title="bbox 1240 1117 2030 1164; baseline 0.003 -12"><span class='ocrx_word' id='word_1_450' title='bbox 1240 1155 1241 1163; x_wconf 21' lang='lat'>}</span> <span class='ocrx_word' id='word_1_451' title='bbox 1267 1125 1445 1158; x_wconf 76' lang='lat' dir='ltr'>trescunt,</span> <span class='ocrx_word' id='word_1_452' title='bbox 1473 1120 1555 1164; x_wconf 83' lang='lat' dir='ltr'>qnia</span> <span class='ocrx_word' id='word_1_453' title='bbox 1573 1120 1690 1152; x_wconf 85' lang='lat' dir='ltr'>minus</span> <span class='ocrx_word' id='word_1_454' title='bbox 1708 1117 1839 1152; x_wconf 76' lang='lat' dir='ltr'>liabent</span> <span class='ocrx_word' id='word_1_455' title='bbox 1858 1119 2030 1155; x_wconf 87' lang='lat' dir='ltr'>humoris.</span> 
     </span>
    </p>
   </div>
   <div class='ocr_carea' id='block_1_29' title="bbox 1268 1168 2266 1728">
    <p class='ocr_par' dir='ltr' id='par_1_45' title="bbox 1371 1168 2203 1217">
     <span class='ocr_line' id='line_1_75' title="bbox 1371 1168 2203 1217; baseline 0.004 -14"><span class='ocrx_word' id='word_1_456' title='bbox 1371 1170 1430 1204; x_wconf 73' lang='lat' dir='ltr'>Vs.</span> <span class='ocrx_word' id='word_1_457' title='bbox 1447 1171 1532 1205; x_wconf 89' lang='lat'>287.</span> <span class='ocrx_word' id='word_1_458' title='bbox 1560 1172 1678 1204; x_wconf 75' lang='lat' dir='ltr'>Multa</span> <span class='ocrx_word' id='word_1_459' title='bbox 1696 1168 1792 1217; x_wconf 82' lang='lat' dir='ltr'>adeo]</span> <span class='ocrx_word' id='word_1_460' title='bbox 1821 1170 1929 1204; x_wconf 63' lang='lat' dir='ltr'>XYH.</span> <span class='ocrx_word' id='word_1_461' title='bbox 1958 1179 2203 1216; x_wconf 86' lang='lat' dir='ltr'>praeceptum.</span> 
     </span>
    </p>

    <p class='ocr_par' dir='ltr' id='par_1_46' title="bbox 1269 1219 2264 1316">
     <span class='ocr_line' id='line_1_76' title="bbox 1370 1219 2264 1268; baseline 0.002 -14"><span class='ocrx_word' id='word_1_462' title='bbox 1370 1221 1430 1255; x_wconf 72' lang='lat' dir='ltr'>Vs.</span> <span class='ocrx_word' id='word_1_463' title='bbox 1448 1222 1535 1257; x_wconf 87' lang='lat'>288.</span> <span class='ocrx_word' id='word_1_464' title='bbox 1561 1223 1640 1256; x_wconf 82' lang='lat' dir='ltr'>Sole</span> <span class='ocrx_word' id='word_1_465' title='bbox 1657 1219 1753 1268; x_wconf 76' lang='lat' dir='ltr'>novo]</span> <span class='ocrx_word' id='word_1_466' title='bbox 1776 1223 1810 1254; x_wconf 86' lang='lat' dir='ltr'>id</span> <span class='ocrx_word' id='word_1_467' title='bbox 1828 1228 1898 1261; x_wconf 84' lang='lat' dir='ltr'>est,</span> <span class='ocrx_word' id='word_1_468' title='bbox 1927 1228 2008 1255; x_wconf 77' lang='lat' dir='ltr'>ante</span> <span class='ocrx_word' id='word_1_469' title='bbox 2026 1223 2110 1256; x_wconf 88' lang='lat' dir='ltr'>solis</span> <span class='ocrx_word' id='word_1_470' title='bbox 2131 1229 2264 1264; x_wconf 83' lang='lat' dir='ltr'>ortum,</span> 
     </span>
     <span class='ocr_line' id='line_1_77' title="bbox 1269 1275 1645 1316; baseline 0.005 -10"><span class='ocrx_word' id='word_1_471' title='bbox 1269 1286 1380 1315; x_wconf 76' lang='lat' dir='ltr'>gegen</span> <span class='ocrx_word' id='word_1_472' title='bbox 1401 1275 1468 1306; x_wconf 76' lang='lat' dir='ltr'>(len</span> <span class='ocrx_word' id='word_1_473' title='bbox 1485 1286 1645 1316; x_wconf 69' lang='lat' dir='ltr'>morgen.</span> 
     </span>
    </p>

    <p class='ocr_par' dir='ltr' id='par_1_47' title="bbox 1268 1322 2200 1423">
     <span class='ocr_line' id='line_1_78' title="bbox 1370 1322 2134 1371; baseline 0.004 -14"><span class='ocrx_word' id='word_1_474' title='bbox 1370 1323 1430 1357; x_wconf 67' lang='lat' dir='ltr'>Vs.</span> <span class='ocrx_word' id='word_1_475' title='bbox 1449 1325 1536 1360; x_wconf 89' lang='lat'>290.</span> <span class='ocrx_word' id='word_1_476' title='bbox 1569 1322 1779 1371; x_wconf 75' lang='lat' dir='ltr'>Tondentur]</span> <span class='ocrx_word' id='word_1_477' title='bbox 1808 1325 1842 1357; x_wconf 88' lang='lat' dir='ltr'>id</span> <span class='ocrx_word' id='word_1_478' title='bbox 1862 1331 1932 1365; x_wconf 87' lang='lat' dir='ltr'>est,</span> <span class='ocrx_word' id='word_1_479' title='bbox 1959 1332 2134 1360; x_wconf 74' lang='lat' dir='ltr'>secantur.</span> 
     </span>
     <span class='ocr_line' id='line_1_79' title="bbox 1268 1374 2200 1423; baseline 0 -13"><span class='ocrx_word' id='word_1_480' title='bbox 1268 1375 1392 1417; x_wconf 72' lang='lat' dir='ltr'>Deficit</span> <span class='ocrx_word' id='word_1_481' title='bbox 1409 1374 1545 1423; x_wconf 73' lang='lat' dir='ltr'>humor]</span> <span class='ocrx_word' id='word_1_482' title='bbox 1576 1376 1610 1408; x_wconf 86' lang='lat' dir='ltr'>id</span> <span class='ocrx_word' id='word_1_483' title='bbox 1631 1383 1700 1415; x_wconf 86' lang='lat' dir='ltr'>est,</span> <span class='ocrx_word' id='word_1_484' title='bbox 1729 1387 1800 1408; x_wconf 82' lang='lat' dir='ltr'>nox</span> <span class='ocrx_word' id='word_1_485' title='bbox 1816 1387 1956 1419; x_wconf 84' lang='lat' dir='ltr'>semper</span> <span class='ocrx_word' id='word_1_486' title='bbox 1974 1382 2025 1409; x_wconf 83' lang='lat' dir='ltr'>est</span> <span class='ocrx_word' id='word_1_487' title='bbox 2042 1374 2200 1412; x_wconf 81' lang='lat' dir='ltr'>humida.</span> 
     </span>
    </p>

    <p class='ocr_par' dir='ltr' id='par_1_48' title="bbox 1372 1424 2049 1473">
     <span class='ocr_line' id='line_1_80' title="bbox 1372 1424 2049 1473; baseline 0.003 -14"><span class='ocrx_word' id='word_1_488' title='bbox 1372 1425 1432 1460; x_wconf 62' lang='lat' dir='ltr'>Vs.</span> <span class='ocrx_word' id='word_1_489' title='bbox 1449 1427 1535 1462; x_wconf 87' lang='lat'>292.</span> <span class='ocrx_word' id='word_1_490' title='bbox 1565 1424 1733 1473; x_wconf 78' lang='lat' dir='ltr'>Inspicat]</span> <span class='ocrx_word' id='word_1_491' title='bbox 1763 1427 1797 1459; x_wconf 87' lang='lat' dir='ltr'>id</span> <span class='ocrx_word' id='word_1_492' title='bbox 1815 1433 1886 1466; x_wconf 88' lang='lat' dir='ltr'>est,</span> <span class='ocrx_word' id='word_1_493' title='bbox 1912 1426 2049 1461; x_wconf 82' lang='lat' dir='ltr'>incidit.</span> 
     </span>
    </p>

    <p class='ocr_par' dir='ltr' id='par_1_49' title="bbox 1372 1475 2088 1524">
     <span class='ocr_line' id='line_1_81' title="bbox 1372 1475 2088 1524; baseline 0.003 -14"><span class='ocrx_word' id='word_1_494' title='bbox 1372 1477 1432 1511; x_wconf 61' lang='lat' dir='ltr'>Vs.</span> <span class='ocrx_word' id='word_1_495' title='bbox 1450 1478 1538 1513; x_wconf 85' lang='lat'>298.</span> <span class='ocrx_word' id='word_1_496' title='bbox 1570 1475 1704 1524; x_wconf 76' lang='lat' dir='ltr'>Toslas]</span> <span class='ocrx_word' id='word_1_497' title='bbox 1733 1478 1766 1509; x_wconf 88' lang='lat' dir='ltr'>id</span> <span class='ocrx_word' id='word_1_498' title='bbox 1788 1484 1856 1515; x_wconf 80' lang='lat' dir='ltr'>est,</span> <span class='ocrx_word' id='word_1_499' title='bbox 1885 1478 2088 1512; x_wconf 82' lang='lat' dir='ltr'>desiccatas.</span> 
     </span>
    </p>

    <p class='ocr_par' dir='ltr' id='par_1_50' title="bbox 1270 1525 2265 1675">
     <span class='ocr_line' id='line_1_82' title="bbox 1372 1525 2263 1575; baseline 0.002 -14"><span class='ocrx_word' id='word_1_500' title='bbox 1372 1527 1432 1561; x_wconf 64' lang='lat' dir='ltr'>Vs.</span> <span class='ocrx_word' id='word_1_501' title='bbox 1449 1529 1536 1564; x_wconf 88' lang='lat'>299.</span> <span class='ocrx_word' id='word_1_502' title='bbox 1564 1531 1684 1563; x_wconf 77' lang='lat' dir='ltr'>Nudus</span> <span class='ocrx_word' id='word_1_503' title='bbox 1701 1525 1779 1575; x_wconf 77' lang='lat' dir='ltr'>ara]</span> <span class='ocrx_word' id='word_1_504' title='bbox 1814 1527 1937 1562; x_wconf 66' lang='lat' dir='ltr'>XVIII.</span> <span class='ocrx_word' id='word_1_505' title='bbox 1965 1535 2195 1573; x_wconf 81' lang='lat' dir='ltr'>praeceptum</span> <span class='ocrx_word' id='word_1_506' title='bbox 2220 1531 2263 1563; x_wconf 91' lang='lat' dir='ltr'>de</span> 
     </span>
     <span class='ocr_line' id='line_1_83' title="bbox 1271 1580 2265 1625; baseline 0.002 -13"><span class='ocrx_word' id='word_1_507' title='bbox 1271 1580 1492 1623; x_wconf 81' lang='lat' dir='ltr'>temporibus</span> <span class='ocrx_word' id='word_1_508' title='bbox 1530 1581 1720 1620; x_wconf 76' lang='lat' dir='ltr'>arationis,</span> <span class='ocrx_word' id='word_1_509' title='bbox 1756 1581 1790 1611; x_wconf 92' lang='lat' dir='ltr'>id</span> <span class='ocrx_word' id='word_1_510' title='bbox 1817 1586 1885 1619; x_wconf 85' lang='lat' dir='ltr'>est,</span> <span class='ocrx_word' id='word_1_511' title='bbox 1919 1581 2130 1625; x_wconf 83' lang='lat' dir='ltr'>priusquam</span> <span class='ocrx_word' id='word_1_512' title='bbox 2166 1581 2265 1614; x_wconf 77' lang='lat' dir='ltr'>venit</span> 
     </span>
     <span class='ocr_line' id='line_1_84' title="bbox 1270 1629 2022 1675; baseline 0 -11"><span class='ocrx_word' id='word_1_513' title='bbox 1270 1629 1453 1664; x_wconf 84' lang='lat' dir='ltr'>horridior</span> <span class='ocrx_word' id='word_1_514' title='bbox 1470 1630 1613 1675; x_wconf 67' lang='lat' dir='ltr'>hyems,</span> <span class='ocrx_word' id='word_1_515' title='bbox 1641 1644 1700 1663; x_wconf 76' lang='lat' dir='ltr'>ara</span> <span class='ocrx_word' id='word_1_516' title='bbox 1715 1657 1723 1669; x_wconf 92' lang='grc'>,</span> <span class='ocrx_word' id='word_1_517' title='bbox 1751 1631 1805 1662; x_wconf 83' lang='lat' dir='ltr'>vel</span> <span class='ocrx_word' id='word_1_518' title='bbox 1829 1637 1911 1663; x_wconf 85' lang='lat' dir='ltr'>ante</span> <span class='ocrx_word' id='word_1_519' title='bbox 1930 1631 2022 1674; x_wconf 81' lang='lat' dir='ltr'>gelu.</span> 
     </span>
    </p>

    <p class='ocr_par' dir='ltr' id='par_1_51' title="bbox 1372 1679 2266 1728">
     <span class='ocr_line' id='line_1_85' title="bbox 1372 1679 2266 1728; baseline 0.002 -13"><span class='ocrx_word' id='word_1_520' title='bbox 1372 1682 1432 1715; x_wconf 63' lang='grc' dir='ltr'><strong>Ῡε.</strong></span> <span class='ocrx_word' id='word_1_521' title='bbox 1448 1683 1533 1715; x_wconf 89' lang='grc'><strong>300.</strong></span> <span class='ocrx_word' id='word_1_522' title='bbox 1563 1679 1686 1728; x_wconf 70' lang='lat' dir='ltr'>Pario]</span> <span class='ocrx_word' id='word_1_523' title='bbox 1714 1680 1754 1714; x_wconf 90' lang='lat' dir='ltr'>In</span> <span class='ocrx_word' id='word_1_524' title='bbox 1771 1680 1898 1726; x_wconf 71' lang='lat' dir='ltr'>hyeme</span> <span class='ocrx_word' id='word_1_525' title='bbox 1915 1682 2084 1715; x_wconf 84' lang='lat' dir='ltr'>fruuntur</span> <span class='ocrx_word' id='word_1_526' title='bbox 2097 1681 2172 1716; x_wconf 86' lang='lat' dir='ltr'>istis</span> <span class='ocrx_word' id='word_1_527' title='bbox 2194 1682 2266 1717; x_wconf 88' lang='lat' dir='ltr'>suis</span> 
     </span>
    </p>
   </div>
   <div class='ocr_carea' id='block_1_30' title="bbox 1242 1733 1408 1776">
    <p class='ocr_par' dir='ltr' id='par_1_52' title="bbox 1242 1733 1408 1776">
     <span class='ocr_line' id='line_1_86' title="bbox 1242 1733 1408 1776; baseline 0.006 -12"><span class='ocrx_word' id='word_1_528' title='bbox 1242 1750 1245 1764; x_wconf 66' lang='grc' dir='ltr'><em>ι</em></span> <span class='ocrx_word' id='word_1_529' title='bbox 1272 1733 1408 1776; x_wconf 85' lang='lat' dir='ltr'>opibus.</span> 
     </span>
    </p>
   </div>
   <div class='ocr_carea' id='block_1_31' title="bbox 1273 1781 2266 1984">
    <p class='ocr_par' dir='ltr' id='par_1_53' title="bbox 1371 1781 2162 1830">
     <span class='ocr_line' id='line_1_87' title="bbox 1371 1781 2162 1830; baseline 0.003 -14"><span class='ocrx_word' id='word_1_530' title='bbox 1371 1782 1432 1817; x_wconf 62' lang='lat' dir='ltr'>Vs.</span> <span class='ocrx_word' id='word_1_531' title='bbox 1449 1784 1535 1818; x_wconf 84' lang='lat'>302.</span> <span class='ocrx_word' id='word_1_532' title='bbox 1567 1781 1737 1829; x_wconf 58' lang='lat' dir='ltr'>Genitalis]</span> <span class='ocrx_word' id='word_1_533' title='bbox 1766 1783 1801 1816; x_wconf 89' lang='lat' dir='ltr'>id</span> <span class='ocrx_word' id='word_1_534' title='bbox 1819 1791 1888 1823; x_wconf 80' lang='lat' dir='ltr'>est,</span> <span class='ocrx_word' id='word_1_535' title='bbox 1915 1785 2007 1817; x_wconf 80' lang='lat' dir='ltr'>laeta</span> <span class='ocrx_word' id='word_1_536' title='bbox 2026 1782 2162 1830; x_wconf 86' lang='lat' dir='ltr'>hyems.</span> 
     </span>
    </p>

    <p class='ocr_par' dir='ltr' id='par_1_54' title="bbox 1273 1832 2266 1931">
     <span class='ocr_line' id='line_1_88' title="bbox 1372 1832 2266 1882; baseline -0.001 -13"><span class='ocrx_word' id='word_1_537' title='bbox 1372 1834 1433 1869; x_wconf 61' lang='lat' dir='ltr'>Vs.</span> <span class='ocrx_word' id='word_1_538' title='bbox 1460 1835 1546 1868; x_wconf 86' lang='grc'><strong>303.</strong></span> <span class='ocrx_word' id='word_1_539' title='bbox 1583 1837 1648 1869; x_wconf 74' lang='lat' dir='ltr'>Ceu</span> <span class='ocrx_word' id='word_1_540' title='bbox 1670 1832 1824 1882; x_wconf 80' lang='lat' dir='ltr'>pressae]</span> <span class='ocrx_word' id='word_1_541' title='bbox 1860 1833 2107 1869; x_wconf 84' lang='lat' dir='ltr'>Pulcherrima</span> <span class='ocrx_word' id='word_1_542' title='bbox 2136 1835 2266 1869; x_wconf 83' lang='lat' dir='ltr'>simili·-</span> 
     </span>
     <span class='ocr_line' id='line_1_89' title="bbox 1273 1886 2215 1931; baseline 0 -11"><span class='ocrx_word' id='word_1_543' title='bbox 1273 1889 1377 1927; x_wconf 80' lang='lat' dir='ltr'>tudo,</span> <span class='ocrx_word' id='word_1_544' title='bbox 1407 1886 1530 1931; x_wconf 60' lang='lat' dir='ltr'>hyems</span> <span class='ocrx_word' id='word_1_545' title='bbox 1549 1892 1599 1919; x_wconf 82' lang='lat' dir='ltr'>est</span> <span class='ocrx_word' id='word_1_546' title='bbox 1616 1886 1715 1931; x_wconf 80' lang='lat' dir='ltr'>quasi</span> <span class='ocrx_word' id='word_1_547' title='bbox 1733 1894 1856 1929; x_wconf 84' lang='lat' dir='ltr'>portus</span> <span class='ocrx_word' id='word_1_548' title='bbox 1873 1887 2002 1920; x_wconf 87' lang='lat' dir='ltr'>animis</span> <span class='ocrx_word' id='word_1_549' title='bbox 2022 1887 2215 1931; x_wconf 84' lang='lat' dir='ltr'>occupatis.</span> 
     </span>
    </p>

    <p class='ocr_par' dir='ltr' id='par_1_55' title="bbox 1375 1935 2266 1984">
     <span class='ocr_line' id='line_1_90' title="bbox 1375 1935 2266 1984; baseline 0.001 -15"><span class='ocrx_word' id='word_1_550' title='bbox 1375 1938 1436 1972; x_wconf 56' lang='lat' dir='ltr'>Vs.</span> <span class='ocrx_word' id='word_1_551' title='bbox 1455 1938 1540 1971; x_wconf 83' lang='grc'><strong>308.</strong></span> <span class='ocrx_word' id='word_1_552' title='bbox 1575 1935 1726 1984; x_wconf 78' lang='lat' dir='ltr'>Damas]</span> <span class='ocrx_word' id='word_1_553' title='bbox 1763 1943 1814 1971; x_wconf 88' lang='lat' dir='ltr'>est</span> <span class='ocrx_word' id='word_1_554' title='bbox 1846 1939 2020 1982; x_wconf 85' lang='lat' dir='ltr'>quaedam</span> <span class='ocrx_word' id='word_1_555' title='bbox 2048 1939 2181 1982; x_wconf 90' lang='lat' dir='ltr'>species</span> <span class='ocrx_word' id='word_1_556' title='bbox 2208 1950 2266 1971; x_wconf 90' lang='lat' dir='ltr'>co-</span> 
     </span>
    </p>
   </div>
   <div class='ocr_carea' id='block_1_32' title="bbox 1244 1987 2265 2035">
    <p class='ocr_par' dir='ltr' id='par_1_56' title="bbox 1244 1987 2265 2035">
     <span class='ocr_line' id='line_1_91' title="bbox 1244 1987 2265 2035; baseline 0 -13"><span class='ocrx_word' id='word_1_557' title='bbox 1244 2013 1246 2035; x_wconf 52' lang='lat'><strong><em>5</em></strong></span> <span class='ocrx_word' id='word_1_558' title='bbox 1272 1997 1378 2033; x_wconf 68' lang='lat' dir='ltr'>gnata</span> <span class='ocrx_word' id='word_1_559' title='bbox 1407 1989 1532 2022; x_wconf 78' lang='lat' dir='ltr'>catulis</span> <span class='ocrx_word' id='word_1_560' title='bbox 1556 2001 1765 2027; x_wconf 75' lang='lat' dir='ltr'>cervorum,</span> <span class='ocrx_word' id='word_1_561' title='bbox 1802 2000 1877 2021; x_wconf 88' lang='lat' dir='ltr'>non</span> <span class='ocrx_word' id='word_1_562' title='bbox 1903 1987 2036 2022; x_wconf 81' lang='lat' dir='ltr'>habent</span> <span class='ocrx_word' id='word_1_563' title='bbox 2067 1989 2115 2022; x_wconf 80' lang='lat' dir='ltr'>ita</span> <span class='ocrx_word' id='word_1_564' title='bbox 2141 1989 2265 2024; x_wconf 88' lang='lat' dir='ltr'>distin-</span> 
     </span>
    </p>
   </div>
   <div class='ocr_carea' id='block_1_33' title="bbox 1236 1030 1253 2349">
    <p class='ocr_par' dir='ltr' id='par_1_57' title="bbox 1236 1030 1253 2349">
     <span class='ocr_line' id='line_1_92' title="bbox 1236 1030 1253 2349; baseline 0 0"><span class='ocrx_word' id='word_1_565' title='bbox 1236 1030 1253 2349; x_wconf 95' lang='lat' dir='ltr'> </span> 
     </span>
    </p>
   </div>
   <div class='ocr_carea' id='block_1_34' title="bbox 1246 2659 1251 2752">
    <p class='ocr_par' dir='ltr' id='par_1_58' title="bbox 1246 2659 1251 2752">
     <span class='ocr_line' id='line_1_93' title="bbox 1246 2659 1251 2752; baseline 0 0"><span class='ocrx_word' id='word_1_566' title='bbox 1246 2659 1251 2752; x_wconf 95' lang='lat' dir='ltr'> </span> 
     </span>
    </p>
   </div>
   <div class='ocr_carea' id='block_1_35' title="bbox 1273 2039 2267 2754">
    <p class='ocr_par' dir='ltr' id='par_1_59' title="bbox 1273 2039 2267 2127">
     <span class='ocr_line' id='line_1_94' title="bbox 1273 2039 2267 2081; baseline -0.001 -7"><span class='ocrx_word' id='word_1_567' title='bbox 1273 2049 1346 2076; x_wconf 83' lang='lat' dir='ltr'>ctos</span> <span class='ocrx_word' id='word_1_568' title='bbox 1365 2053 1539 2074; x_wconf 83' lang='lat' dir='ltr'>cornuum</span> <span class='ocrx_word' id='word_1_569' title='bbox 1553 2052 1686 2079; x_wconf 88' lang='lat' dir='ltr'>ramos,</span> <span class='ocrx_word' id='word_1_570' title='bbox 1704 2039 1793 2073; x_wconf 89' lang='lat' dir='ltr'>sicut</span> <span class='ocrx_word' id='word_1_571' title='bbox 1809 2052 1941 2073; x_wconf 85' lang='lat' dir='ltr'>cornua</span> <span class='ocrx_word' id='word_1_572' title='bbox 1961 2052 2150 2075; x_wconf 86' lang='lat' dir='ltr'>cervorum</span> <span class='ocrx_word' id='word_1_573' title='bbox 2170 2047 2267 2081; x_wconf 78' lang='lat' dir='ltr'>sunt,</span> 
     </span>
     <span class='ocr_line' id='line_1_95' title="bbox 1273 2089 1797 2127; baseline -0.006 0"><span class='ocrx_word' id='word_1_574' title='bbox 1273 2095 1332 2127; x_wconf 82' lang='lat' dir='ltr'>sed</span> <span class='ocrx_word' id='word_1_575' title='bbox 1348 2092 1439 2126; x_wconf 82' lang='lat' dir='ltr'>rami</span> <span class='ocrx_word' id='word_1_576' title='bbox 1454 2098 1537 2126; x_wconf 87' lang='lat' dir='ltr'>sunt</span> <span class='ocrx_word' id='word_1_577' title='bbox 1555 2089 1797 2125; x_wconf 85' lang='lat' dir='ltr'>cohaerentes.</span> 
     </span>
    </p>

    <p class='ocr_par' dir='ltr' id='par_1_60' title="bbox 1273 2140 2264 2589">
     <span class='ocr_line' id='line_1_96' title="bbox 1374 2140 2263 2190; baseline 0.001 -15"><span class='ocrx_word' id='word_1_578' title='bbox 1374 2144 1432 2179; x_wconf 63' lang='lat' dir='ltr'>Vs.</span> <span class='ocrx_word' id='word_1_579' title='bbox 1458 2142 1544 2177; x_wconf 84' lang='lat'>309.</span> <span class='ocrx_word' id='word_1_580' title='bbox 1589 2144 1737 2186; x_wconf 79' lang='lat' dir='ltr'>Sluppea</span> <span class='ocrx_word' id='word_1_581' title='bbox 1760 2140 1913 2190; x_wconf 71' lang='lat' dir='ltr'>verbera]</span> <span class='ocrx_word' id='word_1_582' title='bbox 1942 2142 1978 2176; x_wconf 89' lang='lat' dir='ltr'>id</span> <span class='ocrx_word' id='word_1_583' title='bbox 2009 2149 2078 2184; x_wconf 85' lang='lat' dir='ltr'>est,</span> <span class='ocrx_word' id='word_1_584' title='bbox 2120 2143 2263 2177; x_wconf 83' lang='lat' dir='ltr'>vincula</span> 
     </span>
     <span class='ocr_line' id='line_1_97' title="bbox 1273 2194 2263 2229; baseline 0 -1"><span class='ocrx_word' id='word_1_585' title='bbox 1273 2197 1362 2229; x_wconf 82' lang='lat' dir='ltr'>sacta</span> <span class='ocrx_word' id='word_1_586' title='bbox 1383 2208 1423 2229; x_wconf 85' lang='lat' dir='ltr'>ex</span> <span class='ocrx_word' id='word_1_587' title='bbox 1438 2195 1524 2227; x_wconf 87' lang='lat' dir='ltr'>lino.</span> <span class='ocrx_word' id='word_1_588' title='bbox 1580 2194 1754 2227; x_wconf 58' lang='lat' dir='ltr'>Nominat</span> <span class='ocrx_word' id='word_1_589' title='bbox 1771 2201 1888 2228; x_wconf 83' lang='lat' dir='ltr'>antem</span> <span class='ocrx_word' id='word_1_590' title='bbox 1912 2195 2059 2228; x_wconf 80' lang='lat' dir='ltr'>fundam</span> <span class='ocrx_word' id='word_1_591' title='bbox 2082 2194 2263 2228; x_wconf 81' lang='lat' dir='ltr'>balearem</span> 
     </span>
     <span class='ocr_line' id='line_1_98' title="bbox 1274 2245 2261 2292; baseline -0.002 -12"><span class='ocrx_word' id='word_1_592' title='bbox 1274 2261 1292 2280; x_wconf 93' lang='lat' dir='ltr'>a</span> <span class='ocrx_word' id='word_1_593' title='bbox 1312 2246 1521 2280; x_wconf 74' lang='lat' dir='ltr'>Balearibus</span> <span class='ocrx_word' id='word_1_594' title='bbox 1537 2245 1680 2286; x_wconf 84' lang='lat' dir='ltr'>insulis,</span> <span class='ocrx_word' id='word_1_595' title='bbox 1708 2259 1799 2292; x_wconf 81' lang='lat' dir='ltr'>qnae</span> <span class='ocrx_word' id='word_1_596' title='bbox 1814 2258 1887 2279; x_wconf 90' lang='lat' dir='ltr'>non</span> <span class='ocrx_word' id='word_1_597' title='bbox 1904 2246 2009 2290; x_wconf 85' lang='lat' dir='ltr'>longe</span> <span class='ocrx_word' id='word_1_598' title='bbox 2026 2247 2070 2280; x_wconf 82' lang='lat' dir='ltr'>ab</span> <span class='ocrx_word' id='word_1_599' title='bbox 2087 2245 2261 2291; x_wconf 82' lang='lat' dir='ltr'>Hispania</span> 
     </span>
     <span class='ocr_line' id='line_1_99' title="bbox 1274 2297 2264 2338; baseline -0.004 -6"><span class='ocrx_word' id='word_1_600' title='bbox 1274 2299 1360 2333; x_wconf 85' lang='lat' dir='ltr'>sitae</span> <span class='ocrx_word' id='word_1_601' title='bbox 1388 2303 1492 2337; x_wconf 87' lang='lat' dir='ltr'>sunt,</span> <span class='ocrx_word' id='word_1_602' title='bbox 1521 2297 1629 2330; x_wconf 84' lang='lat' dir='ltr'>altera</span> <span class='ocrx_word' id='word_1_603' title='bbox 1659 2304 1807 2332; x_wconf 65' lang='lat' dir='ltr'>vocatur</span> <span class='ocrx_word' id='word_1_604' title='bbox 1830 2297 2023 2338; x_wconf 82' lang='lat' dir='ltr'>Maiorica‚</span> <span class='ocrx_word' id='word_1_605' title='bbox 2057 2297 2166 2331; x_wconf 83' lang='lat' dir='ltr'>altera</span> <span class='ocrx_word' id='word_1_606' title='bbox 2195 2297 2264 2330; x_wconf 85' lang='lat' dir='ltr'>Mi-</span> 
     </span>
     <span class='ocr_line' id='line_1_100' title="bbox 1274 2347 2263 2384; baseline -0.001 -2"><span class='ocrx_word' id='word_1_607' title='bbox 1274 2350 1409 2383; x_wconf 78' lang='lat' dir='ltr'>norica.</span> <span class='ocrx_word' id='word_1_608' title='bbox 1464 2347 1606 2382; x_wconf 81' lang='lat' dir='ltr'>lllarum</span> <span class='ocrx_word' id='word_1_609' title='bbox 1645 2350 1840 2384; x_wconf 86' lang='lat' dir='ltr'>insularum</span> <span class='ocrx_word' id='word_1_610' title='bbox 1877 2347 2040 2382; x_wconf 82' lang='lat' dir='ltr'>homines</span> <span class='ocrx_word' id='word_1_611' title='bbox 2075 2349 2123 2381; x_wconf 84' lang='lat' dir='ltr'>ita</span> <span class='ocrx_word' id='word_1_612' title='bbox 2161 2354 2263 2381; x_wconf 82' lang='lat' dir='ltr'>erant</span> 
     </span>
     <span class='ocr_line' id='line_1_101' title="bbox 1275 2399 2263 2445; baseline -0.002 -11"><span class='ocrx_word' id='word_1_613' title='bbox 1275 2400 1454 2434; x_wconf 80' lang='lat' dir='ltr'>exercitati</span> <span class='ocrx_word' id='word_1_614' title='bbox 1470 2400 1607 2441; x_wconf 82' lang='lat' dir='ltr'>fundis,</span> <span class='ocrx_word' id='word_1_615' title='bbox 1635 2408 1673 2434; x_wconf 90' lang='lat' dir='ltr'>ut</span> <span class='ocrx_word' id='word_1_616' title='bbox 1689 2402 1793 2445; x_wconf 79' lang='lat' dir='ltr'>longe</span> <span class='ocrx_word' id='word_1_617' title='bbox 1810 2406 2020 2445; x_wconf 70' lang='lat' dir='ltr'>superarent</span> <span class='ocrx_word' id='word_1_618' title='bbox 2037 2411 2159 2433; x_wconf 88' lang='lat' dir='ltr'>omnes</span> <span class='ocrx_word' id='word_1_619' title='bbox 2181 2399 2263 2432; x_wconf 88' lang='lat' dir='ltr'>reli-</span> 
     </span>
     <span class='ocr_line' id='line_1_102' title="bbox 1275 2451 2262 2497; baseline -0.001 -12"><span class='ocrx_word' id='word_1_620' title='bbox 1275 2465 1362 2497; x_wconf 87' lang='lat' dir='ltr'>quas</span> <span class='ocrx_word' id='word_1_621' title='bbox 1380 2452 1555 2486; x_wconf 82' lang='lat' dir='ltr'>nationes.</span> <span class='ocrx_word' id='word_1_622' title='bbox 1608 2452 1654 2486; x_wconf 80' lang='lat' dir='ltr'>Et</span> <span class='ocrx_word' id='word_1_623' title='bbox 1671 2453 1799 2486; x_wconf 90' lang='lat' dir='ltr'>Strabo</span> <span class='ocrx_word' id='word_1_624' title='bbox 1824 2452 1944 2485; x_wconf 79' lang='lat' dir='ltr'>scribit</span> <span class='ocrx_word' id='word_1_625' title='bbox 1962 2451 2080 2495; x_wconf 86' lang='lat' dir='ltr'>pueris</span> <span class='ocrx_word' id='word_1_626' title='bbox 2102 2463 2176 2483; x_wconf 91' lang='lat' dir='ltr'>non</span> <span class='ocrx_word' id='word_1_627' title='bbox 2201 2452 2262 2484; x_wconf 80' lang='lat' dir='ltr'>da-</span> 
     </span>
     <span class='ocr_line' id='line_1_103' title="bbox 1275 2501 2262 2549; baseline -0.003 -12"><span class='ocrx_word' id='word_1_628' title='bbox 1275 2510 1349 2537; x_wconf 88' lang='lat' dir='ltr'>tum</span> <span class='ocrx_word' id='word_1_629' title='bbox 1375 2516 1446 2538; x_wconf 88' lang='lat' dir='ltr'>esse</span> <span class='ocrx_word' id='word_1_630' title='bbox 1463 2503 1598 2544; x_wconf 83' lang='lat' dir='ltr'>cibum,</span> <span class='ocrx_word' id='word_1_631' title='bbox 1624 2504 1831 2549; x_wconf 85' lang='lat' dir='ltr'>priusquam</span> <span class='ocrx_word' id='word_1_632' title='bbox 1851 2502 1954 2536; x_wconf 87' lang='lat' dir='ltr'>certis</span> <span class='ocrx_word' id='word_1_633' title='bbox 1981 2501 2202 2547; x_wconf 84' lang='lat' dir='ltr'>temporibus</span> <span class='ocrx_word' id='word_1_634' title='bbox 2225 2513 2262 2536; x_wconf 91' lang='lat' dir='ltr'>se</span> 
     </span>
     <span class='ocr_line' id='line_1_104' title="bbox 1275 2556 1646 2589; baseline 0.003 -1"><span class='ocrx_word' id='word_1_635' title='bbox 1275 2556 1508 2589; x_wconf 86' lang='lat' dir='ltr'>exercuissent</span> <span class='ocrx_word' id='word_1_636' title='bbox 1524 2556 1646 2589; x_wconf 80' lang='lat' dir='ltr'>funda.</span> 
     </span>
    </p>

    <p class='ocr_par' dir='ltr' id='par_1_61' title="bbox 1275 2603 2261 2754">
     <span class='ocr_line' id='line_1_105' title="bbox 1376 2603 2261 2653; baseline 0 -16"><span class='ocrx_word' id='word_1_637' title='bbox 1376 2607 1435 2639; x_wconf 61' lang='lat' dir='ltr'>Vs.</span> <span class='ocrx_word' id='word_1_638' title='bbox 1455 2607 1541 2641; x_wconf 80' lang='lat'>311.</span> <span class='ocrx_word' id='word_1_639' title='bbox 1571 2609 1657 2648; x_wconf 76' lang='lat' dir='ltr'>Quid</span> <span class='ocrx_word' id='word_1_640' title='bbox 1673 2603 1895 2653; x_wconf 74' lang='lat' dir='ltr'>tempestates]</span> <span class='ocrx_word' id='word_1_641' title='bbox 1923 2603 2011 2639; x_wconf 79' lang='lat' dir='ltr'>XIX.</span> <span class='ocrx_word' id='word_1_642' title='bbox 2031 2610 2261 2649; x_wconf 79' lang='lat' dir='ltr'>praeceptum</span> 
     </span>
     <span class='ocr_line' id='line_1_106' title="bbox 1275 2655 2260 2702; baseline -0.002 -13"><span class='ocrx_word' id='word_1_643' title='bbox 1275 2658 1316 2690; x_wconf 84' lang='lat' dir='ltr'>de</span> <span class='ocrx_word' id='word_1_644' title='bbox 1351 2659 1631 2702; x_wconf 70' lang='lat' dir='ltr'>tempestatibus.</span> <span class='ocrx_word' id='word_1_645' title='bbox 1702 2658 1838 2691; x_wconf 68' lang='lat' dir='ltr'>llecitat</span> <span class='ocrx_word' id='word_1_646' title='bbox 1871 2663 1988 2690; x_wconf 87' lang='lat' dir='ltr'>antem</span> <span class='ocrx_word' id='word_1_647' title='bbox 2022 2656 2132 2688; x_wconf 84' lang='lat' dir='ltr'>multa</span> <span class='ocrx_word' id='word_1_648' title='bbox 2160 2655 2260 2699; x_wconf 83' lang='lat' dir='ltr'>signa</span> 
     </span>
     <span class='ocr_line' id='line_1_107' title="bbox 1278 2709 1875 2754; baseline 0.002 -13"><span class='ocrx_word' id='word_1_649' title='bbox 1278 2715 1525 2753; x_wconf 74' lang='lat' dir='ltr'>tempestatum</span> <span class='ocrx_word' id='word_1_650' title='bbox 1546 2710 1618 2743; x_wconf 75' lang='lat' dir='ltr'>sive</span> <span class='ocrx_word' id='word_1_651' title='bbox 1638 2709 1875 2754; x_wconf 79' lang='lat' dir='ltr'>prognostica.</span> 
     </span>
    </p>
   </div>
  </div>
 </body>
</html>
