2341 2973
224 98 294 133 731

279 184 435 217 Status
470 175 1046 211 Heautontimorumenon
1088 171 1174 204 Te-

618 227 762 261 rentii
784 227 828 273 4).

330 307 454 341 Voluit
487 304 787 350 prudentissimus
825 308 928 347 pocta
966 300 1142 339 indicare,
1186 305 1225 332 ut

229 366 381 407 praestet
407 358 542 391 erudiri
569 357 830 393 adolescentes,
877 359 910 385 et
934 352 971 384 in
999 351 1115 384 officio
1137 350 1225 383 reti-

228 412 306 446 neri
340 409 590 444 benevolentia
627 407 746 451 potius
782 411 817 437 et
850 403 1019 436 facilitate
1055 402 1251 447 quadam,¹

230 476 337 510 quam
363 462 399 493 vi
423 467 457 494 et
473 458 757 504 importunitate.
812 455 894 489 Non
923 454 1017 487 enim
1043 454 1138 486 illico
1162 465 1225 485 na-

230 521 378 550 scuntur
393 524 511 551 senes,
540 523 603 543 nec
621 511 686 542 fert
706 506 879 542 iuvenilis.
892 512 1006 545 aetas,
1032 511 1072 538 ut
1097 517 1222 538 senum

228 567 346 600 statim
366 565 436 598 sint
451 562 596 596 similes.
649 559 716 592 Ista
736 565 857 591 tamen
874 557 1024 590 facilitas
1043 557 1090 588 ita
1109 568 1144 589 se
1161 553 1223 588 ha-

228 619 330 656 beat,
374 627 417 647 ne
441 614 477 645 in
506 611 685 645 licentiam
722 609 872 642 nimiam
909 615 943 641 et
969 607 1222 652 impunitatem
1249 639 1251 647 ¹

229 673 363 701 veroni.

228 696 381 763 Opgrtet
407 723 527 749 autem
553 720 627 747 arte
655 714 809 759 quadam
836 718 869 744 et
898 711 1072 744 industria
1099 707 1223 742 coher-

228 770 298 804 ceri
316 769 466 802 effrenes
483 767 654 800 iuvenum
671 764 828 802 animos,
856 762 990 808 alioqui
1010 763 1064 801 fit,
1094 767 1133 793 ut
1158 760 1223 799 illi,

228 823 289 867 qui
307 819 475 853 conviciis
496 824 530 851 et
553 816 665 849 nimia
684 815 895 848 morositate
913 812 1067 846 lacessiti
1082 823 1122 844 ac
1140 811 1223 844 victi

226 874 347 916 iugum
375 869 576 909 excutiant,
617 873 650 900 et
675 866 894 899 monitorem
921 864 1028 897 nimis
1054 863 1222 896 acerbum

227 928 477 968 aspernentur.
557 919 654 953 Solet
678 918 772 951 euim
799 916 936 961 alioqui
956 915 1122 948 iuventus
1150 926 1222 947 esse

227 973 468 1008 monitoribus
487 982 624 1014 aspera,
653 975 691 1001 ut
709 969 767 1000 ille
786 967 886 1006 dixit,
916 978 1006 1012 quae
1024 978 1079 999 res
1098 971 1220 1010 postea

227 1026 312 1070 ipsis
335 1024 442 1056 etiam
468 1022 630 1066 patribus
656 1020 773 1052 dolori
802 1025 872 1057 est,
901 1018 986 1051 dum
1014 1029 1118 1061 aegre
1140 1028 1221 1060 pos-

227 1077 299 1111 sint
315 1086 446 1108 carere.
500 1071 554 1104 Illi
570 1083 654 1104 vero
668 1097 676 1111 ,
707 1070 768 1116 qui
784 1069 896 1102 nimia
916 1068 1140 1112 indulgentia
1157 1068 1222 1100 dif-

227 1128 364 1166 fluunt,
394 1124 477 1170 quia
496 1135 537 1156 ex
550 1128 741 1167 parentum
758 1121 845 1153 vitio
862 1120 896 1152 id
917 1120 1064 1159 accidit,
1092 1119 1221 1151 merito

227 1185 347 1224 patres
374 1181 572 1219 emungunt
596 1179 764 1218 argento,
800 1178 953 1217 suntque
979 1171 1140 1216 patribus
1163 1172 1222 1203 de-

228 1229 368 1268 decori,
397 1234 436 1260 ut
452 1226 500 1260 sic
519 1231 642 1270 postea
661 1230 805 1268 accepto
827 1223 922 1256 malo
942 1223 997 1256 vel
1022 1222 1136 1255 coacti
1161 1233 1223 1265 pa-

228 1289 300 1315 tres
319 1279 456 1313 discant
476 1278 651 1322 impetum
679 1282 713 1308 et
737 1274 924 1307 libidinem
949 1273 1143 1307 iuvenilem
1168 1285 1223 1306 re-

228 1335 369 1366 frenare
395 1336 428 1363 et
447 1335 522 1361 arte
547 1329 701 1373 quadam
722 1324 923 1359 cohercere.
976 1325 1091 1359 Huius
1107 1336 1223 1357 exem-

228 1384 327 1429 plum
356 1380 541 1427 praebebit
564 1379 668 1412 nobis
692 1378 728 1411 in
750 1376 818 1410 bac
843 1377 961 1410 fabula
978 1374 1148 1410 Chremes
1171 1388 1223 1409 se-
1249 1399 1251 1405 ,

228 1448 296 1469 nex
313 1440 347 1467 et
362 1430 519 1475 Clitipho
536 1431 751 1464 adolescens.
806 1428 902 1462 Illius
917 1435 1003 1461 'vero
1020 1428 1222 1471 exemplum

228 1485 413 1531 praebebit
435 1483 668 1516 Menedemus
693 1493 809 1515 senex.
878 1479 1037 1513 Proinde
1068 1480 1222 1512 multum

228 1539 353 1576 refert,
382 1542 421 1569 ut
445 1532 621 1567 habeatur
649 1533 774 1566 aetatis
789 1532 904 1572 ratio,
936 1544 981 1564 ne
1004 1531 1123 1565 statim
1150 1530 1224 1574 ple-

230 1601 314 1621 nam
338 1598 486 1633 operam
515 1585 714 1628 exigamus⁷
754 1584 814 1617 sed
843 1584 1002 1616 sinamus
1026 1581 1222 1627 aliquando

231 1640 372 1684 explere
406 1637 551 1670 iuvenes
588 1647 671 1669 suos
709 1634 867 1673 animos,
895 1635 981 1666 dum
1011 1639 1107 1666 aetas
1143 1633 1223 1671 fert,

230 1692 320 1725 sicut
337 1700 443 1733 supra
462 1688 500 1720 in
517 1687 652 1719 Andria
678 1684 954 1730 prudentissime
974 1685 1107 1717 iudicat
1124 1684 1222 1717 Simo

230 1749 344 1787 pater.
398 1740 516 1784 Atque
536 1737 602 1771 hoc
621 1744 671 1771 est
691 1737 797 1770 etiam
810 1763 819 1776 ‚
848 1738 945 1781 quod
960 1733 1149 1779 Philippus
1167 1735 1224 1767 in-

230 1795 284 1827 fra
308 1794 345 1825 in
361 1791 500 1836 Hecyra
519 1790 620 1822 dicit:
649 1787 688 1821 Id
715 1788 842 1820 vitium
869 1799 1055 1832 nunquam
1083 1785 1226 1819 decrevi

232 1857 305 1878 esse
334 1856 397 1887 ego
424 1840 696 1874 adolescentiae.
750 1839 842 1873 Nam
872 1839 907 1871 id
935 1838 1101 1872 omnibus
1123 1837 1226 1870 inna-

232 1903 308 1929 tum
332 1901 399 1933 est3
429 1900 464 1925 at
484 1893 544 1936 pol
558 1892 630 1925 iam
655 1891 789 1930 aderit,
816 1902 851 1924 se
869 1902 1013 1935 quoque
1037 1902 1115 1923 cum
1143 1890 1226 1922 ode-

232 1947 292 1986 rit,
345 1947 462 1990 Atque
486 1942 545 1977 liic
573 1943 690 1982 vides,
725 1954 832 1988 quam
861 1942 998 1986 egregie
1028 1940 1228 1975 observarit

233 1996 530 2043 prudentissimus
548 2001 652 2039 poeta
668 1994 860 2027 Terentius
880 1991 922 2027 τὸ
939 1992 1080 2038 πρέπον
1106 2004 1227 2036 perso-

233 2061 375 2082 narum.
437 2047 630 2091 Quomodo
654 2045 749 2078 enim
775 2045 877 2078 aliter
902 2045 1076 2089 potuisset
1098 2043 1227 2077 descri-

232 2101 317 2134 bere
335 2099 587 2132 Menedemum
612 2109 732 2131 senem
758 2108 962 2136 morosum,
989 2095 1168 2128 difficilem
1194 2101 1228 2128 et

234 2151 342 2185 nimis
376 2151 527 2189 durum,
571 2149 631 2194 qui
663 2160 739 2181 non
769 2154 888 2192 potest
916 2147 1081 2180 iuvenem
1114 2146 1226 2180 filium

236 2216 340 2237 suum
357 2201 449 2245 frugi
467 2200 602 2245 alioqui
621 2206 654 2233 et
670 2201 871 2233 modestum
889 2199 1000 2239 ferre,
1027 2200 1087 2232 sed
1106 2198 1226 2231 statim

235 2254 312 2288 vult
336 2253 389 2287 sui
414 2252 565 2285 similem
591 2263 676 2285 esse.
733 2251 810 2284 Hoc
832 2257 901 2291 est,
936 2251 1032 2295 quod
1056 2249 1227 2283 Horatius

236 2306 321 2339 dicit
338 2306 380 2337 de
397 2316 498 2337 sene:
528 2302 708 2342 Difficilis,
739 2303 928 2348 querulus,
952 2302 1118 2335 laudator
1136 2308 1228 2334 tem-

237 2356 336 2401 poris
361 2355 429 2388 acti
454 2362 519 2387 etc.
537 2353 578 2397 5).
633 2353 695 2387 Est
720 2354 868 2387 omniuo
886 2354 960 2386 fere
986 2353 1079 2386 idem
1100 2365 1227 2397 scopus

237 2414 271 2441 ct
288 2407 475 2441 consilium
494 2404 599 2439 huius
616 2405 754 2437 fabulae
774 2412 806 2437 et
826 2405 1025 2450 sequentis,
1053 2403 1229 2451 ἀδελφῶν

237 2459 381 2492 scilicet.
435 2457 528 2491 Nam
549 2463 700 2502 utraque
718 2454 824 2489 habet
843 2463 1031 2500 parentum
1052 2457 1150 2490 vitia.

273 2612 303 2638 4)
332 2610 388 2632 Hoc
413 2610 528 2633 alterum
555 2609 676 2633 eiusdem
702 2608 826 2632 auctoris
853 2609 1041 2635 argumentum
1070 2606 1110 2631 sic
1129 2606 1230 2631 iuscri-

309 2645 383 2674 ptum
402 2643 542 2667 invenitur
562 2644 589 2667 iu
609 2644 670 2667 sola
687 2643 775 2667 mccii
793 2642 956 2667 collectione
975 2643 1048 2666 Tom.
1065 2642 1096 2666 ll.

273 2697 304 2724 5)
329 2697 423 2720 Horat.
441 2697 495 2719 Ars
514 2697 587 2726 poet.
608 2695 665 2720 173.

814 87 935 122 PHIL.
962 86 1074 120 MEL.
1110 84 1313 120 SCRIPTA
1340 83 1679 120 PHILOLOGICA.

430 665 523 698 Nam
557 662 699 696 licentia
730 673 853 694 omnes
880 660 984 693 fimus
1016 659 1222 692 deteriores.
1248 676 1250 678 ·

2201 84 2276 121 732

1249 170 1254 224 1
1400 168 1499 217 Περὶ
1516 172 1584 204 τοῦ
1601 166 1784 215 ὀνόματος
1799 165 1932 214 ταί-της
1948 167 2161 216 κωμῳδίας.

1250 226 1254 287 ἐ
1383 238 1477 282 Quia
1496 250 1537 271 ex
1553 238 1691 271 Graeco
1708 243 1813 282 poeta
1831 248 1930 270 versa
1951 243 2003 270 est
2018 235 2106 282 haec
2131 249 2274 270 comoe-

1251 289 1253 316 Ε
1279 289 1336 322 dia
1351 315 1360 329 ‚
1389 289 1566 322 Graecum
1587 301 1731 334 quoque
1749 301 1883 322 nomen
1900 288 2066 322 obtinuit.
2114 288 2186 322 Est
2207 300 2274 322 au-

1279 347 1348 373 tem
1368 340 1523 374 inditum
1550 352 1683 373 nomen
1699 341 1840 373 fabulae
1858 336 2273 385 ἑαυτοντιμορούμενος,

1250 391 1253 436 ἶ
1279 392 1322 426 ab
1340 389 1476 426 ἑαυτὸν
1501 398 1631 430 semet,
1661 397 1695 424 et
1716 390 1933 437 ‘ctptope‘quat
1959 390 2142 431 excrucio,
2170 391 2272 436 quasi

1874 442 2040 485 Pingitur
2056 447 2175 474 autem
2196 441 2273 475 Me-

1249 526 1251 545 1
1277 494 1448 527 nedemus
1465 506 1571 527 senex
1587 494 1849 527 adolescentem
1867 493 2019 527 Cliniam
2035 492 2147 526 filium
2167 505 2272 526 suum

1249 548 1251 569 ³
1279 545 1527 579 inclementius
1545 546 1639 579 iusto
1659 551 1848 585 tractasse,
1875 545 2080 591 victumque
2098 544 2222 588 iurgiis
2239 551 2274 577 et

1248 598 1252 618 ³
1278 597 1504 630 contumeliis
1523 598 1632 629 domo
1653 597 1815 636 eiecisse,
1841 602 1875 628 et
1899 602 2022 640 postea
2047 595 2273 639 impotentis-

1248 449 1252 519 1
1278 442 1389 475 dicat:
1416 455 1451 476 se
1469 442 1586 487 ipsum
1605 443 1821 476 excrucians.

1249 656 1251 663 ’
1277 647 1364 681 sime
1380 650 1473 681 ferre
1491 648 1687 681 absentiam
1704 648 1787 687 filii,
1816 648 1905 680 adeo
1929 653 1969 680 ut
1993 659 2068 680 non
2089 647 2169 686 lux,
2196 659 2272 680 non

1249 701 1251 719 ³
1278 700 1376 733 cibus
1397 699 1448 732 illi
1468 700 1586 733 suavis
1603 706 1705 733 esset.
1757 699 1906 732 Abierat
1926 704 2043 731 autem
2067 697 2271 732 adolescens

1248 742 1252 798 ξ
1277 751 1471 784 militatum
1496 751 1541 783 ad
1559 763 1690 795 regem.
1744 751 1794 784 M.
1814 750 1938 784 Cicero
1955 749 2016 783 lib.
2034 748 2076 783 II.
2098 749 2201 782 Offic.
2221 748 2270 795 ⁶):

1248 802 1251 832 l
1275 801 1412 835 Rerum
1432 802 1594 835 omnium
1612 815 1676 835 nec
1693 802 1810 846 aptius
1829 808 1879 835 est
1897 801 2091 846 quicquam
2115 801 2160 833 ad
2186 812 2271 845 opes

1248 833 1251 883 l
1277 853 1428 887 tuendas
1454 866 1493 886 ac
1515 855 1709 893 tenendas,
1739 866 1845 898 quam
1871 852 1993 896 diligi,
2020 865 2085 886 nec
2107 851 2271 892 aIIenius,

1248 885 1252 976 ¹
1277 916 1386 949 quam
1422 904 1555 939 timeri.
1629 905 1818 939 Praeclare
1842 903 1999 938 Ennius:
2048 904 2166 949 Quem
2197 915 2271 936 me-

1277 961 1403 995 tuunt,
1441 957 1606 989 oderunt.
1675 957 1791 1001 Quem
1816 956 1965 1001 quisque
1991 955 2087 996 odit,
2123 954 2271 999 periisse

1277 1007 1421 1050 expetit.
1475 1007 1592 1040 Malus
1612 1013 1662 1040 est
1679 1008 1773 1040 enim
1793 1013 1910 1041 custos
1926 1006 2174 1040 diuturnitatis
2197 1018 2272 1038 me-

1248 983 1252 1119 l
1277 1063 1333 1091 tus
1345 1085 1353 1098 ,
1381 1065 1576 1105 contraque
1594 1058 1842 1092 benevolentia
1860 1057 1973 1091 fidelis
1990 1064 2041 1091 est
2056 1057 2113 1090 vel
2129 1058 2175 1090 ad
2191 1068 2271 1101 per-

1248 1123 1251 1136 ·
1277 1110 1498 1153 petuitatem.
1551 1110 1642 1143 Vide
1660 1116 1699 1143 ut
1717 1111 1809 1143 infra
1827 1109 1866 1141 in
1882 1106 2054 1153 Adelphis
2071 1108 2194 1141 eadem
2212 1107 2271 1141 iis-

1248 1141 1252 1205 Ι
1277 1161 1357 1193 dem
1380 1161 1488 1194 ctiam
1505 1162 1578 1195 fere
1605 1161 1723 1195 verbis
1750 1161 1879 1194 dixerit
1898 1160 2101 1193 Terentius.
2160 1158 2270 1192 Errat

1248 1208 1251 1250 l
1276 1212 1381 1256 longe
1406 1225 1482 1246 mea
1509 1213 1653 1258 quidem
1675 1213 1872 1252 sententia,
1901 1211 1963 1257 qui
1979 1210 2171 1256 imperium
2197 1221 2270 1243 cre-

1248 1279 1252 1318 Ι
1277 1264 1339 1296 dat
1356 1265 1499 1308 gravius
1516 1276 1608 1305 esse,
1633 1271 1695 1298 aut
1708 1264 1869 1298 stabilius
1885 1263 1942 1303 vi,
1969 1263 2066 1309 quod
2082 1263 2133 1303 fit,
2161 1273 2270 1307 quam

1248 1332 1251 1393 Ι
1276 1315 1385 1356 illud,
1414 1316 1511 1361 quod
1527 1316 1682 1349 amicitia
1702 1315 1922 1360 adiungitur.

1250 1426 1504 1471 *Prologus
1549 1428 1594 1460 in
1637 1426 2202 1461 Heautontimorumenon
2226 1423 2269 1470 ⁷).

1328 1502 1409 1542 Dii,
1434 1510 1613 1549 quotquot
1629 1503 1709 1537 estis
1726 1508 1942 1547 spectatores
1954 1528 1963 1541 ,
1991 1513 2055 1534 vos
2072 1506 2194 1533 ament

1326 1553 1373 1587 Et
1389 1555 1493 1594 dent,
1522 1567 1613 1600 quae
1632 1555 1756 1595 vultis,
1786 1564 1948 1599 quaeque
1967 1552 2054 1584 velle
2073 1563 2137 1585 vos
2160 1552 2269 1584 decet.

1331 1605 1557 1639 Conductum
1588 1606 1693 1639 venio
1728 1617 1832 1638 aures
1857 1610 2010 1643 vestras,
2051 1602 2212 1647 linguam
2237 1608 2271 1635 et

1589 1658 1710 1690 oculos
1721 1683 1730 1697 ,

1329 1707 1442 1741 Aures
1460 1707 1625 1753 oculique
1641 1715 1679 1742 ut
1697 1713 1861 1753 pateant,
1887 1713 1926 1740 ut
1941 1706 2062 1750 lingua
2079 1711 2208 1745 taceat,

1331 1759 1403 1803 Qui
1422 1759 1577 1793 immites
1596 1767 1677 1794 sunt
1695 1767 1729 1793 et
1745 1759 1861 1804 asperi
1879 1765 1913 1792 et
1928 1757 2170 1791 intractabiles

1331 1810 1409 1843 Hoc
1425 1812 1559 1844 fructus
1577 1812 1742 1856 capiunt,
1766 1823 1872 1844 nemo
1892 1810 1976 1855 ipsis
1995 1809 2095 1842 oneri
2111 1815 2150 1842 ut
2165 1808 2241 1842 siet.

1331 1862 1423 1897 Nam
1444 1875 1532 1909 quos
1549 1864 1761 1902 admittunt,
1781 1862 1959 1902 reiiciunt,
1986 1862 2014 1894 si
2030 1872 2103 1893 non
2118 1860 2273 1904 placent,

1333 1914 1404 1958 Qui
1421 1915 1602 1947 commodi
1618 1922 1719 1955 sunt,
1742 1915 1820 1959 plus
1836 1912 1968 1946 habent
1986 1911 2181 1945 molestiae.

1332 1966 1423 2000 {Yam
1443 1979 1566 2000 omnes
1586 1968 1797 2006 admittunt,
1824 1965 2078 2008 neminemque
2094 1962 2272 1996 reiiciunt.

1333 2017 1383 2050 Ita
1402 2019 1584 2052 abutimur
1599 2031 1693 2051 nunc
1711 2023 1826 2051 vestra
1845 2014 2095 2049 benevolentia
2110 2041 2118 2055 ‚

1333 2070 1426 2114 Quia
1444 2083 1559 2115 nuper
1578 2067 1724 2114 pulchre
1742 2068 1831 2102 iuvit
1846 2080 1912 2101 nos
1928 2067 1958 2111 S)
1977 2072 2091 2100 vester
2107 2067 2222 2105 favor,

1333 2121 1489 2166 Quando
1512 2121 1684 2166 optimam
1702 2120 1884 2166 spectastis
1904 2125 2048 2164 agentes
2062 2117 2219 2151 fabulam
2232 2142 2240 2156 ‚

1332 2173 1389 2206 Sic
1407 2180 1447 2207 ut
1467 2173 1606 2207 animus
1624 2179 1697 2206 tum
1722 2171 1907 2206 accesserit
1922 2170 2179 2216 impudentiae.

1333 2225 1401 2258 Sed
1419 2225 1550 2270 inepti,
1578 2225 1808 2258 vendicamus
1827 2224 1888 2270 qui
1904 2221 1972 2256 hoc
1989 2221 2112 2262 nobis,
2139 2231 2273 2254 sumuS.

1333 2276 1422 2310 Nam
1441 2274 1538 2310 haud
1556 2277 1705 2318 actioni,
1734 2279 1794 2311 sed
1814 2282 1939 2321 poetae
1958 2280 2008 2308 est
2024 2272 2092 2308 hoc
2109 2274 2246 2311 datum,

1316 2410 1427 2470 moggo.
1448 2410 1480 2433 de
1500 2410 1578 2434 Offic.
1596 2410 1630 2441 ll,
1643 2410 1670 2441 7,
1683 2410 1726 2434 23.
1746 2421 1779 2427 —-
1816 2408 1902 2433 niceti
1929 2409 2039 2432 collect.
2058 2408 2146 2432 male:
2178 2406 2237 2431 Lib.
2252 2407 2271 2431 1.

1408 2452 1431 2470 c,

1316 2496 1346 2528 7)
1368 2497 1417 2520 Hic
1436 2496 1568 2526 prologus
1588 2495 1754 2525 inscriptus:
1790 2493 1953 2524 ..Prologus
1980 2493 2006 2516 in
2027 2492 2272 2517 Heautontimoru-

1352 2538 1471 2556 meuon.
1497 2532 1612 2553 authore
1633 2530 1730 2559 Philip.
1751 2526 1924 2557 Melantli.’',
1949 2527 1994 2558 qui
2012 2528 2110 2552 maiori
2136 2534 2170 2551 ex
2192 2529 2272 2557 parte

1352 2573 1411 2590 cuin
1439 2566 1554 2596 prologo
1581 2565 1607 2588 in
1635 2565 1767 2587 Andriam
1793 2563 1828 2586 ad
1853 2563 1964 2586 verbum
1988 2562 2047 2587 sere
2070 2561 2216 2594 congruit,
2245 2561 2272 2585 in

1350 2600 1437 2624 Riccii
1456 2599 1617 2623 collectione
1636 2600 1710 2624 Τοιπι.
1728 2599 1759 2623 ll.
1780 2597 1931 2622 exhibetur.
2207 2598 2210 2600 “

1317 2653 1347 2684 8)
1383 2651 1447 2710 ulos]
1481 2652 1520 2675 sic
1548 2651 1694 2675 Riccianae
1725 2650 1896 2675 collectionis
1921 2649 1969 2673 Ed.
1992 2649 2084 2680 1596.;
2119 2648 2171 2675 Ed.
2197 2648 2271 2674 1567.
2304 2636 2308 2639 τ

1354 2692 1440 2711 mae:
1465 2693 1525 2711 vos.

1255 2673 1262 2712 ...-
1253 2421 1260 2666 --·-—-..--—-—
1252 2324 1256 2413 ᾼ--ο-
1252 2067 1256 2313 -ο--ψ-«Α--ω-
1251 2008 1256 2053 μ’..
1252 1963 1256 1999 qw-
