2421 3005
108 110 185 150 345

109 212 201 249 quae
220 198 355 233 bellum
375 197 588 243 praesertim
608 197 712 231 civile
729 196 962 230 comitantur.
999 195 1125 239 Quan-

107 260 186 287 tum
205 251 323 291 enim,
351 257 391 285 ut
408 250 615 284 Herodotus
633 250 705 290 ait,
734 249 841 283 distat
866 260 938 294 pax
968 259 987 280 a
1016 246 1124 287 bello,

107 311 250 339 tantum
269 303 391 337 differt
409 316 427 336 a
448 303 543 337 bello
565 309 685 337 motus
704 302 830 336 civilis.
884 301 936 333 Ac
954 301 997 333 de
1021 299 1125 332 bellis

109 357 274 391 civilibus
294 355 480 390 verissime
498 354 724 401 Lucanusffi)
750 354 857 388 dixit:
894 353 974 385 Alta
999 353 1125 385 sedent

108 409 224 444 civilis
239 409 389 443 vulnera
412 409 572 442 dextrae.
627 407 735 441 Multi
762 407 857 441 enim
888 405 1124 450 implicantur

109 461 376 496 calamitatibus
397 460 556 494 civilium
578 460 778 499 bellorum,
816 458 878 505 qui
903 464 1034 491 natura
1062 468 1123 501 pa-

109 514 159 548 cis
176 520 261 549 sunt
277 513 519 558 cupidissimi,
549 519 582 546 et
598 513 735 546 nullam
749 512 793 557 16)
813 511 978 545 civilibus
1002 510 1124 542 incen—

108 566 178 601 diis
200 573 344 600 causam
371 566 631 610 praebuerunt.
693 564 801 598 Multi
829 563 1059 597 excutiuntur
1083 573 1124 594 ex

109 619 183 654 suis
206 617 458 659 facultatibus,
492 618 614 662 plures
641 617 740 651 omni
765 616 939 660 dignitate
964 613 1123 659 spolian-

108 677 189 712 tur,
218 682 347 715 inagna
366 683 451 715 pars
468 671 580 703 vitam
603 670 639 702 in
662 670 763 703 bellis
787 667 951 702 civilibus
977 666 1124 705 amittit,

107 735 175 757 nec
192 723 306 757 ullum
322 735 434 768 genus
452 723 633 755 malorum
652 728 723 761 θεῖ,
761 722 859 767 quod
887 732 962 753 non
987 730 1124 762 grasse-

107 775 224 809 turin
242 775 440 816 seditione,
475 782 515 808 ut
532 772 764 820 Thucydides
791 773 852 807 lib.
871 773 906 806 3.
930 772 967 804 in
992 770 1125 805 descri-

107 827 235 873 ptione
267 827 456 862 seditionis
483 827 707 872 Corcyraeae
745 824 931 871 inquitff).
1000 824 1123 857 Altera

108 892 194 925 pars
224 877 331 913 huius
358 879 516 924 Eclogae
551 879 700 924 propria
739 885 792 912 est
819 876 982 911 Bucolici
1018 888 1125 920 argu-

108 931 235 966 menti.
290 931 385 966 Nam
404 932 442 964 in
459 944 499 965 ea
524 931 748 965 inducuntur
774 937 938 976 pastores
966 929 1062 962 inter
1088 939 1124 962 se

108 983 332 1019 carminibus
355 990 545 1019 certantes.
606 983 670 1018 Est
695 990 817 1017 autem
844 982 1045 1016 admodum
1074 986 1126 1013 te·

107 1036 192 1071 nuis
210 1036 362 1070 materia
381 1036 562 1077 subiecta,
598 1043 635 1070 ut
654 1037 702 1069 ita
721 1036 839 1069 dicam
854 1063 863 1076 ,
900 1036 943 1068 de
969 1046 1040 1080 qua
1071 1032 1126 1065 in-

108 1094 164 1122 ter
179 1101 216 1124 se
233 1089 493 1135 colloquuntur
510 1095 693 1134 pastores,
722 1095 762 1122 ut
790 1088 900 1133 paulo
926 1093 1009 1132 post
1031 1085 1127 1118 inter

109 1141 305 1187 legendum
324 1141 528 1187 apparebit.

471 1244 690 1299 Ecloga
721 1242 776 1285 X.

155 1320 491 1364 Argumentum
520 1319 566 1352 in
596 1318 821 1351 decimam
849 1316 1080 1360 Eclogam.

214 1394 390 1440 Virgilius
407 1394 445 1428 in
466 1393 612 1439 Eclogis
629 1394 717 1428 alias
741 1393 930 1439 praedicat
953 1391 1127 1425 beneficia

113 1448 335 1488 amicorum,
365 1447 454 1482 alias
468 1447 594 1481 laudat
619 1447 778 1487 amicos,
813 1446 901 1480 alias
930 1446 1129 1479 insectatur

110 1499 276 1541 invidos,
304 1499 393 1534 alias
410 1499 579 1545 deplorat
596 1499 689 1533 bella
711 1498 843 1532 civilia.
899 1497 1009 1531 Tales
1030 1496 1128 1530 enim

109 1552 287 1586 materiae
299 1579 309 1593 ‚
338 1552 472 1587 scilicet
490 1552 615 1586 laudes
632 1552 907 1586 benefactorum
919 1577 928 1591 ‚
957 1556 1019 1584 aut
1035 1549 1129 1583 vitu-

109 1604 318 1650 perationes
336 1604 510 1638 vitiorum
524 1631 532 1645 ‚
561 1605 786 1638 conveniunt
802 1602 994 1649 poematis.
1030 1602 1129 1635 Haec

109 1663 295 1702 postrema
312 1655 446 1701 Ecloga
465 1663 541 1690 tota
561 1663 613 1691 est
632 1657 800 1703 querela,
828 1657 866 1689 in
890 1667 961 1702 qua
982 1655 1129 1689 Gallum

112 1721 238 1742 amore
257 1715 292 1742 et
307 1708 487 1743 desiderio
508 1707 716 1754 Cytheridis
726 1707 773 1754 ¹⁸)
796 1708 950 1742 cruciari
972 1719 1130 1753 conque-

110 1762 225 1802 ritur,
265 1761 365 1807 quod
397 1761 499 1794 illam
532 1773 551 1794 a
579 1761 685 1795 Gallo
707 1761 891 1795 Antonius
916 1760 1129 1793 abduxerat.

111 1813 258 1859 Opinor
283 1820 375 1847 tecte
399 1813 586 1859 deplorari
623 1812 843 1847 discordiam
879 1818 999 1845 ortam
1035 1812 1130 1844 inter

110 1865 316 1900 Antonium
335 1872 369 1900 et
385 1865 601 1911 Augustum.
644 1866 739 1900 Nam
756 1865 882 1899 Gallus
900 1863 1045 1909 utrique
1063 1863 1132 1897 fuit

112 1918 443 1953 coniunctissimus.
496 1917 629 1954 Postea
647 1918 809 1952 divulsus
827 1923 879 1951 est
898 1917 943 1950 ab
953 1915 1130 1956 Antonio,

113 1978 149 2006 et
165 1977 307 2006 secutus
323 1971 549 2016 Augustum,
574 1972 670 2016 apud
691 1983 798 2017 quem
818 1970 855 2003 in
881 1981 1024 2003 summa
1050 1980 1130 2013 gra-

113 2024 163 2058 tia
185 2030 220 2057 et
236 2023 432 2058 autoritate
448 2024 529 2059 fuit.
584 2023 721 2070 Estque
746 2021 986 2056 memorabile
1013 2033 1130 2055 exem-

112 2077 215 2122 plum
233 2075 369 2110 aulicae
387 2077 567 2111 fortunae.
629 2076 724 2111 Nam
754 2088 836 2109 cum
853 2074 1017 2119 Augusto
1045 2073 1131 2108 suis-

113 2136 168 2164 set
185 2128 511 2171 familiarissimus‚
538 2135 661 2163 tamen
681 2129 726 2162 ad
747 2135 948 2162 extremum
967 2127 1067 2160 venit
1092 2126 1130 2159 in

113 2181 359 2227 suspici0nem
385 2181 616 2223 defectionis,
657 2188 691 2215 et
716 2181 894 2215 iudicatus
923 2186 975 2213 est
1004 2177 1129 2214 hostis.

114 2234 240 2280 Quare
267 2234 394 2270 dolens
418 2234 571 2279 Augusti
594 2233 758 2268 animum
791 2246 811 2267 a
844 2245 880 2268 se
914 2233 991 2267 siue
1022 2244 1130 2266 causa

115 2287 313 2320 alienatum
327 2314 337 2328 ‚
365 2293 517 2332 propter
533 2286 787 2330 indignitatem
803 2286 856 2320 rei
880 2292 1036 2319 mortem
1062 2284 1130 2319 sibi

115 2339 302 2374 conscivit.
355 2339 474 2373 Porro
493 2337 583 2373 haec
599 2338 733 2384 Ecloga
751 2345 803 2374 est
821 2339 1024 2383 exemplum
1053 2350 1132 2370 am-

114 2391 369 2438 plificationis,
422 2392 507 2439 quia
548 2392 657 2437 longa
691 2391 966 2425 enumeratione
1002 2390 1130 2424 recitat

116 2451 223 2490 poeta
236 2472 245 2486 ‚
273 2445 336 2492 qui
351 2444 625 2490 deploraverim
642 2444 800 2478 Gallum.
842 2443 977 2490 Estque
995 2443 1129 2477 inserta

154 2584 204 2614 15)
223 2582 327 2608 Lucani
347 2583 474 2609 Pharsat.
496 2584 524 2615 1,
543 2582 586 2608 32.
998 2599 1012 2611 .

159 2636 203 2668 16)
224 2637 344 2666 nullam]
366 2637 405 2661 sie
424 2636 582 2666 Ed.1593,;
608 2635 657 2659 Ed.
676 2634 751 2659 1568.
774 2634 871 2658 mendo
892 2635 1022 2664 typogr.z
1043 2632 1132 2658 nulla.

156 2690 205 2718 17)
226 2689 348 2720 Thucyd.
370 2689 418 2720 ΙΙΙ,
438 2689 567 2715 82-85.

156 2741 400 2802 18)-55ῖὴθῑίᾱίε]
420 2741 460 2766 sic
477 2741 563 2766 Editt.
581 2741 655 2765 1568.
667 2757 674 2768 ‚
703 2739 797 2769 1593.;

193 2781 212 2801 ti
235 2784 265 2801 is.

836 2739 888 2766 Ed.
911 2737 986 2763 1565.
1007 2737 1134 2769 Cythre-

590 106 797 144 Lxxxvn.
850 104 1142 144 ENARRATIO
1174 89 1459 143 BUCOLICON
1496 105 1706 144 VIRGILH.

2113 109 2190 145 346

1180 202 1331 230 venusta
1356 195 1585 240 obiurgatio,
1623 207 1693 242 qua
1711 194 1790 228 Pan
1814 195 2009 241 compellat
2028 196 2191 234 Gallum.

1177 247 1277 282 Haec
1309 248 1471 282 continet
1498 248 1617 282 locum
1652 260 1904 288 communem,
1945 261 2056 295 quarn
2083 247 2192 284 vehe-

1178 313 1280 335 mens
1299 301 1446 335 affectus
1466 300 1511 335 sit
1529 313 1654 341 amor,
1683 307 1717 334 et
1736 301 1834 347 quod
1852 312 1928 333 non
1947 301 2061 345 possit
2081 302 2193 344 vinci,

1178 353 1207 387 si
1226 353 1307 399 quis
1324 353 1510 398 indulgeat
1527 352 1720 388 desiderio.
1775 352 1842 386 Hic
1869 353 1969 388 locus
1995 354 2192 399 praecipue

1179 405 1428 440 observandus
1463 412 1534 446 est,
1582 405 1798 450 praesertim
1833 411 1985 450 propter
2021 413 2192 441 venustas

1179 457 1408 492 collationes:
1453 457 1546 502 (Vss.
1563 457 1613 494 29
1632 457 1703 506 sq.)
1731 460 1804 492 Nec
1833 458 2022 503 lachrymis
2044 460 2194 493 crudelis

1177 522 1292 551 amor,
1329 523 1391 544 nec
1410 512 1575 555 yramz'na
1596 513 1704 553 rivis,
1738 513 1810 545 Nec
1832 512 1962 554 cythiso
1986 516 2194 546 saturantur

1178 575 1270 607 apes.
1332 563 1465 597 Postea
1491 563 1592 596 addit
1616 570 1762 597 votum:
1798 562 1950 596 Utinam
1976 563 2101 597 liceret
2130 575 2195 597 vo-

1178 616 1315 649 biscum
1335 615 1372 648 in
1388 627 1472 649 rure
1489 615 1630 654 vivere;
1660 614 1719 650 hie
1734 614 1958 659 significatur
1978 616 2091 649 vitam
2118 615 2194 661 pri-

1178 673 1301 700 vatam
1338 667 1538 701 dulciorem
1573 680 1647 702 csse
1677 667 1995 702 administratione
2019 667 2195 713 reipubli-

1179 731 1254 753 cae.
1308 719 1451 753 Deinde
1478 720 1673 765 compellat
1697 717 1919 766 Cytheriden
1937 719 2076 755 Gallus.
2131 720 2194 755 Se-

1179 771 1304 818 quitur
1324 771 1501 806 correctio
1514 799 1522 811 ‚
1558 772 1595 805 in
1615 784 1685 818 qua
1702 773 1801 805 velut
1818 772 2031 817 resipiscens
2050 773 2122 813 ait,
2157 785 2194 807 se

1179 824 1445 859 medicaturum
1473 836 1547 858 esse
1575 825 1693 858 amori
1720 825 1996 865 venationibus,
2034 826 2089 858 vel
2114 825 2195 859 aliis

1178 876 1378 911 laboribus.
1432 874 1538 918 Mox,
1565 883 1605 911 ut
1619 884 1671 911 est
1687 877 1824 911 amoris
1845 877 2088 911 inconstantia
2102 904 2111 918 ,
2139 889 2195 910 re-

1180 929 1233 963 dit
1250 930 1295 962 ad
1314 929 1475 974 priorem
1497 930 1683 976 querelam
1697 957 1706 971 ‚
1736 935 1771 963 et
1787 929 1854 963 ait:
1890 928 2096 963 Insanabile
2116 929 2196 963 vul-

1179 994 1260 1017 nus.
1314 981 1449 1027 Estque
1473 982 1703 1016 ornatissima
1722 980 1943 1028 hyperbole,
1974 983 2073 1028 quod
2091 993 2197 1015 amor

1181 1040 1233 1068 est
1257 1034 1553 1068 immedicabilis:
1592 1034 1670 1079 (Vs.
1690 1033 1771 1082 69.)
1802 1036 1927 1069 Omnia
1954 1037 2061 1069 vincit
2085 1046 2194 1076 amor,

1180 1091 1211 1120 et
1230 1098 1290 1120 nos
1315 1088 1474 1121 cedamus
1500 1089 1623 1122 amori.
1682 1087 1729 1120 Hi
1756 1087 1828 1120 loci
1855 1100 2067 1122 communes
2091 1099 2196 1133 prae-

1181 1138 1305 1173 sertim
1326 1139 1446 1173 ornati
1467 1139 1504 1172 in
1521 1139 1699 1174 similibus
1714 1139 1837 1184 figuris
1857 1139 2050 1184 diligenter
2074 1140 2197 1174 obser-

1182 1191 1292 1224 vandi
1313 1198 1416 1232 sunt,
1445 1198 1480 1225 et
1498 1191 1656 1236 insigues
1672 1204 1797 1226 versus
1815 1192 1997 1226 ediscendi
2013 1199 2098 1227 sunt
2117 1204 2200 1225 cum

1183 1250 1335 1288 propter
1350 1256 1407 1278 res
1424 1244 1540 1289 ipsas,
1567 1251 1644 1278 tum
1664 1245 1749 1291 quia
1767 1251 1852 1279 sunt
1878 1246 2043 1291 exempla
2070 1243 2200 1289 ampli-

1182 1296 1393 1330 ficationum
1418 1296 1456 1330 in
1478 1297 1658 1332 oratione.

1490 1390 1628 1424 Aliud
1659 1391 1879 1426 eiusdem.

1288 1458 1442 1494 Generis
1461 1460 1741 1494 demonstrativi
1761 1467 1813 1495 est
1840 1460 1971 1495 oratio.
2028 1459 2202 1494 Continet

1184 1509 1279 1543 enim
1306 1512 1491 1557 querelam
1517 1514 1560 1546 de
1584 1513 1679 1547 Galli
1707 1526 1833 1547 amore
1864 1519 1897 1547 et
1929 1513 2092 1554 insania,
2136 1512 2198 1559 qui

1185 1560 1361 1608 Cytherin
1380 1565 1607 1598 meretricem
1629 1567 1814 1612 quandam
1842 1565 2068 1611 deperierat,
2105 1577 2201 1611 quae

1185 1615 1291 1649 Gallo
1324 1623 1447 1661 spreto
1479 1618 1682 1652 Antonium
1716 1618 1754 1651 in
1794 1619 1952 1653 Galliam
1987 1630 2068 1652 cum
2101 1629 2202 1651 excr-

1185 1667 1317 1715 citu19)
1347 1669 1634 1713 proficiscentem
1670 1677 1791 1705 secuta
1824 1677 1888 1706 est.
1959 1669 2046 1704 Fuit
2078 1677 2200 1704 autem

1185 1718 1243 1753 hic
1258 1720 1418 1764 primum
1429 1722 1592 1767 Augusto
1606 1722 1752 1757 Caesari
1768 1721 1984 1769 percharus,
2014 1722 2071 1756 cui
2090 1723 2200 1756 etiam

1186 1773 1230 1806 ab
1250 1774 1377 1807 eodem
1393 1774 1580 1820 Aegyptus
1598 1776 1787 1820 provincia
1807 1776 2098 1809 administranda
2116 1787 2202 1808 con-

1186 1837 1282 1859 cessa
1315 1832 1378 1860 est.
1439 1826 1577 1861 Verum
1611 1828 1671 1861 ubi
1704 1828 1882 1873 comperit
1905 1829 2089 1872 Augustus
2118 1840 2201 1861 eum

1186 1877 1324 1925 cum20)
1342 1878 1524 1925 aliquibus
1542 1886 1666 1913 contra
1688 1893 1723 1914 εθ
1744 1881 1965 1921 coniurasse,
1995 1879 2099 1913 eiecit
2116 1892 2201 1914 eum

1185 1930 1287 1964 urbe.
1356 1930 1549 1966 Postremo
1575 1933 1698 1967 multis
1728 1933 1871 1967 iudiciis
1899 1939 1935 1966 et
1959 1932 2202 1967 senatuscon-

1185 1982 1287 2016 sultis
1305 1984 1491 2019 confossus
1508 1985 1655 2026 Gallus,
1683 1987 1829 2019 tandem
1856 1985 1924 2020 sibi
1949 1984 2018 2030 ipsi
2041 1991 2201 2018 mortem

1186 2035 1400 2070 conscivisse
1424 2037 1551 2072 fertur.
1616 2037 1807 2072 Caeterum
1843 2037 2012 2083 perpetui
2042 2043 2076 2071 et
2109 2038 2202 2071 eius-

1185 2088 1268 2120 dem
1288 2090 1494 2133 argumcnti
1519 2096 1571 2124 est
1586 2090 1741 2135 Ecloga‚
1777 2091 1900 2125 multis
1926 2087 2118 2124 rhetoricis
2145 2101 2203 2123 ar—

1185 2141 1365 2184 gumentis
1400 2148 1434 2175 et
1462 2142 1586 2187 figuris
1616 2143 1806 2177 illustrata.
1877 2142 1941 2177 Est
1969 2149 2091 2177 autem
2117 2154 2202 2176 con-

1186 2193 1317 2238 scripta
1345 2194 1391 2227 ad
1418 2195 1528 2239 primi
1547 2194 1665 2241 ldyllii
1684 2193 1873 2229 Theocriti
1893 2195 2137 2229 imitationem
2158 2195 2203 2228 de

1186 2243 1380 2292 Daphnide
1389 2246 1449 2294 ²¹).

1490 2333 1631 2368 Aliud
1661 2333 1877 2368 eiusdem.

1292 2402 1428 2436 Ultima
1447 2402 1581 2448 Ecloga
1600 2415 1743 2437 amores
1759 2403 1856 2437 Galli
1873 2402 2055 2443 describit,
2084 2408 2117 2434 et
2135 2398 2195 2433 ha*

1187 2455 1245 2488 bet
1263 2461 1409 2500 praeter
1429 2462 1587 2489 caeteras
1604 2456 1734 2489 miram
1752 2456 1945 2489 affectuum
1971 2455 2009 2487 in
2034 2459 2198 2486 amatore

1188 2507 1469 2552 expressionem.
1540 2508 1658 2542 Porro
1691 2508 1759 2542 suit
1790 2506 1847 2541 hic
1873 2507 1999 2541 Gallus
2032 2504 2198 2551 poetam)

1225 2638 1271 2670 10)
1293 2638 1432 2667 exercitu]
1453 2638 1494 2662 sic
1515 2638 1600 2663 Editt.
1619 2638 1712 2664 1565.,
1733 2637 1826 2665 ¹593.;
1854 2636 1902 2660 Ed.
1922 2636 1995 2659 1568.
2018 2635 2179 2659 exercitum.

1223 2683 1273 2711 20)
1293 2684 1368 2711 cum]
1388 2682 1429 2706 sic
1449 2683 1532 2706 Editt.
1554 2682 1646 2711 1565.‚
1671 2681 1763 2709 1593.;
1792 2681 1818 2703 in
1839 2680 1888 2704 Ed.
1908 2679 1983 2705 1565.
2005 2680 2093 2703 deest.

1224 2727 1273 2753 21)
1296 2726 1452 2756 Daphnide]
1474 2726 1514 2749 sic
1535 2726 1619 2749 Editt.
1640 2725 1732 2753 1565.ἢ
1756 2724 1847 2751 1593.;
1877 2724 1927 2748 Ed.
1947 2724 2020 2747 1568.
2043 2722 2175 2753 Daphiue.

1223 2771 1270 2799 22]
1291 2771 1390 2795 Gallus
1411 2770 1558 2795 Cornelius
1580 2771 1662 2799 poeta
1683 2769 1734 2792 fuit
1754 2768 1854 2793 nobilis
1877 2769 1926 2792 suh
1947 2768 2083 2799 Augusto.
