<?xml version="1.0" encoding="UTF-8"?>
<!DOCTYPE html PUBLIC "-//W3C//DTD XHTML 1.0 Transitional//EN"
    "http://www.w3.org/TR/xhtml1/DTD/xhtml1-transitional.dtd">
<html xmlns="http://www.w3.org/1999/xhtml" xml:lang="en" lang="en">
 <head>
  <title>
</title>
<meta http-equiv="Content-Type" content="text/html;charset=utf-8" />
  <meta name='ocr-system' content='tesseract 3.04.00' />
  <meta name='ocr-capabilities' content='ocr_page ocr_carea ocr_par ocr_line ocrx_word'/>
</head>
<body>
  <div class='ocr_page' id='page_1' title='image "./operaquaesupersu19melauoft_0359.png"; bbox 0 0 2421 3005; ppageno 0'>
   <div class='ocr_carea' id='block_1_1' title="bbox 84 105 645 148">
    <p class='ocr_par' dir='ltr' id='par_1_1' title="bbox 84 105 645 148">
     <span class='ocr_line' id='line_1_1' title="bbox 84 105 645 148; baseline -0.014 -1"><span class='ocrx_word' id='word_1_1' title='bbox 84 112 160 148; x_wconf 79' lang='lat'>693</span> <span class='ocrx_word' id='word_1_2' title='bbox 543 105 645 140; x_wconf 83' lang='lat' dir='ltr'>XCII.</span> 
     </span>
    </p>
   </div>
   <div class='ocr_carea' id='block_1_2' title="bbox 83 189 1110 295">
    <p class='ocr_par' dir='ltr' id='par_1_2' title="bbox 83 189 1110 295">
     <span class='ocr_line' id='line_1_2' title="bbox 84 189 1082 238; baseline -0.011 -6"><span class='ocrx_word' id='word_1_3' title='bbox 84 204 214 238; x_wconf 85' lang='lat' dir='ltr'>natur,</span> <span class='ocrx_word' id='word_1_4' title='bbox 249 203 282 230; x_wconf 92' lang='lat' dir='ltr'>et</span> <span class='ocrx_word' id='word_1_5' title='bbox 304 203 380 229; x_wconf 85' lang='lat' dir='ltr'>tum</span> <span class='ocrx_word' id='word_1_6' title='bbox 406 206 491 228; x_wconf 90' lang='lat' dir='ltr'>vero</span> <span class='ocrx_word' id='word_1_7' title='bbox 517 191 673 237; x_wconf 83' lang='lat' dir='ltr'>placebit</span> <span class='ocrx_word' id='word_1_8' title='bbox 691 190 901 230; x_wconf 75' lang='lat' dir='ltr'><strong>Terentius,</strong></span> <span class='ocrx_word' id='word_1_9' title='bbox 930 189 990 222; x_wconf 91' lang='lat' dir='ltr'>ubi</span> <span class='ocrx_word' id='word_1_10' title='bbox 1007 200 1082 222; x_wconf 90' lang='lat' dir='ltr'>sae-</span> 
     </span>
     <span class='ocr_line' id='line_1_3' title="bbox 83 202 1110 295; baseline -0.007 -13"><span class='ocrx_word' id='word_1_11' title='bbox 83 249 228 295; x_wconf 82' lang='lat' dir='ltr'>pissime</span> <span class='ocrx_word' id='word_1_12' title='bbox 246 247 341 282; x_wconf 90' lang='lat' dir='ltr'>hunc</span> <span class='ocrx_word' id='word_1_13' title='bbox 357 253 391 280; x_wconf 88' lang='lat' dir='ltr'>et</span> <span class='ocrx_word' id='word_1_14' title='bbox 410 245 590 280; x_wconf 81' lang='lat' dir='ltr'>audierint</span> <span class='ocrx_word' id='word_1_15' title='bbox 608 250 642 278; x_wconf 89' lang='lat' dir='ltr'>et</span> <span class='ocrx_word' id='word_1_16' title='bbox 658 242 850 287; x_wconf 80' lang='lat' dir='ltr'>relegerint</span> <span class='ocrx_word' id='word_1_17' title='bbox 868 240 1029 275; x_wconf 76' lang='lat' dir='ltr'>studiosi.</span> <span class='ocrx_word' id='word_1_18' title='bbox 1106 202 1110 275; x_wconf 76' lang='lat' dir='ltr'>i</span> 
     </span>
    </p>
   </div>
   <div class='ocr_carea' id='block_1_3' title="bbox 306 328 858 375">
    <p class='ocr_par' dir='ltr' id='par_1_3' title="bbox 306 328 858 375">
     <span class='ocr_line' id='line_1_4' title="bbox 306 328 858 375; baseline -0.013 -8"><span class='ocrx_word' id='word_1_19' title='bbox 306 332 366 366; x_wconf 91' lang='lat' dir='ltr'>De</span> <span class='ocrx_word' id='word_1_20' title='bbox 394 330 574 375; x_wconf 85' lang='lat' dir='ltr'>duplici</span> <span class='ocrx_word' id='word_1_21' title='bbox 604 328 858 362; x_wconf 77' lang='lat' dir='ltr'>comoedia.</span> 
     </span>
    </p>
   </div>
   <div class='ocr_carea' id='block_1_4' title="bbox 81 395 1083 1006">
    <p class='ocr_par' dir='ltr' id='par_1_4' title="bbox 81 395 1083 1006">
     <span class='ocr_line' id='line_1_5' title="bbox 188 395 1082 442; baseline -0.009 -9"><span class='ocrx_word' id='word_1_22' title='bbox 188 402 297 435; x_wconf 88' lang='lat' dir='ltr'>Vetus</span> <span class='ocrx_word' id='word_1_23' title='bbox 321 399 507 434; x_wconf 74' lang='lat' dir='ltr'>comoedia</span> <span class='ocrx_word' id='word_1_24' title='bbox 529 404 606 431; x_wconf 92' lang='lat' dir='ltr'>erat</span> <span class='ocrx_word' id='word_1_25' title='bbox 628 409 774 430; x_wconf 88' lang='lat' dir='ltr'>carmen</span> <span class='ocrx_word' id='word_1_26' title='bbox 798 395 981 442; x_wconf 77' lang='lat' dir='ltr'>quoddam</span> <span class='ocrx_word' id='word_1_27' title='bbox 1008 404 1082 426; x_wconf 89' lang='lat' dir='ltr'>non</span> 
     </span>
     <span class='ocr_line' id='line_1_6' title="bbox 83 444 1081 496; baseline -0.012 -7"><span class='ocrx_word' id='word_1_28' title='bbox 83 454 254 490; x_wconf 83' lang='lat' dir='ltr'>dissimile</span> <span class='ocrx_word' id='word_1_29' title='bbox 272 451 490 496; x_wconf 72' lang='lat' dir='ltr'>tragoediae,</span> <span class='ocrx_word' id='word_1_30' title='bbox 511 463 582 496; x_wconf 92' lang='lat' dir='ltr'>quo</span> <span class='ocrx_word' id='word_1_31' title='bbox 600 449 747 482; x_wconf 88' lang='lat' dir='ltr'>liberius</span> <span class='ocrx_word' id='word_1_32' title='bbox 763 449 978 481; x_wconf 85' lang='lat' dir='ltr'>taxabantur</span> <span class='ocrx_word' id='word_1_33' title='bbox 996 444 1081 478; x_wconf 76' lang='lat' dir='ltr'>vitia</span> 
     </span>
     <span class='ocr_line' id='line_1_7' title="bbox 83 501 1082 545; baseline -0.012 -4"><span class='ocrx_word' id='word_1_34' title='bbox 83 504 287 545; x_wconf 88' lang='lat' dir='ltr'>hominum,</span> <span class='ocrx_word' id='word_1_35' title='bbox 314 510 348 537; x_wconf 90' lang='lat' dir='ltr'>et</span> <span class='ocrx_word' id='word_1_36' title='bbox 366 501 492 536; x_wconf 88' lang='lat' dir='ltr'>habuit</span> <span class='ocrx_word' id='word_1_37' title='bbox 510 514 583 535; x_wconf 88' lang='lat' dir='ltr'>non</span> <span class='ocrx_word' id='word_1_38' title='bbox 604 508 742 534; x_wconf 89' lang='lat' dir='ltr'>tantum</span> <span class='ocrx_word' id='word_1_39' title='bbox 762 501 840 533; x_wconf 84' lang='lat' dir='ltr'>ficta</span> <span class='ocrx_word' id='word_1_40' title='bbox 860 503 1082 543; x_wconf 83' lang='lat' dir='ltr'>argumenta,</span> 
     </span>
     <span class='ocr_line' id='line_1_8' title="bbox 83 555 1083 597; baseline -0.011 -5"><span class='ocrx_word' id='word_1_41' title='bbox 83 560 144 593; x_wconf 92' lang='lat' dir='ltr'>sed</span> <span class='ocrx_word' id='word_1_42' title='bbox 160 558 340 591; x_wconf 89' lang='lat' dir='ltr'>interdum</span> <span class='ocrx_word' id='word_1_43' title='bbox 360 555 466 588; x_wconf 89' lang='lat' dir='ltr'>etiam</span> <span class='ocrx_word' id='word_1_44' title='bbox 486 566 541 587; x_wconf 86' lang='lat' dir='ltr'>res</span> <span class='ocrx_word' id='word_1_45' title='bbox 560 560 695 597; x_wconf 86' lang='lat' dir='ltr'>gestas,</span> <span class='ocrx_word' id='word_1_46' title='bbox 724 564 816 597; x_wconf 88' lang='lat' dir='ltr'>quae</span> <span class='ocrx_word' id='word_1_47' title='bbox 839 564 919 584; x_wconf 87' lang='lat' dir='ltr'>cum</span> <span class='ocrx_word' id='word_1_48' title='bbox 945 561 1083 588; x_wconf 87' lang='lat' dir='ltr'>eorum,</span> 
     </span>
     <span class='ocr_line' id='line_1_9' title="bbox 84 600 1081 657; baseline -0.012 -13"><span class='ocrx_word' id='word_1_49' title='bbox 84 610 146 657; x_wconf 90' lang='lat' dir='ltr'>qui</span> <span class='ocrx_word' id='word_1_50' title='bbox 162 614 363 654; x_wconf 87' lang='lat' dir='ltr'>gesserant,</span> <span class='ocrx_word' id='word_1_51' title='bbox 391 606 539 639; x_wconf 88' lang='lat' dir='ltr'>nomine</span> <span class='ocrx_word' id='word_1_52' title='bbox 565 605 862 638; x_wconf 67' lang='lat' dir='ltr'>decantabantur.</span> <span class='ocrx_word' id='word_1_53' title='bbox 925 600 977 634; x_wconf 87' lang='lat' dir='ltr'>Ibi</span> <span class='ocrx_word' id='word_1_54' title='bbox 1002 613 1081 633; x_wconf 89' lang='lat' dir='ltr'>cum</span> 
     </span>
     <span class='ocr_line' id='line_1_10' title="bbox 83 652 1083 707; baseline -0.011 -12"><span class='ocrx_word' id='word_1_55' title='bbox 83 661 246 707; x_wconf 85' lang='lat' dir='ltr'>plerique</span> <span class='ocrx_word' id='word_1_56' title='bbox 264 672 306 694; x_wconf 81' lang='lat' dir='ltr'>ex</span> <span class='ocrx_word' id='word_1_57' title='bbox 328 659 443 703; x_wconf 88' lang='lat' dir='ltr'>poetis</span> <span class='ocrx_word' id='word_1_58' title='bbox 469 670 534 702; x_wconf 92' lang='lat' dir='ltr'>pro</span> <span class='ocrx_word' id='word_1_59' title='bbox 557 657 706 690; x_wconf 85' lang='lat' dir='ltr'>libidine</span> <span class='ocrx_word' id='word_1_60' title='bbox 732 655 862 688; x_wconf 88' lang='lat' dir='ltr'>multos</span> <span class='ocrx_word' id='word_1_61' title='bbox 889 653 997 686; x_wconf 90' lang='lat' dir='ltr'>etiam</span> <span class='ocrx_word' id='word_1_62' title='bbox 1020 652 1083 684; x_wconf 85' lang='lat' dir='ltr'>bo—</span> 
     </span>
     <span class='ocr_line' id='line_1_11' title="bbox 81 701 1083 755; baseline -0.012 -8"><span class='ocrx_word' id='word_1_63' title='bbox 81 726 149 747; x_wconf 92' lang='lat' dir='ltr'>nos</span> <span class='ocrx_word' id='word_1_64' title='bbox 164 713 307 746; x_wconf 88' lang='lat' dir='ltr'>laedere</span> <span class='ocrx_word' id='word_1_65' title='bbox 325 711 545 755; x_wconf 85' lang='lat' dir='ltr'>coepissent,</span> <span class='ocrx_word' id='word_1_66' title='bbox 580 707 722 753; x_wconf 88' lang='lat' dir='ltr'>penitus</span> <span class='ocrx_word' id='word_1_67' title='bbox 742 707 923 740; x_wconf 84' lang='lat' dir='ltr'>sublatum</span> <span class='ocrx_word' id='word_1_68' title='bbox 944 710 996 738; x_wconf 90' lang='lat' dir='ltr'>est</span> <span class='ocrx_word' id='word_1_69' title='bbox 1014 701 1083 736; x_wconf 92' lang='lat' dir='ltr'>hoc</span> 
     </span>
     <span class='ocr_line' id='line_1_12' title="bbox 83 756 1081 808; baseline -0.012 -9"><span class='ocrx_word' id='word_1_70' title='bbox 83 764 254 799; x_wconf 86' lang='lat' dir='ltr'>carminis</span> <span class='ocrx_word' id='word_1_71' title='bbox 282 775 405 808; x_wconf 86' lang='lat' dir='ltr'>genus.</span> <span class='ocrx_word' id='word_1_72' title='bbox 475 761 579 796; x_wconf 75' lang='lat' dir='ltr'>Nova</span> <span class='ocrx_word' id='word_1_73' title='bbox 605 758 792 793; x_wconf 81' lang='lat' dir='ltr'>comoedia</span> <span class='ocrx_word' id='word_1_74' title='bbox 823 763 897 790; x_wconf 87' lang='lat' dir='ltr'>arte</span> <span class='ocrx_word' id='word_1_75' title='bbox 925 756 1081 801; x_wconf 86' lang='lat' dir='ltr'>quadam</span> 
     </span>
     <span class='ocr_line' id='line_1_13' title="bbox 84 809 1083 861; baseline -0.012 -10"><span class='ocrx_word' id='word_1_76' title='bbox 84 822 297 861; x_wconf 87' lang='lat' dir='ltr'>argumenta</span> <span class='ocrx_word' id='word_1_77' title='bbox 316 814 455 847; x_wconf 88' lang='lat' dir='ltr'>invenit</span> <span class='ocrx_word' id='word_1_78' title='bbox 475 814 517 846; x_wconf 89' lang='lat' dir='ltr'>de</span> <span class='ocrx_word' id='word_1_79' title='bbox 544 811 633 845; x_wconf 88' lang='lat' dir='ltr'>fictis</span> <span class='ocrx_word' id='word_1_80' title='bbox 658 809 839 856; x_wconf 88' lang='lat' dir='ltr'>personis,</span> <span class='ocrx_word' id='word_1_81' title='bbox 877 809 1008 854; x_wconf 86' lang='lat' dir='ltr'>quibus</span> <span class='ocrx_word' id='word_1_82' title='bbox 1031 813 1083 839; x_wconf 89' lang='lat' dir='ltr'>ta-</span> 
     </span>
     <span class='ocr_line' id='line_1_14' title="bbox 82 864 1083 913; baseline -0.011 -11"><span class='ocrx_word' id='word_1_83' title='bbox 82 880 167 902; x_wconf 88' lang='lat' dir='ltr'>men</span> <span class='ocrx_word' id='word_1_84' title='bbox 185 874 358 913; x_wconf 78' lang='lat' dir='ltr'>tanquam</span> <span class='ocrx_word' id='word_1_85' title='bbox 377 866 419 898; x_wconf 92' lang='lat' dir='ltr'>de</span> <span class='ocrx_word' id='word_1_86' title='bbox 437 864 531 898; x_wconf 87' lang='lat' dir='ltr'>veris</span> <span class='ocrx_word' id='word_1_87' title='bbox 551 865 833 897; x_wconf 76' lang='lat' dir='ltr'>admonerentur</span> <span class='ocrx_word' id='word_1_88' title='bbox 862 865 1083 905; x_wconf 75' lang='lat' dir='ltr'>spectatores</span> 
     </span>
     <span class='ocr_line' id='line_1_15' title="bbox 83 912 1083 956; baseline -0.01 -2"><span class='ocrx_word' id='word_1_89' title='bbox 83 919 241 954; x_wconf 88' lang='lat' dir='ltr'>civilium</span> <span class='ocrx_word' id='word_1_90' title='bbox 268 930 431 956; x_wconf 85' lang='lat' dir='ltr'>morum,</span> <span class='ocrx_word' id='word_1_91' title='bbox 465 917 551 949; x_wconf 92' lang='lat' dir='ltr'>item</span> <span class='ocrx_word' id='word_1_92' title='bbox 575 913 821 948; x_wconf 82' lang='lat' dir='ltr'>humanorum</span> <span class='ocrx_word' id='word_1_93' title='bbox 849 912 1083 946; x_wconf 85' lang='lat' dir='ltr'>consiliorum</span> 
     </span>
     <span class='ocr_line' id='line_1_16' title="bbox 83 977 350 1006; baseline -0.011 0"><span class='ocrx_word' id='word_1_94' title='bbox 83 979 118 1006; x_wconf 89' lang='lat' dir='ltr'>et</span> <span class='ocrx_word' id='word_1_95' title='bbox 143 977 350 1006; x_wconf 85' lang='lat' dir='ltr'>eventuum.</span> 
     </span>
    </p>
   </div>
   <div class='ocr_carea' id='block_1_5' title="bbox 82 1047 1084 1093">
    <p class='ocr_par' dir='ltr' id='par_1_5' title="bbox 82 1047 1084 1093">
     <span class='ocr_line' id='line_1_17' title="bbox 82 1047 1084 1093; baseline -0.012 -2"><span class='ocrx_word' id='word_1_96' title='bbox 82 1056 146 1091; x_wconf 90' lang='lat' dir='ltr'>De</span> <span class='ocrx_word' id='word_1_97' title='bbox 163 1053 438 1090; x_wconf 82' lang='lat' dir='ltr'>differentia</span> <span class='ocrx_word' id='word_1_98' title='bbox 456 1051 725 1086; x_wconf 88' lang='lat' dir='ltr'>comoediae</span> <span class='ocrx_word' id='word_1_99' title='bbox 745 1047 1084 1093; x_wconf 86' lang='lat' dir='ltr'>ettragoediae.</span> 
     </span>
    </p>
   </div>
   <div class='ocr_carea' id='block_1_6' title="bbox 84 1116 1117 1625">
    <p class='ocr_par' dir='ltr' id='par_1_6' title="bbox 84 1116 1117 1625">
     <span class='ocr_line' id='line_1_18' title="bbox 189 1116 1086 1163; baseline -0.01 -6"><span class='ocrx_word' id='word_1_100' title='bbox 189 1122 386 1158; x_wconf 88' lang='lat' dir='ltr'>Comoedia</span> <span class='ocrx_word' id='word_1_101' title='bbox 404 1121 522 1154; x_wconf 85' lang='lat' dir='ltr'>differt</span> <span class='ocrx_word' id='word_1_102' title='bbox 545 1132 563 1153; x_wconf 89' lang='lat' dir='ltr'>a</span> <span class='ocrx_word' id='word_1_103' title='bbox 589 1118 796 1163; x_wconf 80' lang='lat' dir='ltr'>tragoedia,</span> <span class='ocrx_word' id='word_1_104' title='bbox 833 1117 931 1163; x_wconf 90' lang='lat' dir='ltr'>quod</span> <span class='ocrx_word' id='word_1_105' title='bbox 955 1116 991 1149; x_wconf 89' lang='lat' dir='ltr'>in</span> <span class='ocrx_word' id='word_1_106' title='bbox 1014 1122 1086 1149; x_wconf 89' lang='lat' dir='ltr'>tra-</span> 
     </span>
     <span class='ocr_line' id='line_1_19' title="bbox 85 1168 1114 1223; baseline -0.011 -12"><span class='ocrx_word' id='word_1_107' title='bbox 85 1176 210 1223; x_wconf 89' lang='lat' dir='ltr'>goedia</span> <span class='ocrx_word' id='word_1_108' title='bbox 229 1180 431 1209; x_wconf 82' lang='lat' dir='ltr'>tractantur</span> <span class='ocrx_word' id='word_1_109' title='bbox 456 1172 600 1217; x_wconf 85' lang='lat' dir='ltr'>negotia</span> <span class='ocrx_word' id='word_1_110' title='bbox 623 1171 827 1216; x_wconf 86' lang='lat' dir='ltr'>principum</span> <span class='ocrx_word' id='word_1_111' title='bbox 852 1175 886 1202; x_wconf 90' lang='lat' dir='ltr'>et</span> <span class='ocrx_word' id='word_1_112' title='bbox 911 1168 1086 1215; x_wconf 87' lang='lat' dir='ltr'>equitum,</span> <span class='ocrx_word' id='word_1_113' title='bbox 1111 1170 1114 1179; x_wconf 69' lang='lat'>¹</span> 
     </span>
     <span class='ocr_line' id='line_1_20' title="bbox 84 1220 1087 1270; baseline -0.01 -8"><span class='ocrx_word' id='word_1_114' title='bbox 84 1229 123 1262; x_wconf 91' lang='lat' dir='ltr'>in</span> <span class='ocrx_word' id='word_1_115' title='bbox 142 1227 329 1262; x_wconf 91' lang='lat' dir='ltr'>comoedia</span> <span class='ocrx_word' id='word_1_116' title='bbox 349 1237 434 1259; x_wconf 87' lang='lat' dir='ltr'>vero</span> <span class='ocrx_word' id='word_1_117' title='bbox 452 1237 507 1258; x_wconf 93' lang='lat' dir='ltr'>res</span> <span class='ocrx_word' id='word_1_118' title='bbox 526 1223 798 1270; x_wconf 87' lang='lat' dir='ltr'>quodammodo</span> <span class='ocrx_word' id='word_1_119' title='bbox 819 1221 940 1254; x_wconf 81' lang='lat' dir='ltr'>civiles</span> <span class='ocrx_word' id='word_1_120' title='bbox 959 1233 999 1253; x_wconf 90' lang='lat' dir='ltr'>ac</span> <span class='ocrx_word' id='word_1_121' title='bbox 1023 1220 1087 1253; x_wconf 94' lang='lat' dir='ltr'>do-</span> 
     </span>
     <span class='ocr_line' id='line_1_21' title="bbox 85 1272 1087 1323; baseline -0.011 -8"><span class='ocrx_word' id='word_1_122' title='bbox 85 1281 273 1317; x_wconf 87' lang='lat' dir='ltr'>mesticae;</span> <span class='ocrx_word' id='word_1_123' title='bbox 309 1284 384 1312; x_wconf 88' lang='lat' dir='ltr'>tum</span> <span class='ocrx_word' id='word_1_124' title='bbox 410 1278 508 1323; x_wconf 91' lang='lat' dir='ltr'>quod</span> <span class='ocrx_word' id='word_1_125' title='bbox 534 1276 572 1309; x_wconf 89' lang='lat' dir='ltr'>in</span> <span class='ocrx_word' id='word_1_126' title='bbox 598 1274 782 1319; x_wconf 80' lang='lat' dir='ltr'>tragoedia</span> <span class='ocrx_word' id='word_1_127' title='bbox 807 1273 975 1318; x_wconf 80' lang='lat' dir='ltr'>fugienda</span> <span class='ocrx_word' id='word_1_128' title='bbox 1001 1272 1087 1312; x_wconf 86' lang='lat' dir='ltr'>vita,</span> 
     </span>
     <span class='ocr_line' id='line_1_22' title="bbox 86 1323 1086 1373; baseline -0.011 -7"><span class='ocrx_word' id='word_1_129' title='bbox 86 1332 124 1366; x_wconf 88' lang='lat' dir='ltr'>in</span> <span class='ocrx_word' id='word_1_130' title='bbox 147 1330 335 1366; x_wconf 84' lang='lat' dir='ltr'>comoedia</span> <span class='ocrx_word' id='word_1_131' title='bbox 361 1329 575 1373; x_wconf 85' lang='lat' dir='ltr'>capessenda</span> <span class='ocrx_word' id='word_1_132' title='bbox 601 1326 832 1371; x_wconf 83' lang='lat' dir='ltr'>exprimitur;</span> <span class='ocrx_word' id='word_1_133' title='bbox 875 1331 951 1357; x_wconf 89' lang='lat' dir='ltr'>tum</span> <span class='ocrx_word' id='word_1_134' title='bbox 979 1323 1086 1356; x_wconf 90' lang='lat' dir='ltr'>etiam</span> 
     </span>
     <span class='ocr_line' id='line_1_23' title="bbox 87 1375 1088 1431; baseline -0.009 -13"><span class='ocrx_word' id='word_1_135' title='bbox 87 1385 185 1431; x_wconf 90' lang='lat' dir='ltr'>quod</span> <span class='ocrx_word' id='word_1_136' title='bbox 219 1382 337 1416; x_wconf 89' lang='lat' dir='ltr'>omnis</span> <span class='ocrx_word' id='word_1_137' title='bbox 369 1380 556 1414; x_wconf 88' lang='lat' dir='ltr'>comoedia</span> <span class='ocrx_word' id='word_1_138' title='bbox 589 1380 632 1412; x_wconf 91' lang='lat' dir='ltr'>de</span> <span class='ocrx_word' id='word_1_139' title='bbox 667 1377 756 1411; x_wconf 86' lang='lat' dir='ltr'>fictis</span> <span class='ocrx_word' id='word_1_140' title='bbox 780 1383 832 1411; x_wconf 86' lang='lat' dir='ltr'>est</span> <span class='ocrx_word' id='word_1_141' title='bbox 855 1375 1088 1420; x_wconf 77' lang='lat' dir='ltr'>argumentis,</span> 
     </span>
     <span class='ocr_line' id='line_1_24' title="bbox 86 1429 1117 1480; baseline -0.009 -11"><span class='ocrx_word' id='word_1_142' title='bbox 86 1434 273 1480; x_wconf 86' lang='lat' dir='ltr'>tragoedia</span> <span class='ocrx_word' id='word_1_143' title='bbox 298 1445 403 1477; x_wconf 87' lang='lat' dir='ltr'>saepe</span> <span class='ocrx_word' id='word_1_144' title='bbox 430 1432 474 1464; x_wconf 91' lang='lat' dir='ltr'>ab</span> <span class='ocrx_word' id='word_1_145' title='bbox 493 1429 663 1465; x_wconf 86' lang='lat' dir='ltr'>historica</span> <span class='ocrx_word' id='word_1_146' title='bbox 683 1430 751 1462; x_wconf 88' lang='lat' dir='ltr'>fide</span> <span class='ocrx_word' id='word_1_147' title='bbox 769 1429 922 1473; x_wconf 85' lang='lat' dir='ltr'>petitur;</span> <span class='ocrx_word' id='word_1_148' title='bbox 952 1434 1088 1472; x_wconf 82' lang='lat' dir='ltr'>postre-</span> <span class='ocrx_word' id='word_1_149' title='bbox 1114 1435 1117 1448; x_wconf 73' lang='lat'><strong><em>¹</em></strong></span> 
     </span>
     <span class='ocr_line' id='line_1_25' title="bbox 88 1479 1117 1532; baseline -0.01 -11"><span class='ocrx_word' id='word_1_150' title='bbox 88 1500 170 1528; x_wconf 91' lang='lat' dir='ltr'>mo,</span> <span class='ocrx_word' id='word_1_151' title='bbox 199 1485 297 1532; x_wconf 88' lang='lat' dir='ltr'>quod</span> <span class='ocrx_word' id='word_1_152' title='bbox 321 1484 528 1528; x_wconf 85' lang='lat' dir='ltr'>tragoediae</span> <span class='ocrx_word' id='word_1_153' title='bbox 555 1480 712 1515; x_wconf 85' lang='lat' dir='ltr'>habeant</span> <span class='ocrx_word' id='word_1_154' title='bbox 736 1481 827 1513; x_wconf 90' lang='lat' dir='ltr'>laeta</span> <span class='ocrx_word' id='word_1_155' title='bbox 854 1479 1030 1525; x_wconf 88' lang='lat' dir='ltr'>principia</span> <span class='ocrx_word' id='word_1_156' title='bbox 1056 1485 1090 1512; x_wconf 88' lang='lat' dir='ltr'>et</span> <span class='ocrx_word' id='word_1_157' title='bbox 1115 1487 1117 1517; x_wconf 59' lang='lat'><em>5</em></span> 
     </span>
     <span class='ocr_line' id='line_1_26' title="bbox 88 1531 1088 1577; baseline -0.009 -5"><span class='ocrx_word' id='word_1_158' title='bbox 88 1539 206 1573; x_wconf 84' lang='lat' dir='ltr'>tristes</span> <span class='ocrx_word' id='word_1_159' title='bbox 223 1537 357 1577; x_wconf 78' lang='lat' dir='ltr'>exitus,</span> <span class='ocrx_word' id='word_1_160' title='bbox 386 1534 593 1569; x_wconf 89' lang='lat' dir='ltr'>comoediae</span> <span class='ocrx_word' id='word_1_161' title='bbox 622 1539 742 1567; x_wconf 88' lang='lat' dir='ltr'>autem</span> <span class='ocrx_word' id='word_1_162' title='bbox 768 1532 883 1567; x_wconf 86' lang='lat' dir='ltr'>tristia</span> <span class='ocrx_word' id='word_1_163' title='bbox 910 1531 1088 1577; x_wconf 88' lang='lat' dir='ltr'>principia</span> 
     </span>
     <span class='ocr_line' id='line_1_27' title="bbox 91 1588 400 1625; baseline -0.016 0"><span class='ocrx_word' id='word_1_164' title='bbox 91 1597 126 1625; x_wconf 90' lang='lat' dir='ltr'>et</span> <span class='ocrx_word' id='word_1_165' title='bbox 141 1591 254 1624; x_wconf 90' lang='lat' dir='ltr'>laetos</span> <span class='ocrx_word' id='word_1_166' title='bbox 274 1588 400 1622; x_wconf 87' lang='lat' dir='ltr'>exitus.</span> 
     </span>
    </p>
   </div>
   <div class='ocr_carea' id='block_1_7' title="bbox 301 1673 884 1712">
    <p class='ocr_par' dir='ltr' id='par_1_7' title="bbox 301 1673 884 1712">
     <span class='ocr_line' id='line_1_28' title="bbox 301 1673 884 1712; baseline -0.01 0"><span class='ocrx_word' id='word_1_167' title='bbox 301 1678 362 1712; x_wconf 92' lang='lat' dir='ltr'>De</span> <span class='ocrx_word' id='word_1_168' title='bbox 389 1676 572 1710; x_wconf 87' lang='lat' dir='ltr'>nomine</span> <span class='ocrx_word' id='word_1_169' title='bbox 601 1673 884 1708; x_wconf 89' lang='lat' dir='ltr'>comoediae.</span> 
     </span>
    </p>
   </div>
   <div class='ocr_carea' id='block_1_8' title="bbox 93 1732 1132 2775">
    <p class='ocr_par' dir='ltr' id='par_1_8' title="bbox 93 1732 1132 2775">
     <span class='ocr_line' id='line_1_29' title="bbox 196 1732 1119 1793; baseline -0.008 -12"><span class='ocrx_word' id='word_1_170' title='bbox 196 1747 292 1793; x_wconf 87' lang='lat' dir='ltr'>Quia</span> <span class='ocrx_word' id='word_1_171' title='bbox 324 1745 511 1780; x_wconf 80' lang='lat' dir='ltr'>comoedia</span> <span class='ocrx_word' id='word_1_172' title='bbox 542 1743 692 1777; x_wconf 83' lang='lat' dir='ltr'>conficta</span> <span class='ocrx_word' id='word_1_173' title='bbox 717 1748 768 1775; x_wconf 91' lang='lat' dir='ltr'>est</span> <span class='ocrx_word' id='word_1_174' title='bbox 790 1754 865 1775; x_wconf 92' lang='lat' dir='ltr'>non</span> <span class='ocrx_word' id='word_1_175' title='bbox 889 1742 1019 1781; x_wconf 89' lang='lat' dir='ltr'>modo,</span> <span class='ocrx_word' id='word_1_176' title='bbox 1052 1747 1091 1775; x_wconf 92' lang='lat' dir='ltr'>ut</span> <span class='ocrx_word' id='word_1_177' title='bbox 1117 1732 1119 1754; x_wconf 66' lang='lat'>²</span> 
     </span>
     <span class='ocr_line' id='line_1_30' title="bbox 93 1794 1120 1834; baseline -0.009 0"><span class='ocrx_word' id='word_1_178' title='bbox 93 1800 267 1834; x_wconf 85' lang='lat' dir='ltr'>varietate</span> <span class='ocrx_word' id='word_1_179' title='bbox 285 1810 430 1832; x_wconf 88' lang='lat' dir='ltr'>casuum</span> <span class='ocrx_word' id='word_1_180' title='bbox 457 1803 491 1830; x_wconf 91' lang='lat' dir='ltr'>et</span> <span class='ocrx_word' id='word_1_181' title='bbox 516 1795 749 1829; x_wconf 86' lang='lat' dir='ltr'>consiliorum</span> <span class='ocrx_word' id='word_1_182' title='bbox 775 1794 924 1827; x_wconf 88' lang='lat' dir='ltr'>delectet</span> <span class='ocrx_word' id='word_1_183' title='bbox 951 1794 1092 1827; x_wconf 87' lang='lat' dir='ltr'>audito·</span> <span class='ocrx_word' id='word_1_184' title='bbox 1117 1807 1120 1821; x_wconf 56' lang='grc' dir='ltr'>ι</span> 
     </span>
     <span class='ocr_line' id='line_1_31' title="bbox 93 1845 1092 1892; baseline -0.01 -5"><span class='ocrx_word' id='word_1_185' title='bbox 93 1865 188 1892; x_wconf 85' lang='lat' dir='ltr'>rem,</span> <span class='ocrx_word' id='word_1_186' title='bbox 216 1852 277 1885; x_wconf 87' lang='lat' dir='ltr'>sed</span> <span class='ocrx_word' id='word_1_187' title='bbox 293 1857 328 1884; x_wconf 89' lang='lat' dir='ltr'>et</span> <span class='ocrx_word' id='word_1_188' title='bbox 344 1856 384 1883; x_wconf 88' lang='lat' dir='ltr'>ut</span> <span class='ocrx_word' id='word_1_189' title='bbox 403 1861 523 1882; x_wconf 92' lang='lat' dir='ltr'>rerum</span> <span class='ocrx_word' id='word_1_190' title='bbox 540 1845 783 1881; x_wconf 90' lang='lat' dir='ltr'>humanarum</span> <span class='ocrx_word' id='word_1_191' title='bbox 800 1857 866 1879; x_wconf 92' lang='lat' dir='ltr'>nos</span> <span class='ocrx_word' id='word_1_192' title='bbox 882 1846 1092 1882; x_wconf 55' lang='lat' dir='ltr'>admoneam</span> 
     </span>
     <span class='ocr_line' id='line_1_32' title="bbox 95 1897 1122 1951; baseline -0.007 -13"><span class='ocrx_word' id='word_1_193' title='bbox 95 1916 186 1951; x_wconf 89' lang='lat' dir='ltr'>quae</span> <span class='ocrx_word' id='word_1_194' title='bbox 204 1915 313 1949; x_wconf 89' lang='lat' dir='ltr'>quam</span> <span class='ocrx_word' id='word_1_195' title='bbox 333 1902 405 1935; x_wconf 88' lang='lat' dir='ltr'>sint</span> <span class='ocrx_word' id='word_1_196' title='bbox 421 1901 578 1934; x_wconf 87' lang='lat' dir='ltr'>incertae</span> <span class='ocrx_word' id='word_1_197' title='bbox 596 1905 630 1932; x_wconf 91' lang='lat' dir='ltr'>et</span> <span class='ocrx_word' id='word_1_198' title='bbox 647 1898 762 1931; x_wconf 80' lang='lat' dir='ltr'>fluxae</span> <span class='ocrx_word' id='word_1_199' title='bbox 774 1923 783 1937; x_wconf 84' lang='lat'>‚</span> <span class='ocrx_word' id='word_1_200' title='bbox 812 1897 947 1930; x_wconf 90' lang='lat' dir='ltr'>nemini</span> <span class='ocrx_word' id='word_1_201' title='bbox 965 1903 1015 1930; x_wconf 91' lang='lat' dir='ltr'>est</span> <span class='ocrx_word' id='word_1_202' title='bbox 1032 1897 1094 1930; x_wconf 88' lang='lat' dir='ltr'>ob·</span> <span class='ocrx_word' id='word_1_203' title='bbox 1120 1908 1122 1931; x_wconf 44' lang='lat'>³1</span> 
     </span>
     <span class='ocr_line' id='line_1_33' title="bbox 93 1949 1095 1995; baseline -0.01 -5"><span class='ocrx_word' id='word_1_204' title='bbox 93 1967 249 1990; x_wconf 86' lang='lat' dir='ltr'>scutum.</span> <span class='ocrx_word' id='word_1_205' title='bbox 302 1953 361 1986; x_wconf 84' lang='lat' dir='ltr'>Fit</span> <span class='ocrx_word' id='word_1_206' title='bbox 377 1959 516 1992; x_wconf 87' lang='lat' dir='ltr'>autem,</span> <span class='ocrx_word' id='word_1_207' title='bbox 553 1957 610 1991; x_wconf 86' lang='lat' dir='ltr'>ut,</span> <span class='ocrx_word' id='word_1_208' title='bbox 641 1950 703 1995; x_wconf 88' lang='lat' dir='ltr'>qui</span> <span class='ocrx_word' id='word_1_209' title='bbox 725 1949 819 1993; x_wconf 87' lang='lat' dir='ltr'>apud</span> <span class='ocrx_word' id='word_1_210' title='bbox 845 1961 881 1982; x_wconf 89' lang='lat' dir='ltr'>se</span> <span class='ocrx_word' id='word_1_211' title='bbox 906 1949 1095 1993; x_wconf 86' lang='lat' dir='ltr'>diligenter</span> 
     </span>
     <span class='ocr_line' id='line_1_34' title="bbox 96 2000 1094 2052; baseline -0.008 -12"><span class='ocrx_word' id='word_1_212' title='bbox 96 2006 332 2052; x_wconf 87' lang='lat' dir='ltr'>expenderint</span> <span class='ocrx_word' id='word_1_213' title='bbox 363 2011 398 2038; x_wconf 86' lang='lat' dir='ltr'>et</span> <span class='ocrx_word' id='word_1_214' title='bbox 433 2002 500 2038; x_wconf 88' lang='lat' dir='ltr'>hos</span> <span class='ocrx_word' id='word_1_215' title='bbox 530 2014 630 2036; x_wconf 76' lang='lat' dir='ltr'>casus</span> <span class='ocrx_word' id='word_1_216' title='bbox 657 2008 690 2034; x_wconf 89' lang='lat' dir='ltr'>et</span> <span class='ocrx_word' id='word_1_217' title='bbox 714 2012 953 2044; x_wconf 86' lang='lat' dir='ltr'>personarum</span> <span class='ocrx_word' id='word_1_218' title='bbox 980 2000 1094 2033; x_wconf 83' lang='lat' dir='ltr'>officia</span> 
     </span>
     <span class='ocr_line' id='line_1_35' title="bbox 97 2052 1123 2096; baseline -0.009 -4"><span class='ocrx_word' id='word_1_219' title='bbox 97 2065 132 2093; x_wconf 89' lang='lat' dir='ltr'>et</span> <span class='ocrx_word' id='word_1_220' title='bbox 166 2057 335 2095; x_wconf 88' lang='lat' dir='ltr'>consilia,</span> <span class='ocrx_word' id='word_1_221' title='bbox 370 2056 413 2089; x_wconf 88' lang='lat' dir='ltr'>de</span> <span class='ocrx_word' id='word_1_222' title='bbox 441 2056 547 2089; x_wconf 91' lang='lat' dir='ltr'>rebus</span> <span class='ocrx_word' id='word_1_223' title='bbox 580 2052 748 2088; x_wconf 89' lang='lat' dir='ltr'>humanis</span> <span class='ocrx_word' id='word_1_224' title='bbox 782 2052 850 2096; x_wconf 92' lang='lat' dir='ltr'>ipsi</span> <span class='ocrx_word' id='word_1_225' title='bbox 883 2052 1123 2096; x_wconf 39' lang='lat' dir='ltr'>prudentius*</span> 
     </span>
     <span class='ocr_line' id='line_1_36' title="bbox 97 2103 1125 2157; baseline -0.008 -14"><span class='ocrx_word' id='word_1_226' title='bbox 97 2121 243 2157; x_wconf 89' lang='lat' dir='ltr'>quoque</span> <span class='ocrx_word' id='word_1_227' title='bbox 265 2107 436 2142; x_wconf 88' lang='lat' dir='ltr'>iudicent.</span> <span class='ocrx_word' id='word_1_228' title='bbox 496 2107 632 2140; x_wconf 89' lang='lat' dir='ltr'>Errant</span> <span class='ocrx_word' id='word_1_229' title='bbox 657 2104 702 2145; x_wconf 91' lang='lat' dir='ltr'>ii,</span> <span class='ocrx_word' id='word_1_230' title='bbox 738 2104 801 2150; x_wconf 87' lang='lat' dir='ltr'>qui</span> <span class='ocrx_word' id='word_1_231' title='bbox 826 2110 957 2148; x_wconf 87' lang='lat' dir='ltr'>putant</span> <span class='ocrx_word' id='word_1_232' title='bbox 985 2103 1097 2136; x_wconf 89' lang='lat' dir='ltr'>animi</span> <span class='ocrx_word' id='word_1_233' title='bbox 1123 2126 1125 2143; x_wconf 74' lang='grc'><strong>,</strong></span> 
     </span>
     <span class='ocr_line' id='line_1_37' title="bbox 99 2155 1099 2201; baseline -0.009 -5"><span class='ocrx_word' id='word_1_234' title='bbox 99 2161 272 2196; x_wconf 88' lang='lat' dir='ltr'>iudicium</span> <span class='ocrx_word' id='word_1_235' title='bbox 311 2158 442 2192; x_wconf 82' lang='lat' dir='ltr'>rectius</span> <span class='ocrx_word' id='word_1_236' title='bbox 476 2157 813 2192; x_wconf 89' lang='lat' dir='ltr'>iurisconsultorum</span> <span class='ocrx_word' id='word_1_237' title='bbox 846 2155 1099 2201; x_wconf 86' lang='lat' dir='ltr'>disputationi-</span> 
     </span>
     <span class='ocr_line' id='line_1_38' title="bbox 99 2205 1125 2256; baseline -0.009 -8"><span class='ocrx_word' id='word_1_238' title='bbox 99 2215 186 2254; x_wconf 91' lang='lat' dir='ltr'>bus,</span> <span class='ocrx_word' id='word_1_239' title='bbox 209 2219 272 2247; x_wconf 82' lang='lat' dir='ltr'>aut</span> <span class='ocrx_word' id='word_1_240' title='bbox 288 2207 588 2256; x_wconf 89' lang='lat' dir='ltr'>philosophorum</span> <span class='ocrx_word' id='word_1_241' title='bbox 607 2209 708 2243; x_wconf 88' lang='lat' dir='ltr'>libris</span> <span class='ocrx_word' id='word_1_242' title='bbox 724 2208 875 2241; x_wconf 88' lang='lat' dir='ltr'>formari</span> <span class='ocrx_word' id='word_1_243' title='bbox 895 2220 1003 2254; x_wconf 89' lang='lat' dir='ltr'>quam</span> <span class='ocrx_word' id='word_1_244' title='bbox 1030 2205 1099 2240; x_wconf 88' lang='lat' dir='ltr'>hoc</span> <span class='ocrx_word' id='word_1_245' title='bbox 1124 2221 1125 2236; x_wconf 64' lang='grc' dir='ltr'>ι</span> 
     </span>
     <span class='ocr_line' id='line_1_39' title="bbox 101 2259 1098 2310; baseline -0.007 -12"><span class='ocrx_word' id='word_1_246' title='bbox 101 2276 230 2310; x_wconf 88' lang='lat' dir='ltr'>genere</span> <span class='ocrx_word' id='word_1_247' title='bbox 265 2264 480 2296; x_wconf 86' lang='lat' dir='ltr'>litterarum.</span> <span class='ocrx_word' id='word_1_248' title='bbox 557 2261 700 2296; x_wconf 82' lang='lat' dir='ltr'>Nomen</span> <span class='ocrx_word' id='word_1_249' title='bbox 731 2267 851 2294; x_wconf 87' lang='lat' dir='ltr'>autem</span> <span class='ocrx_word' id='word_1_250' title='bbox 892 2259 1098 2293; x_wconf 89' lang='lat' dir='ltr'>comoediae</span> 
     </span>
     <span class='ocr_line' id='line_1_40' title="bbox 101 2312 1128 2362; baseline -0.007 -12"><span class='ocrx_word' id='word_1_251' title='bbox 101 2316 248 2362; x_wconf 87' lang='lat' dir='ltr'>proprie</span> <span class='ocrx_word' id='word_1_252' title='bbox 279 2315 457 2359; x_wconf 83' lang='lat' dir='ltr'>significat</span> <span class='ocrx_word' id='word_1_253' title='bbox 487 2325 632 2347; x_wconf 90' lang='lat' dir='ltr'>carmen</span> <span class='ocrx_word' id='word_1_254' title='bbox 655 2312 864 2352; x_wconf 87' lang='lat' dir='ltr'>convivale,</span> <span class='ocrx_word' id='word_1_255' title='bbox 906 2318 1097 2356; x_wconf 86' lang='lat' dir='ltr'>propterea</span> <span class='ocrx_word' id='word_1_256' title='bbox 1124 2312 1128 2346; x_wconf 66' lang='grc' dir='ltr'>ε’</span> 
     </span>
     <span class='ocr_line' id='line_1_41' title="bbox 102 2361 1101 2415; baseline -0.007 -13"><span class='ocrx_word' id='word_1_257' title='bbox 102 2369 198 2415; x_wconf 92' lang='lat' dir='ltr'>quod</span> <span class='ocrx_word' id='word_1_258' title='bbox 212 2394 220 2408; x_wconf 93' lang='lat'>,</span> <span class='ocrx_word' id='word_1_259' title='bbox 248 2367 458 2412; x_wconf 87' lang='lat' dir='ltr'>priusquam</span> <span class='ocrx_word' id='word_1_260' title='bbox 479 2377 535 2399; x_wconf 86' lang='lat' dir='ltr'>ars</span> <span class='ocrx_word' id='word_1_261' title='bbox 552 2365 697 2398; x_wconf 89' lang='lat' dir='ltr'>accessit</span> <span class='ocrx_word' id='word_1_262' title='bbox 715 2370 748 2398; x_wconf 91' lang='lat' dir='ltr'>et</span> <span class='ocrx_word' id='word_1_263' title='bbox 771 2361 995 2397; x_wconf 87' lang='lat' dir='ltr'>theatrorum</span> <span class='ocrx_word' id='word_1_264' title='bbox 1017 2374 1101 2396; x_wconf 86' lang='lat' dir='ltr'>con-</span> 
     </span>
     <span class='ocr_line' id='line_1_42' title="bbox 101 2415 1099 2462; baseline -0.007 -8"><span class='ocrx_word' id='word_1_265' title='bbox 101 2419 252 2454; x_wconf 89' lang='lat' dir='ltr'>suetudo</span> <span class='ocrx_word' id='word_1_266' title='bbox 266 2445 275 2459; x_wconf 95' lang='lat'>,</span> <span class='ocrx_word' id='word_1_267' title='bbox 303 2417 434 2462; x_wconf 85' lang='lat' dir='ltr'>passim</span> <span class='ocrx_word' id='word_1_268' title='bbox 454 2417 490 2449; x_wconf 91' lang='lat' dir='ltr'>in</span> <span class='ocrx_word' id='word_1_269' title='bbox 512 2416 686 2450; x_wconf 89' lang='lat' dir='ltr'>conviviis</span> <span class='ocrx_word' id='word_1_270' title='bbox 702 2416 822 2449; x_wconf 90' lang='lat' dir='ltr'>iocoso</span> <span class='ocrx_word' id='word_1_271' title='bbox 837 2415 998 2448; x_wconf 87' lang='lat' dir='ltr'>carmine</span> <span class='ocrx_word' id='word_1_272' title='bbox 1013 2415 1099 2447; x_wconf 89' lang='lat' dir='ltr'>vitia</span> 
     </span>
     <span class='ocr_line' id='line_1_43' title="bbox 102 2466 1130 2518; baseline -0.007 -13"><span class='ocrx_word' id='word_1_273' title='bbox 102 2471 234 2505; x_wconf 86' lang='lat' dir='ltr'>civium</span> <span class='ocrx_word' id='word_1_274' title='bbox 259 2481 277 2503; x_wconf 90' lang='lat' dir='ltr'>a</span> <span class='ocrx_word' id='word_1_275' title='bbox 302 2470 488 2503; x_wconf 90' lang='lat' dir='ltr'>iuventute</span> <span class='ocrx_word' id='word_1_276' title='bbox 515 2475 634 2501; x_wconf 87' lang='lat' dir='ltr'>taxata</span> <span class='ocrx_word' id='word_1_277' title='bbox 658 2474 752 2502; x_wconf 86' lang='lat' dir='ltr'>sunt.</span> <span class='ocrx_word' id='word_1_278' title='bbox 807 2466 958 2501; x_wconf 88' lang='lat' dir='ltr'>Videtur</span> <span class='ocrx_word' id='word_1_279' title='bbox 981 2473 1099 2500; x_wconf 88' lang='lat' dir='ltr'>autem</span> <span class='ocrx_word' id='word_1_280' title='bbox 1126 2480 1130 2518; x_wconf 50' lang='grc' dir='ltr'>«ί</span> 
     </span>
     <span class='ocr_line' id='line_1_44' title="bbox 100 2515 1130 2563; baseline -0.007 -7"><span class='ocrx_word' id='word_1_281' title='bbox 100 2523 233 2556; x_wconf 84' lang='lat' dir='ltr'>factum</span> <span class='ocrx_word' id='word_1_282' title='bbox 259 2533 393 2555; x_wconf 89' lang='lat' dir='ltr'>nomen</span> <span class='ocrx_word' id='word_1_283' title='bbox 418 2518 491 2555; x_wconf 84' lang='grc' dir='ltr'>ἀπὸ</span> <span class='ocrx_word' id='word_1_284' title='bbox 516 2523 586 2555; x_wconf 83' lang='grc' dir='ltr'>τοῦ</span> <span class='ocrx_word' id='word_1_285' title='bbox 607 2517 760 2563; x_wconf 60' lang='grc' dir='ltr'><em>κῶμον,</em></span> <span class='ocrx_word' id='word_1_286' title='bbox 796 2515 865 2552; x_wconf 86' lang='lat' dir='ltr'>hoc</span> <span class='ocrx_word' id='word_1_287' title='bbox 891 2525 962 2560; x_wconf 90' lang='lat' dir='ltr'>est,</span> <span class='ocrx_word' id='word_1_288' title='bbox 999 2530 1017 2551; x_wconf 93' lang='lat' dir='ltr'>a</span> <span class='ocrx_word' id='word_1_289' title='bbox 1044 2531 1102 2551; x_wconf 85' lang='lat' dir='ltr'>co-</span> <span class='ocrx_word' id='word_1_290' title='bbox 1127 2519 1130 2549; x_wconf 71' lang='lat' dir='ltr'>i</span> 
     </span>
     <span class='ocr_line' id='line_1_45' title="bbox 101 2567 1129 2618; baseline -0.006 -11"><span class='ocrx_word' id='word_1_291' title='bbox 101 2574 338 2613; x_wconf 87' lang='lat' dir='ltr'>messatione,</span> <span class='ocrx_word' id='word_1_292' title='bbox 375 2579 410 2605; x_wconf 92' lang='lat' dir='ltr'>et</span> <span class='ocrx_word' id='word_1_293' title='bbox 433 2569 506 2606; x_wconf 79' lang='grc' dir='ltr'>ἀπὸ</span> <span class='ocrx_word' id='word_1_294' title='bbox 531 2574 595 2618; x_wconf 75' lang='grc' dir='ltr'>τῆς</span> <span class='ocrx_word' id='word_1_295' title='bbox 621 2568 739 2617; x_wconf 78' lang='grc' dir='ltr'><strong><em>ᾠδῆς,</em></strong></span> <span class='ocrx_word' id='word_1_296' title='bbox 779 2567 848 2602; x_wconf 85' lang='lat' dir='ltr'>hoc</span> <span class='ocrx_word' id='word_1_297' title='bbox 874 2576 944 2611; x_wconf 88' lang='lat' dir='ltr'>est,</span> <span class='ocrx_word' id='word_1_298' title='bbox 981 2582 1000 2602; x_wconf 87' lang='lat' dir='ltr'>a</span> <span class='ocrx_word' id='word_1_299' title='bbox 1026 2581 1103 2602; x_wconf 84' lang='lat' dir='ltr'>car·</span> <span class='ocrx_word' id='word_1_300' title='bbox 1128 2581 1129 2594; x_wconf 59' lang='lat'>¹</span> 
     </span>
     <span class='ocr_line' id='line_1_46' title="bbox 102 2612 1131 2665; baseline -0.005 -7"><span class='ocrx_word' id='word_1_301' title='bbox 102 2625 220 2665; x_wconf 88' lang='lat' dir='ltr'>mine,</span> <span class='ocrx_word' id='word_1_302' title='bbox 253 2631 294 2658; x_wconf 91' lang='lat' dir='ltr'>ut</span> <span class='ocrx_word' id='word_1_303' title='bbox 315 2625 361 2658; x_wconf 90' lang='lat' dir='ltr'>sit</span> <span class='ocrx_word' id='word_1_304' title='bbox 386 2624 572 2657; x_wconf 83' lang='lat' dir='ltr'>comoedia</span> <span class='ocrx_word' id='word_1_305' title='bbox 601 2634 746 2655; x_wconf 86' lang='lat' dir='ltr'>carmen</span> <span class='ocrx_word' id='word_1_306' title='bbox 770 2621 957 2656; x_wconf 88' lang='lat' dir='ltr'>continens</span> <span class='ocrx_word' id='word_1_307' title='bbox 982 2622 1101 2654; x_wconf 90' lang='lat' dir='ltr'>iocum</span> <span class='ocrx_word' id='word_1_308' title='bbox 1128 2612 1131 2622; x_wconf 57' lang='grc'><em>’</em></span> 
     </span>
     <span class='ocr_line' id='line_1_47' title="bbox 103 2670 1131 2722; baseline -0.006 -13"><span class='ocrx_word' id='word_1_309' title='bbox 103 2677 339 2710; x_wconf 89' lang='lat' dir='ltr'>convivalem.</span> <span class='ocrx_word' id='word_1_310' title='bbox 394 2675 597 2719; x_wconf 86' lang='lat' dir='ltr'>Tragoedia</span> <span class='ocrx_word' id='word_1_311' title='bbox 616 2686 633 2706; x_wconf 93' lang='lat' dir='ltr'>a</span> <span class='ocrx_word' id='word_1_312' title='bbox 652 2670 808 2722; x_wconf 72' lang='grc' dir='ltr'>τράγες,</span> <span class='ocrx_word' id='word_1_313' title='bbox 836 2671 904 2706; x_wconf 87' lang='lat' dir='ltr'>hoc</span> <span class='ocrx_word' id='word_1_314' title='bbox 923 2680 996 2713; x_wconf 90' lang='lat' dir='ltr'>est,</span> <span class='ocrx_word' id='word_1_315' title='bbox 1031 2674 1104 2706; x_wconf 82' lang='lat' dir='ltr'>sae·</span> <span class='ocrx_word' id='word_1_316' title='bbox 1128 2687 1131 2702; x_wconf 79' lang='grc' dir='ltr'>ι</span> 
     </span>
     <span class='ocr_line' id='line_1_48' title="bbox 104 2724 1132 2775; baseline -0.004 -13"><span class='ocrx_word' id='word_1_317' title='bbox 104 2740 179 2769; x_wconf 88' lang='lat' dir='ltr'>ces,</span> <span class='ocrx_word' id='word_1_318' title='bbox 205 2734 240 2762; x_wconf 88' lang='lat' dir='ltr'>et</span> <span class='ocrx_word' id='word_1_319' title='bbox 257 2725 359 2775; x_wconf 65' lang='grc' dir='ltr'>ᾠδὶ,</span> <span class='ocrx_word' id='word_1_320' title='bbox 389 2725 458 2760; x_wconf 91' lang='lat' dir='ltr'>hoc</span> <span class='ocrx_word' id='word_1_321' title='bbox 479 2733 551 2768; x_wconf 89' lang='lat' dir='ltr'>est,</span> <span class='ocrx_word' id='word_1_322' title='bbox 586 2738 744 2760; x_wconf 82' lang='lat' dir='ltr'>carmen.</span> <span class='ocrx_word' id='word_1_323' title='bbox 799 2724 891 2758; x_wconf 85' lang='lat' dir='ltr'>Hinc</span> <span class='ocrx_word' id='word_1_324' title='bbox 917 2725 1102 2769; x_wconf 82' lang='lat' dir='ltr'>tragoedia</span> <span class='ocrx_word' id='word_1_325' title='bbox 1129 2752 1132 2767; x_wconf 67' lang='lat'><em>÷</em></span> 
     </span>
    </p>
   </div>
   <div class='ocr_carea' id='block_1_9' title="bbox 1108 469 1122 1890">
    <p class='ocr_par' dir='ltr' id='par_1_9' title="bbox 1108 469 1122 1890">
     <span class='ocr_line' id='line_1_49' title="bbox 1108 469 1122 1890; baseline 0 0"><span class='ocrx_word' id='word_1_326' title='bbox 1108 469 1122 1890; x_wconf 95' lang='lat' dir='ltr'> </span> 
     </span>
    </p>
   </div>
   <div class='ocr_carea' id='block_1_10' title="bbox 707 95 1674 139">
    <p class='ocr_par' dir='ltr' id='par_1_10' title="bbox 707 95 1674 139">
     <span class='ocr_line' id='line_1_50' title="bbox 707 95 1674 139; baseline -0.007 -1"><span class='ocrx_word' id='word_1_327' title='bbox 707 101 992 139; x_wconf 71' lang='lat' dir='ltr'><strong>ENARRATIO</strong></span> <span class='ocrx_word' id='word_1_328' title='bbox 1029 99 1396 136; x_wconf 65' lang='lat' dir='ltr'><strong>COMOEDIARUM</strong></span> <span class='ocrx_word' id='word_1_329' title='bbox 1432 95 1674 132; x_wconf 56' lang='lat' dir='ltr'>TERENTH.</span> 
     </span>
    </p>
   </div>
   <div class='ocr_carea' id='block_1_11' title="bbox 2060 95 2134 130">
    <p class='ocr_par' dir='ltr' id='par_1_11' title="bbox 2060 95 2134 130">
     <span class='ocr_line' id='line_1_51' title="bbox 2060 95 2134 130; baseline -0.014 0"><span class='ocrx_word' id='word_1_330' title='bbox 2060 95 2134 130; x_wconf 76' lang='lat'>694</span> 
     </span>
    </p>
   </div>
   <div class='ocr_carea' id='block_1_12' title="bbox 1133 183 2133 272">
    <p class='ocr_par' dir='ltr' id='par_1_12' title="bbox 1133 183 2133 272">
     <span class='ocr_line' id='line_1_52' title="bbox 1133 183 2133 231; baseline -0.006 -11"><span class='ocrx_word' id='word_1_331' title='bbox 1133 187 1282 226; x_wconf 91' lang='lat' dir='ltr'>dicitur,</span> <span class='ocrx_word' id='word_1_332' title='bbox 1312 185 1409 231; x_wconf 92' lang='lat' dir='ltr'>quod</span> <span class='ocrx_word' id='word_1_333' title='bbox 1427 184 1508 218; x_wconf 87' lang='lat' dir='ltr'>illiti</span> <span class='ocrx_word' id='word_1_334' title='bbox 1528 184 1684 218; x_wconf 88' lang='lat' dir='ltr'>faecibus</span> <span class='ocrx_word' id='word_1_335' title='bbox 1701 183 1856 228; x_wconf 87' lang='lat' dir='ltr'>primum</span> <span class='ocrx_word' id='word_1_336' title='bbox 1871 209 1879 222; x_wconf 92' lang='lat'>,</span> <span class='ocrx_word' id='word_1_337' title='bbox 1908 189 1989 226; x_wconf 89' lang='lat' dir='ltr'>post</span> <span class='ocrx_word' id='word_1_338' title='bbox 2013 193 2133 226; x_wconf 86' lang='lat' dir='ltr'>perso-</span> 
     </span>
     <span class='ocr_line' id='line_1_53' title="bbox 1134 238 1425 272; baseline -0.01 1"><span class='ocrx_word' id='word_1_339' title='bbox 1134 239 1207 272; x_wconf 86' lang='lat' dir='ltr'>nati</span> <span class='ocrx_word' id='word_1_340' title='bbox 1237 238 1425 271; x_wconf 86' lang='lat' dir='ltr'>canebant.</span> 
     </span>
    </p>
   </div>
   <div class='ocr_carea' id='block_1_13' title="bbox 1290 320 1977 356">
    <p class='ocr_par' dir='ltr' id='par_1_13' title="bbox 1290 320 1977 356">
     <span class='ocr_line' id='line_1_54' title="bbox 1290 320 1977 356; baseline -0.004 0"><span class='ocrx_word' id='word_1_341' title='bbox 1290 323 1350 356; x_wconf 93' lang='lat' dir='ltr'>De</span> <span class='ocrx_word' id='word_1_342' title='bbox 1378 321 1593 356; x_wconf 88' lang='lat' dir='ltr'>utilitate</span> <span class='ocrx_word' id='word_1_343' title='bbox 1622 320 1977 353; x_wconf 86' lang='lat' dir='ltr'>comoediarum.</span> 
     </span>
    </p>
   </div>
   <div class='ocr_carea' id='block_1_14' title="bbox 1136 387 2140 788">
    <p class='ocr_par' dir='ltr' id='par_1_14' title="bbox 1136 387 2140 788">
     <span class='ocr_line' id='line_1_55' title="bbox 1240 387 2134 432; baseline -0.007 -6"><span class='ocrx_word' id='word_1_344' title='bbox 1240 392 1292 426; x_wconf 79' lang='lat' dir='ltr'>Ex</span> <span class='ocrx_word' id='word_1_345' title='bbox 1312 392 1464 425; x_wconf 90' lang='lat' dir='ltr'>lectione</span> <span class='ocrx_word' id='word_1_346' title='bbox 1494 388 1764 423; x_wconf 84' lang='lat' dir='ltr'>comoediarum</span> <span class='ocrx_word' id='word_1_347' title='bbox 1789 387 1951 421; x_wconf 80' lang='lat' dir='ltr'>Terentii</span> <span class='ocrx_word' id='word_1_348' title='bbox 1977 388 2134 432; x_wconf 86' lang='lat' dir='ltr'>primum</span> 
     </span>
     <span class='ocr_line' id='line_1_56' title="bbox 1136 439 2137 489; baseline -0.006 -11"><span class='ocrx_word' id='word_1_349' title='bbox 1136 446 1289 489; x_wconf 88' lang='lat' dir='ltr'>petenda</span> <span class='ocrx_word' id='word_1_350' title='bbox 1323 450 1374 477; x_wconf 87' lang='lat' dir='ltr'>est</span> <span class='ocrx_word' id='word_1_351' title='bbox 1413 443 1592 489; x_wconf 84' lang='lat' dir='ltr'>quaedam</span> <span class='ocrx_word' id='word_1_352' title='bbox 1629 440 1730 486; x_wconf 85' lang='lat' dir='ltr'>quasi</span> <span class='ocrx_word' id='word_1_353' title='bbox 1763 439 1883 473; x_wconf 88' lang='lat' dir='ltr'>tabula</span> <span class='ocrx_word' id='word_1_354' title='bbox 1908 440 2063 481; x_wconf 86' lang='lat' dir='ltr'>Apellis,</span> <span class='ocrx_word' id='word_1_355' title='bbox 2099 440 2137 472; x_wconf 88' lang='lat' dir='ltr'>in</span> 
     </span>
     <span class='ocr_line' id='line_1_57' title="bbox 1137 491 2137 542; baseline -0.006 -12"><span class='ocrx_word' id='word_1_356' title='bbox 1137 508 1206 542; x_wconf 87' lang='lat' dir='ltr'>qua</span> <span class='ocrx_word' id='word_1_357' title='bbox 1224 497 1518 529; x_wconf 85' lang='lat' dir='ltr'>demonstrantur</span> <span class='ocrx_word' id='word_1_358' title='bbox 1537 493 1657 526; x_wconf 79' lang='lat' dir='ltr'>variae</span> <span class='ocrx_word' id='word_1_359' title='bbox 1674 491 1836 536; x_wconf 82' lang='lat' dir='ltr'>picturae</span> <span class='ocrx_word' id='word_1_360' title='bbox 1855 497 1887 523; x_wconf 90' lang='lat' dir='ltr'>et</span> <span class='ocrx_word' id='word_1_361' title='bbox 1904 491 2137 524; x_wconf 86' lang='lat' dir='ltr'>consiliorum</span> 
     </span>
     <span class='ocr_line' id='line_1_58' title="bbox 1137 542 2136 584; baseline -0.005 -3"><span class='ocrx_word' id='word_1_362' title='bbox 1137 555 1171 581; x_wconf 90' lang='lat' dir='ltr'>et</span> <span class='ocrx_word' id='word_1_363' title='bbox 1191 554 1383 581; x_wconf 84' lang='lat' dir='ltr'>eventuum</span> <span class='ocrx_word' id='word_1_364' title='bbox 1400 545 1643 580; x_wconf 86' lang='lat' dir='ltr'>humanorum</span> <span class='ocrx_word' id='word_1_365' title='bbox 1659 570 1668 584; x_wconf 87' lang='lat'>,</span> <span class='ocrx_word' id='word_1_366' title='bbox 1696 550 1770 577; x_wconf 88' lang='lat' dir='ltr'>tum</span> <span class='ocrx_word' id='word_1_367' title='bbox 1793 542 1898 576; x_wconf 88' lang='lat' dir='ltr'>etiam</span> <span class='ocrx_word' id='word_1_368' title='bbox 1923 543 2136 583; x_wconf 82' lang='lat' dir='ltr'>officiorum,</span> 
     </span>
     <span class='ocr_line' id='line_1_59' title="bbox 1137 600 2133 645; baseline -0.006 -12"><span class='ocrx_word' id='word_1_369' title='bbox 1137 612 1228 645; x_wconf 90' lang='lat' dir='ltr'>quae</span> <span class='ocrx_word' id='word_1_370' title='bbox 1260 600 1298 632; x_wconf 91' lang='lat' dir='ltr'>in</span> <span class='ocrx_word' id='word_1_371' title='bbox 1327 609 1622 644; x_wconf 85' lang='lat' dir='ltr'>unamquamque</span> <span class='ocrx_word' id='word_1_372' title='bbox 1655 606 1845 640; x_wconf 86' lang='lat' dir='ltr'>personam</span> <span class='ocrx_word' id='word_1_373' title='bbox 1886 607 1947 628; x_wconf 90' lang='lat' dir='ltr'>seu</span> <span class='ocrx_word' id='word_1_374' title='bbox 1980 601 2133 627; x_wconf 86' lang='lat' dir='ltr'>aetatem</span> 
     </span>
     <span class='ocr_line' id='line_1_60' title="bbox 1136 646 2138 691; baseline -0.003 -8"><span class='ocrx_word' id='word_1_375' title='bbox 1136 651 1291 684; x_wconf 85' lang='lat' dir='ltr'>maxime</span> <span class='ocrx_word' id='word_1_376' title='bbox 1309 651 1453 683; x_wconf 85' lang='lat' dir='ltr'>cadunt.</span> <span class='ocrx_word' id='word_1_377' title='bbox 1507 648 1648 681; x_wconf 87' lang='lat' dir='ltr'>Deinde</span> <span class='ocrx_word' id='word_1_378' title='bbox 1671 660 1712 680; x_wconf 84' lang='lat' dir='ltr'>ex</span> <span class='ocrx_word' id='word_1_379' title='bbox 1738 647 1806 679; x_wconf 89' lang='lat' dir='ltr'>illis</span> <span class='ocrx_word' id='word_1_380' title='bbox 1831 647 1915 691; x_wconf 91' lang='lat' dir='ltr'>ipsis</span> <span class='ocrx_word' id='word_1_381' title='bbox 1941 646 2138 680; x_wconf 90' lang='lat' dir='ltr'>comoediis</span> 
     </span>
     <span class='ocr_line' id='line_1_61' title="bbox 1137 697 2140 747; baseline -0.005 -11"><span class='ocrx_word' id='word_1_382' title='bbox 1137 709 1309 747; x_wconf 89' lang='lat' dir='ltr'>petuntur</span> <span class='ocrx_word' id='word_1_383' title='bbox 1338 702 1486 746; x_wconf 88' lang='lat' dir='ltr'>propria</span> <span class='ocrx_word' id='word_1_384' title='bbox 1518 700 1647 740; x_wconf 63' lang='lat' dir='ltr'>verba,</span> <span class='ocrx_word' id='word_1_385' title='bbox 1690 706 1724 732; x_wconf 84' lang='lat' dir='ltr'>et</span> <span class='ocrx_word' id='word_1_386' title='bbox 1754 699 1887 743; x_wconf 82' lang='lat' dir='ltr'>figurae</span> <span class='ocrx_word' id='word_1_387' title='bbox 1912 697 2033 731; x_wconf 89' lang='lat' dir='ltr'>Latini</span> <span class='ocrx_word' id='word_1_388' title='bbox 2068 710 2140 732; x_wconf 86' lang='lat' dir='ltr'>ser-</span> 
     </span>
     <span class='ocr_line' id='line_1_62' title="bbox 1138 767 1267 788; baseline 0.008 -1"><span class='ocrx_word' id='word_1_389' title='bbox 1138 767 1267 788; x_wconf 77' lang='lat' dir='ltr'>monis.</span> 
     </span>
    </p>
   </div>
   <div class='ocr_carea' id='block_1_15' title="bbox 1219 835 2052 880">
    <p class='ocr_par' dir='ltr' id='par_1_15' title="bbox 1219 835 2052 880">
     <span class='ocr_line' id='line_1_63' title="bbox 1219 835 2052 880; baseline -0.004 -7"><span class='ocrx_word' id='word_1_390' title='bbox 1219 840 1332 873; x_wconf 90' lang='lat' dir='ltr'>Tres</span> <span class='ocrx_word' id='word_1_391' title='bbox 1361 844 1467 872; x_wconf 87' lang='lat' dir='ltr'>suut</span> <span class='ocrx_word' id='word_1_392' title='bbox 1495 836 1643 870; x_wconf 84' lang='lat' dir='ltr'>omnis</span> <span class='ocrx_word' id='word_1_393' title='bbox 1672 835 1856 868; x_wconf 83' lang='lat' dir='ltr'>fabulae</span> <span class='ocrx_word' id='word_1_394' title='bbox 1885 842 2052 880; x_wconf 86' lang='lat' dir='ltr'>partes.</span> 
     </span>
    </p>
   </div>
   <div class='ocr_carea' id='block_1_16' title="bbox 1138 904 2147 1523">
    <p class='ocr_par' dir='ltr' id='par_1_16' title="bbox 1138 904 2147 1523">
     <span class='ocr_line' id='line_1_64' title="bbox 1244 904 2140 955; baseline -0.006 -12"><span class='ocrx_word' id='word_1_395' title='bbox 1244 904 1438 955; x_wconf 75' lang='grc' dir='ltr'><em>Πρότασις</em></span> <span class='ocrx_word' id='word_1_396' title='bbox 1454 912 1505 940; x_wconf 83' lang='lat' dir='ltr'>est</span> <span class='ocrx_word' id='word_1_397' title='bbox 1521 905 1660 950; x_wconf 89' lang='lat' dir='ltr'>primus</span> <span class='ocrx_word' id='word_1_398' title='bbox 1680 904 1739 937; x_wconf 89' lang='lat' dir='ltr'>ille</span> <span class='ocrx_word' id='word_1_399' title='bbox 1757 904 1931 938; x_wconf 89' lang='lat' dir='ltr'>tumultus</span> <span class='ocrx_word' id='word_1_400' title='bbox 1948 905 2020 938; x_wconf 88' lang='lat' dir='ltr'>iam</span> <span class='ocrx_word' id='word_1_401' title='bbox 2038 905 2140 950; x_wconf 88' lang='lat' dir='ltr'>quasi</span> 
     </span>
     <span class='ocr_line' id='line_1_65' title="bbox 1139 956 2142 1005; baseline -0.004 -12"><span class='ocrx_word' id='word_1_402' title='bbox 1139 960 1301 1005; x_wconf 85' lang='lat' dir='ltr'>gliscens.</span> <span class='ocrx_word' id='word_1_403' title='bbox 1354 959 1576 993; x_wconf 85' lang='lat' dir='ltr'>Recensetur</span> <span class='ocrx_word' id='word_1_404' title='bbox 1594 957 1701 990; x_wconf 86' lang='lat' dir='ltr'>etiam</span> <span class='ocrx_word' id='word_1_405' title='bbox 1722 956 1759 989; x_wconf 93' lang='lat' dir='ltr'>in</span> <span class='ocrx_word' id='word_1_406' title='bbox 1776 956 1914 1001; x_wconf 89' lang='lat' dir='ltr'>protasi</span> <span class='ocrx_word' id='word_1_407' title='bbox 1931 969 2015 1001; x_wconf 88' lang='lat' dir='ltr'>pars</span> <span class='ocrx_word' id='word_1_408' title='bbox 2034 969 2142 1002; x_wconf 89' lang='lat' dir='ltr'>quae-</span> 
     </span>
     <span class='ocr_line' id='line_1_66' title="bbox 1139 1009 2142 1056; baseline -0.004 -10"><span class='ocrx_word' id='word_1_409' title='bbox 1139 1014 1222 1046; x_wconf 88' lang='lat' dir='ltr'>dam</span> <span class='ocrx_word' id='word_1_410' title='bbox 1241 1011 1464 1056; x_wconf 85' lang='lat' dir='ltr'>argumenti,</span> <span class='ocrx_word' id='word_1_411' title='bbox 1492 1016 1532 1043; x_wconf 89' lang='lat' dir='ltr'>ut</span> <span class='ocrx_word' id='word_1_412' title='bbox 1549 1009 1637 1043; x_wconf 86' lang='lat' dir='ltr'>sciat</span> <span class='ocrx_word' id='word_1_413' title='bbox 1651 1014 1850 1053; x_wconf 87' lang='lat' dir='ltr'>spectator,</span> <span class='ocrx_word' id='word_1_414' title='bbox 1882 1021 1954 1054; x_wconf 94' lang='lat' dir='ltr'>quo</span> <span class='ocrx_word' id='word_1_415' title='bbox 1981 1021 2036 1042; x_wconf 89' lang='lat' dir='ltr'>res</span> <span class='ocrx_word' id='word_1_416' title='bbox 2063 1021 2142 1053; x_wconf 90' lang='lat' dir='ltr'>per-</span> 
     </span>
     <span class='ocr_line' id='line_1_67' title="bbox 1139 1060 2141 1106; baseline -0.003 -9"><span class='ocrx_word' id='word_1_417' title='bbox 1139 1064 1264 1098; x_wconf 89' lang='lat' dir='ltr'>tineat.</span> <span class='ocrx_word' id='word_1_418' title='bbox 1315 1061 1500 1101; x_wconf 81' lang='grc' dir='ltr'><em>Ἐπίτασις</em></span> <span class='ocrx_word' id='word_1_419' title='bbox 1517 1062 1627 1095; x_wconf 88' lang='lat' dir='ltr'>altera</span> <span class='ocrx_word' id='word_1_420' title='bbox 1656 1073 1739 1106; x_wconf 87' lang='lat' dir='ltr'>pars</span> <span class='ocrx_word' id='word_1_421' title='bbox 1768 1067 1839 1100; x_wconf 82' lang='lat' dir='ltr'>est,</span> <span class='ocrx_word' id='word_1_422' title='bbox 1874 1060 1912 1092; x_wconf 91' lang='lat' dir='ltr'>in</span> <span class='ocrx_word' id='word_1_423' title='bbox 1938 1073 2008 1106; x_wconf 89' lang='lat' dir='ltr'>qua</span> <span class='ocrx_word' id='word_1_424' title='bbox 2036 1061 2141 1094; x_wconf 88' lang='lat' dir='ltr'>turba</span> 
     </span>
     <span class='ocr_line' id='line_1_68' title="bbox 1138 1112 2142 1159; baseline -0.004 -10"><span class='ocrx_word' id='word_1_425' title='bbox 1138 1115 1376 1150; x_wconf 83' lang='lat' dir='ltr'>fervidissima</span> <span class='ocrx_word' id='word_1_426' title='bbox 1393 1121 1464 1155; x_wconf 91' lang='lat' dir='ltr'>est,</span> <span class='ocrx_word' id='word_1_427' title='bbox 1493 1120 1527 1147; x_wconf 89' lang='lat' dir='ltr'>et</span> <span class='ocrx_word' id='word_1_428' title='bbox 1545 1114 1582 1146; x_wconf 89' lang='lat' dir='ltr'>in</span> <span class='ocrx_word' id='word_1_429' title='bbox 1601 1125 1670 1159; x_wconf 90' lang='lat' dir='ltr'>qua</span> <span class='ocrx_word' id='word_1_430' title='bbox 1688 1125 1742 1146; x_wconf 88' lang='lat' dir='ltr'>res</span> <span class='ocrx_word' id='word_1_431' title='bbox 1761 1112 1798 1145; x_wconf 90' lang='lat' dir='ltr'>in</span> <span class='ocrx_word' id='word_1_432' title='bbox 1818 1124 2000 1146; x_wconf 89' lang='lat' dir='ltr'>summum</span> <span class='ocrx_word' id='word_1_433' title='bbox 2018 1112 2142 1146; x_wconf 88' lang='lat' dir='ltr'>discri-</span> 
     </span>
     <span class='ocr_line' id='line_1_69' title="bbox 1140 1164 2142 1211; baseline -0.003 -10"><span class='ocrx_word' id='word_1_434' title='bbox 1140 1180 1223 1202; x_wconf 91' lang='lat' dir='ltr'>men</span> <span class='ocrx_word' id='word_1_435' title='bbox 1249 1167 1458 1207; x_wconf 86' lang='lat' dir='ltr'>adducitur,</span> <span class='ocrx_word' id='word_1_436' title='bbox 1501 1172 1541 1199; x_wconf 87' lang='lat' dir='ltr'>ut</span> <span class='ocrx_word' id='word_1_437' title='bbox 1564 1166 1637 1199; x_wconf 87' lang='lat' dir='ltr'>fere</span> <span class='ocrx_word' id='word_1_438' title='bbox 1663 1176 1779 1210; x_wconf 88' lang='lat' dir='ltr'>neque</span> <span class='ocrx_word' id='word_1_439' title='bbox 1808 1164 1984 1205; x_wconf 88' lang='lat' dir='ltr'>consiliis,</span> <span class='ocrx_word' id='word_1_440' title='bbox 2024 1177 2142 1211; x_wconf 88' lang='lat' dir='ltr'>neque</span> 
     </span>
     <span class='ocr_line' id='line_1_70' title="bbox 1141 1213 2143 1263; baseline -0.003 -10"><span class='ocrx_word' id='word_1_441' title='bbox 1141 1219 1275 1254; x_wconf 84' lang='lat' dir='ltr'>auxilio</span> <span class='ocrx_word' id='word_1_442' title='bbox 1311 1219 1410 1253; x_wconf 89' lang='lat' dir='ltr'>locus</span> <span class='ocrx_word' id='word_1_443' title='bbox 1445 1218 1501 1252; x_wconf 86' lang='lat' dir='ltr'>sit.</span> <span class='ocrx_word' id='word_1_444' title='bbox 1578 1213 1835 1263; x_wconf 80' lang='grc' dir='ltr'><em>Καταστροφὴ</em></span> <span class='ocrx_word' id='word_1_445' title='bbox 1869 1217 1985 1250; x_wconf 83' lang='lat' dir='ltr'>subita</span> <span class='ocrx_word' id='word_1_446' title='bbox 2020 1228 2143 1250; x_wconf 87' lang='lat' dir='ltr'>rerum</span> 
     </span>
     <span class='ocr_line' id='line_1_71' title="bbox 1142 1269 2143 1314; baseline -0.002 -9"><span class='ocrx_word' id='word_1_447' title='bbox 1142 1273 1306 1305; x_wconf 90' lang='lat' dir='ltr'>omnium</span> <span class='ocrx_word' id='word_1_448' title='bbox 1323 1269 1562 1304; x_wconf 85' lang='lat' dir='ltr'>commutatio</span> <span class='ocrx_word' id='word_1_449' title='bbox 1589 1275 1658 1309; x_wconf 85' lang='lat' dir='ltr'>est,</span> <span class='ocrx_word' id='word_1_450' title='bbox 1692 1270 1838 1314; x_wconf 87' lang='lat' dir='ltr'>quando</span> <span class='ocrx_word' id='word_1_451' title='bbox 1866 1269 1993 1302; x_wconf 89' lang='lat' dir='ltr'>turbae</span> <span class='ocrx_word' id='word_1_452' title='bbox 2018 1281 2143 1303; x_wconf 89' lang='lat' dir='ltr'>omnes</span> 
     </span>
     <span class='ocr_line' id='line_1_72' title="bbox 1141 1319 2145 1364; baseline -0.002 -7"><span class='ocrx_word' id='word_1_453' title='bbox 1141 1325 1334 1364; x_wconf 90' lang='lat' dir='ltr'>sedantur,</span> <span class='ocrx_word' id='word_1_454' title='bbox 1371 1329 1405 1356; x_wconf 91' lang='lat' dir='ltr'>et</span> <span class='ocrx_word' id='word_1_455' title='bbox 1423 1323 1462 1356; x_wconf 87' lang='lat' dir='ltr'>fit</span> <span class='ocrx_word' id='word_1_456' title='bbox 1478 1322 1593 1355; x_wconf 89' lang='lat' dir='ltr'>laetus</span> <span class='ocrx_word' id='word_1_457' title='bbox 1613 1321 1663 1354; x_wconf 88' lang='lat' dir='ltr'>rei</span> <span class='ocrx_word' id='word_1_458' title='bbox 1681 1320 1812 1360; x_wconf 85' lang='lat' dir='ltr'>exitus;</span> <span class='ocrx_word' id='word_1_459' title='bbox 1849 1321 1945 1354; x_wconf 89' lang='lat' dir='ltr'>unde</span> <span class='ocrx_word' id='word_1_460' title='bbox 1962 1319 2145 1355; x_wconf 88' lang='lat' dir='ltr'>Lucianus</span> 
     </span>
     <span class='ocr_line' id='line_1_73' title="bbox 1142 1372 2146 1420; baseline -0.004 -10"><span class='ocrx_word' id='word_1_461' title='bbox 1142 1376 1325 1420; x_wconf 89' lang='lat' dir='ltr'>eleganter</span> <span class='ocrx_word' id='word_1_462' title='bbox 1343 1375 1476 1408; x_wconf 81' lang='lat' dir='ltr'>exitum</span> <span class='ocrx_word' id='word_1_463' title='bbox 1489 1401 1498 1415; x_wconf 86' lang='lat'>,</span> <span class='ocrx_word' id='word_1_464' title='bbox 1527 1380 1769 1419; x_wconf 80' lang='lat' dir='ltr'>eventumque</span> <span class='ocrx_word' id='word_1_465' title='bbox 1789 1372 1944 1418; x_wconf 88' lang='lat' dir='ltr'>negotii,</span> <span class='ocrx_word' id='word_1_466' title='bbox 1973 1379 2146 1407; x_wconf 87' lang='lat' dir='ltr'>catastro-</span> 
     </span>
     <span class='ocr_line' id='line_1_74' title="bbox 1141 1426 2146 1473; baseline -0.003 -12"><span class='ocrx_word' id='word_1_467' title='bbox 1141 1426 1239 1473; x_wconf 91' lang='lat' dir='ltr'>phen</span> <span class='ocrx_word' id='word_1_468' title='bbox 1264 1427 1422 1472; x_wconf 85' lang='lat' dir='ltr'>appellat</span> <span class='ocrx_word' id='word_1_469' title='bbox 1449 1426 1486 1459; x_wconf 89' lang='lat' dir='ltr'>in</span> <span class='ocrx_word' id='word_1_470' title='bbox 1513 1426 1777 1460; x_wconf 89' lang='lat' dir='ltr'>commentario</span> <span class='ocrx_word' id='word_1_471' title='bbox 1809 1426 1852 1459; x_wconf 89' lang='lat' dir='ltr'>de</span> <span class='ocrx_word' id='word_1_472' title='bbox 1884 1426 2049 1458; x_wconf 89' lang='lat' dir='ltr'>mercede</span> <span class='ocrx_word' id='word_1_473' title='bbox 2072 1437 2146 1458; x_wconf 83' lang='lat' dir='ltr'>ser-</span> 
     </span>
     <span class='ocr_line' id='line_1_75' title="bbox 1143 1474 2147 1523; baseline -0.002 -10"><span class='ocrx_word' id='word_1_474' title='bbox 1143 1480 1342 1519; x_wconf 81' lang='lat' dir='ltr'>vientibus,</span> <span class='ocrx_word' id='word_1_475' title='bbox 1372 1476 1430 1513; x_wconf 78' lang='grc' dir='ltr'>ἐπὶ</span> <span class='ocrx_word' id='word_1_476' title='bbox 1448 1480 1539 1513; x_wconf 79' lang='grc' dir='ltr'><em>πᾶσι</em></span> <span class='ocrx_word' id='word_1_477' title='bbox 1557 1475 1603 1523; x_wconf 78' lang='grc' dir='ltr'>δὴ</span> <span class='ocrx_word' id='word_1_478' title='bbox 1619 1476 1697 1523; x_wconf 73' lang='grc' dir='ltr'>ἥτις</span> <span class='ocrx_word' id='word_1_479' title='bbox 1713 1474 1840 1516; x_wconf 78' lang='grc' dir='ltr'><em>αὐτοῖς</em></span> <span class='ocrx_word' id='word_1_480' title='bbox 1857 1474 1878 1522; x_wconf 85' lang='grc' dir='ltr'>ἡ</span> <span class='ocrx_word' id='word_1_481' title='bbox 1901 1474 2147 1523; x_wconf 80' lang='grc' dir='ltr'><em>καταστροφὴ</em></span> 
     </span>
    </p>
   </div>
   <div class='ocr_carea' id='block_1_17' title="bbox 1115 1528 2147 1685">
    <p class='ocr_par' dir='ltr' id='par_1_17' title="bbox 1115 1528 2147 1685">
     <span class='ocr_line' id='line_1_76' title="bbox 1142 1528 2146 1578; baseline -0.006 -11"><span class='ocrx_word' id='word_1_482' title='bbox 1142 1534 1210 1567; x_wconf 84' lang='grc' dir='ltr'>τοῦ</span> <span class='ocrx_word' id='word_1_483' title='bbox 1227 1529 1421 1578; x_wconf 71' lang='grc' dir='ltr'><em>δράματος</em></span> <span class='ocrx_word' id='word_1_484' title='bbox 1436 1528 1600 1577; x_wconf 70' lang='grc' dir='ltr'>γίνεται,</span> <span class='ocrx_word' id='word_1_485' title='bbox 1628 1531 1664 1563; x_wconf 91' lang='lat' dir='ltr'>id</span> <span class='ocrx_word' id='word_1_486' title='bbox 1685 1536 1754 1568; x_wconf 90' lang='lat' dir='ltr'>est,</span> <span class='ocrx_word' id='word_1_487' title='bbox 1784 1535 1865 1573; x_wconf 90' lang='lat' dir='ltr'>post</span> <span class='ocrx_word' id='word_1_488' title='bbox 1883 1529 2025 1569; x_wconf 85' lang='lat' dir='ltr'>omnia,</span> <span class='ocrx_word' id='word_1_489' title='bbox 2054 1540 2146 1574; x_wconf 85' lang='lat' dir='ltr'>quae</span> 
     </span>
     <span class='ocr_line' id='line_1_77' title="bbox 1115 1577 2147 1629; baseline -0.004 -12"><span class='ocrx_word' id='word_1_490' title='bbox 1115 1577 1118 1609; x_wconf 49' lang='grc' dir='ltr'><strong>ἶ</strong></span> <span class='ocrx_word' id='word_1_491' title='bbox 1144 1583 1299 1629; x_wconf 88' lang='lat' dir='ltr'>denique</span> <span class='ocrx_word' id='word_1_492' title='bbox 1323 1582 1392 1615; x_wconf 88' lang='lat' dir='ltr'>illis</span> <span class='ocrx_word' id='word_1_493' title='bbox 1421 1579 1649 1625; x_wconf 83' lang='lat' dir='ltr'>catastrophe</span> <span class='ocrx_word' id='word_1_494' title='bbox 1672 1580 1814 1614; x_wconf 82' lang='lat' dir='ltr'>fabulae</span> <span class='ocrx_word' id='word_1_495' title='bbox 1841 1580 2034 1625; x_wconf 83' lang='lat' dir='ltr'>contingit,</span> <span class='ocrx_word' id='word_1_496' title='bbox 2078 1578 2147 1613; x_wconf 89' lang='lat' dir='ltr'>hoc</span> 
     </span>
     <span class='ocr_line' id='line_1_78' title="bbox 1117 1633 1621 1685; baseline -0.006 -16"><span class='ocrx_word' id='word_1_497' title='bbox 1117 1652 1119 1685; x_wconf 37' lang='grc' dir='ltr'>’ἲ</span> <span class='ocrx_word' id='word_1_498' title='bbox 1145 1642 1216 1676; x_wconf 87' lang='lat' dir='ltr'>est,</span> <span class='ocrx_word' id='word_1_499' title='bbox 1245 1647 1325 1680; x_wconf 78' lang='lat' dir='ltr'>quis</span> <span class='ocrx_word' id='word_1_500' title='bbox 1343 1640 1455 1667; x_wconf 73' lang='lat' dir='ltr'>exitus</span> <span class='ocrx_word' id='word_1_501' title='bbox 1473 1633 1621 1666; x_wconf 70' lang='lat' dir='ltr'>servitii.</span> 
     </span>
    </p>
   </div>
   <div class='ocr_carea' id='block_1_18' title="bbox 1145 1632 2145 1730">
    <p class='ocr_par' dir='ltr' id='par_1_18' title="bbox 1145 1632 2145 1730">
     <span class='ocr_line' id='line_1_79' title="bbox 1676 1632 2145 1667; baseline -0.004 -1"><span class='ocrx_word' id='word_1_502' title='bbox 1676 1633 1847 1667; x_wconf 77' lang='lat' dir='ltr'>Erasmus</span> <span class='ocrx_word' id='word_1_503' title='bbox 1873 1632 1910 1665; x_wconf 88' lang='lat' dir='ltr'>iu</span> <span class='ocrx_word' id='word_1_504' title='bbox 1926 1632 2145 1666; x_wconf 77' lang='lat' dir='ltr'>Proverbioz</span> 
     </span>
     <span class='ocr_line' id='line_1_80' title="bbox 1145 1683 1599 1730; baseline -0.009 -9"><span class='ocrx_word' id='word_1_505' title='bbox 1145 1683 1386 1730; x_wconf 84' lang='lat' dir='ltr'>Catastrophe</span> <span class='ocrx_word' id='word_1_506' title='bbox 1405 1684 1599 1730; x_wconf 58' lang='lat' dir='ltr'>fabulaes).</span> 
     </span>
    </p>
   </div>
   <div class='ocr_carea' id='block_1_19' title="bbox 1354 1767 1937 1816">
    <p class='ocr_par' dir='ltr' id='par_1_19' title="bbox 1354 1767 1937 1816">
     <span class='ocr_line' id='line_1_81' title="bbox 1354 1767 1937 1816; baseline -0.003 -12"><span class='ocrx_word' id='word_1_507' title='bbox 1354 1770 1415 1804; x_wconf 90' lang='lat' dir='ltr'>De</span> <span class='ocrx_word' id='word_1_508' title='bbox 1443 1767 1695 1816; x_wconf 83' lang='lat' dir='ltr'>hypothesi</span> <span class='ocrx_word' id='word_1_509' title='bbox 1724 1769 1937 1803; x_wconf 87' lang='lat' dir='ltr'>Andriae.</span> 
     </span>
    </p>
   </div>
   <div class='ocr_carea' id='block_1_20' title="bbox 1148 1838 2150 2252">
    <p class='ocr_par' dir='ltr' id='par_1_20' title="bbox 1148 1838 2150 2252">
     <span class='ocr_line' id='line_1_82' title="bbox 1251 1838 2146 1884; baseline -0.002 -11"><span class='ocrx_word' id='word_1_510' title='bbox 1251 1840 1342 1874; x_wconf 89' lang='lat' dir='ltr'>Cum</span> <span class='ocrx_word' id='word_1_511' title='bbox 1371 1840 1559 1873; x_wconf 87' lang='lat' dir='ltr'>comoedia</span> <span class='ocrx_word' id='word_1_512' title='bbox 1590 1838 1708 1872; x_wconf 84' lang='lat' dir='ltr'>omnis</span> <span class='ocrx_word' id='word_1_513' title='bbox 1731 1838 1776 1872; x_wconf 87' lang='lat' dir='ltr'>sit</span> <span class='ocrx_word' id='word_1_514' title='bbox 1800 1838 1939 1883; x_wconf 87' lang='lat' dir='ltr'>pictura</span> <span class='ocrx_word' id='word_1_515' title='bbox 1969 1838 2146 1884; x_wconf 82' lang='lat' dir='ltr'>quaedam</span> 
     </span>
     <span class='ocr_line' id='line_1_83' title="bbox 1148 1890 2148 1936; baseline -0.004 -9"><span class='ocrx_word' id='word_1_516' title='bbox 1148 1892 1395 1927; x_wconf 88' lang='lat' dir='ltr'>communium</span> <span class='ocrx_word' id='word_1_517' title='bbox 1420 1904 1562 1925; x_wconf 88' lang='lat' dir='ltr'>morum</span> <span class='ocrx_word' id='word_1_518' title='bbox 1578 1918 1586 1931; x_wconf 94' lang='lat'>‚</span> <span class='ocrx_word' id='word_1_519' title='bbox 1615 1891 1777 1936; x_wconf 85' lang='lat' dir='ltr'>adeoque</span> <span class='ocrx_word' id='word_1_520' title='bbox 1804 1890 2028 1933; x_wconf 80' lang='lat' dir='ltr'>officiorum,</span> <span class='ocrx_word' id='word_1_521' title='bbox 2057 1902 2148 1936; x_wconf 87' lang='lat' dir='ltr'>quae</span> 
     </span>
     <span class='ocr_line' id='line_1_84' title="bbox 1148 1940 2149 1989; baseline -0.005 -10"><span class='ocrx_word' id='word_1_522' title='bbox 1148 1946 1185 1979; x_wconf 92' lang='lat' dir='ltr'>in</span> <span class='ocrx_word' id='word_1_523' title='bbox 1225 1956 1523 1989; x_wconf 88' lang='lat' dir='ltr'>unamquamque</span> <span class='ocrx_word' id='word_1_524' title='bbox 1560 1954 1753 1988; x_wconf 89' lang='lat' dir='ltr'>personam</span> <span class='ocrx_word' id='word_1_525' title='bbox 1786 1949 1820 1975; x_wconf 90' lang='lat' dir='ltr'>et</span> <span class='ocrx_word' id='word_1_526' title='bbox 1851 1940 2004 1975; x_wconf 56' lang='lat' dir='ltr'>Retatem</span> <span class='ocrx_word' id='word_1_527' title='bbox 2043 1941 2149 1981; x_wconf 90' lang='lat' dir='ltr'>cadit,</span> 
     </span>
     <span class='ocr_line' id='line_1_85' title="bbox 1149 1993 2149 2039; baseline -0.005 -8"><span class='ocrx_word' id='word_1_528' title='bbox 1149 2005 1224 2032; x_wconf 87' lang='lat' dir='ltr'>tum</span> <span class='ocrx_word' id='word_1_529' title='bbox 1240 1994 1328 2030; x_wconf 90' lang='lat' dir='ltr'>haec</span> <span class='ocrx_word' id='word_1_530' title='bbox 1347 1996 1509 2029; x_wconf 86' lang='lat' dir='ltr'>Terentii</span> <span class='ocrx_word' id='word_1_531' title='bbox 1527 1995 1646 2030; x_wconf 84' lang='lat' dir='ltr'>fabula</span> <span class='ocrx_word' id='word_1_532' title='bbox 1667 1993 1834 2039; x_wconf 84' lang='lat' dir='ltr'>inprimis</span> <span class='ocrx_word' id='word_1_533' title='bbox 1859 1995 1905 2027; x_wconf 91' lang='lat' dir='ltr'>ad</span> <span class='ocrx_word' id='word_1_534' title='bbox 1929 2006 2072 2027; x_wconf 86' lang='lat' dir='ltr'>morum</span> <span class='ocrx_word' id='word_1_535' title='bbox 2096 1993 2149 2026; x_wconf 89' lang='lat' dir='ltr'>di-</span> 
     </span>
     <span class='ocr_line' id='line_1_86' title="bbox 1149 2045 2148 2095; baseline -0.004 -13"><span class='ocrx_word' id='word_1_536' title='bbox 1149 2048 1337 2095; x_wconf 88' lang='lat' dir='ltr'>sciplinam</span> <span class='ocrx_word' id='word_1_537' title='bbox 1356 2049 1628 2081; x_wconf 87' lang='lat' dir='ltr'>accommodata</span> <span class='ocrx_word' id='word_1_538' title='bbox 1646 2052 1708 2080; x_wconf 83' lang='lat' dir='ltr'>est.</span> <span class='ocrx_word' id='word_1_539' title='bbox 1762 2045 1826 2080; x_wconf 83' lang='lat' dir='ltr'>Est</span> <span class='ocrx_word' id='word_1_540' title='bbox 1851 2045 1944 2079; x_wconf 89' lang='lat' dir='ltr'>enim</span> <span class='ocrx_word' id='word_1_541' title='bbox 1971 2047 2148 2092; x_wconf 83' lang='lat' dir='ltr'>quaedam</span> 
     </span>
     <span class='ocr_line' id='line_1_87' title="bbox 1151 2095 2150 2142; baseline -0.004 -7"><span class='ocrx_word' id='word_1_542' title='bbox 1151 2100 1418 2135; x_wconf 88' lang='lat' dir='ltr'>commendatio</span> <span class='ocrx_word' id='word_1_543' title='bbox 1436 2100 1578 2134; x_wconf 77' lang='lat' dir='ltr'>virtutis</span> <span class='ocrx_word' id='word_1_544' title='bbox 1599 2098 1635 2131; x_wconf 89' lang='lat' dir='ltr'>in</span> <span class='ocrx_word' id='word_1_545' title='bbox 1651 2095 1865 2142; x_wconf 88' lang='lat' dir='ltr'>Pamphilo,</span> <span class='ocrx_word' id='word_1_546' title='bbox 1901 2098 2000 2132; x_wconf 89' lang='lat' dir='ltr'>cuius</span> <span class='ocrx_word' id='word_1_547' title='bbox 2023 2097 2060 2130; x_wconf 91' lang='lat' dir='ltr'>in</span> <span class='ocrx_word' id='word_1_548' title='bbox 2081 2095 2150 2131; x_wconf 90' lang='lat' dir='ltr'>hoc</span> 
     </span>
     <span class='ocr_line' id='line_1_88' title="bbox 1151 2149 2149 2198; baseline -0.005 -11"><span class='ocrx_word' id='word_1_549' title='bbox 1151 2159 1365 2198; x_wconf 87' lang='lat' dir='ltr'>argumento</span> <span class='ocrx_word' id='word_1_550' title='bbox 1390 2151 1530 2197; x_wconf 89' lang='lat' dir='ltr'>primae</span> <span class='ocrx_word' id='word_1_551' title='bbox 1556 2157 1640 2186; x_wconf 91' lang='lat' dir='ltr'>sunt</span> <span class='ocrx_word' id='word_1_552' title='bbox 1663 2156 1803 2194; x_wconf 85' lang='lat' dir='ltr'>partes,</span> <span class='ocrx_word' id='word_1_553' title='bbox 1839 2150 2001 2196; x_wconf 88' lang='lat' dir='ltr'>adeoque</span> <span class='ocrx_word' id='word_1_554' title='bbox 2030 2149 2149 2193; x_wconf 88' lang='lat' dir='ltr'>imago</span> 
     </span>
     <span class='ocr_line' id='line_1_89' title="bbox 1152 2201 2149 2252; baseline -0.005 -13"><span class='ocrx_word' id='word_1_555' title='bbox 1152 2206 1329 2252; x_wconf 87' lang='lat' dir='ltr'>quaedam</span> <span class='ocrx_word' id='word_1_556' title='bbox 1374 2205 1560 2249; x_wconf 89' lang='lat' dir='ltr'>proposita</span> <span class='ocrx_word' id='word_1_557' title='bbox 1602 2209 1653 2237; x_wconf 86' lang='lat' dir='ltr'>est</span> <span class='ocrx_word' id='word_1_558' title='bbox 1688 2201 1868 2235; x_wconf 87' lang='lat' dir='ltr'>moderati</span> <span class='ocrx_word' id='word_1_559' title='bbox 1902 2201 2149 2241; x_wconf 87' lang='lat' dir='ltr'>adolescentis,</span> 
     </span>
    </p>
   </div>
   <div class='ocr_carea' id='block_1_21' title="bbox 1124 2252 2151 2302">
    <p class='ocr_par' dir='ltr' id='par_1_21' title="bbox 1124 2252 2151 2302">
     <span class='ocr_line' id='line_1_90' title="bbox 1124 2252 2151 2302; baseline -0.003 -14"><span class='ocrx_word' id='word_1_560' title='bbox 1124 2267 1128 2288; x_wconf 71' lang='grc' dir='ltr'>ι</span> <span class='ocrx_word' id='word_1_561' title='bbox 1152 2258 1231 2302; x_wconf 90' lang='lat' dir='ltr'>plus</span> <span class='ocrx_word' id='word_1_562' title='bbox 1250 2257 1378 2296; x_wconf 88' lang='lat' dir='ltr'>etiam,</span> <span class='ocrx_word' id='word_1_563' title='bbox 1403 2268 1511 2302; x_wconf 85' lang='lat' dir='ltr'>quam</span> <span class='ocrx_word' id='word_1_564' title='bbox 1538 2255 1592 2289; x_wconf 76' lang='lat' dir='ltr'>vel</span> <span class='ocrx_word' id='word_1_565' title='bbox 1617 2260 1713 2288; x_wconf 83' lang='lat' dir='ltr'>aetas</span> <span class='ocrx_word' id='word_1_566' title='bbox 1739 2254 1795 2287; x_wconf 79' lang='lat' dir='ltr'>vel</span> <span class='ocrx_word' id='word_1_567' title='bbox 1819 2266 1922 2287; x_wconf 86' lang='lat' dir='ltr'>amor</span> <span class='ocrx_word' id='word_1_568' title='bbox 1948 2265 2072 2298; x_wconf 82' lang='lat' dir='ltr'>sapere</span> <span class='ocrx_word' id='word_1_569' title='bbox 2099 2252 2151 2285; x_wconf 87' lang='lat' dir='ltr'>vi-</span> 
     </span>
    </p>
   </div>
   <div class='ocr_carea' id='block_1_22' title="bbox 1153 2303 2152 2402">
    <p class='ocr_par' dir='ltr' id='par_1_22' title="bbox 1153 2303 2152 2402">
     <span class='ocr_line' id='line_1_91' title="bbox 1153 2303 2150 2352; baseline -0.004 -11"><span class='ocrx_word' id='word_1_570' title='bbox 1153 2310 1300 2349; x_wconf 88' lang='lat' dir='ltr'>deatur,</span> <span class='ocrx_word' id='word_1_571' title='bbox 1342 2320 1421 2341; x_wconf 88' lang='lat' dir='ltr'>cum</span> <span class='ocrx_word' id='word_1_572' title='bbox 1453 2307 1556 2352; x_wconf 84' lang='lat' dir='ltr'>fingit</span> <span class='ocrx_word' id='word_1_573' title='bbox 1584 2319 1664 2341; x_wconf 83' lang='lat' dir='ltr'>eum</span> <span class='ocrx_word' id='word_1_574' title='bbox 1691 2303 1782 2339; x_wconf 90' lang='lat' dir='ltr'>nihil</span> <span class='ocrx_word' id='word_1_575' title='bbox 1810 2305 2001 2350; x_wconf 90' lang='lat' dir='ltr'>impotenti</span> <span class='ocrx_word' id='word_1_576' title='bbox 2028 2304 2150 2338; x_wconf 87' lang='lat' dir='ltr'>animo</span> 
     </span>
     <span class='ocr_line' id='line_1_92' title="bbox 1154 2357 2152 2402; baseline -0.004 -9"><span class='ocrx_word' id='word_1_577' title='bbox 1154 2361 1209 2393; x_wconf 81' lang='lat' dir='ltr'>vel</span> <span class='ocrx_word' id='word_1_578' title='bbox 1229 2367 1362 2394; x_wconf 86' lang='lat' dir='ltr'>temere</span> <span class='ocrx_word' id='word_1_579' title='bbox 1381 2360 1532 2399; x_wconf 89' lang='lat' dir='ltr'>audere,</span> <span class='ocrx_word' id='word_1_580' title='bbox 1555 2360 1616 2393; x_wconf 91' lang='lat' dir='ltr'>sed</span> <span class='ocrx_word' id='word_1_581' title='bbox 1634 2359 1671 2391; x_wconf 91' lang='lat' dir='ltr'>in</span> <span class='ocrx_word' id='word_1_582' title='bbox 1688 2357 1835 2402; x_wconf 87' lang='lat' dir='ltr'>ancipiti</span> <span class='ocrx_word' id='word_1_583' title='bbox 1853 2357 2012 2402; x_wconf 88' lang='lat' dir='ltr'>periculo</span> <span class='ocrx_word' id='word_1_584' title='bbox 2030 2363 2152 2389; x_wconf 90' lang='lat' dir='ltr'>tamen</span> 
     </span>
    </p>
   </div>
   <div class='ocr_carea' id='block_1_23' title="bbox 1155 2409 2151 2455">
    <p class='ocr_par' dir='ltr' id='par_1_23' title="bbox 1126 2409 2151 2462">
     <span class='ocr_line' id='line_1_93' title="bbox 1155 2409 2151 2455; baseline -0.003 -10.085"><span class='ocrx_word' id='word_1_585' title='bbox 1155 2412 1344 2446; x_wconf 88' lang='lat' dir='ltr'>consilium</span> <span class='ocrx_word' id='word_1_586' title='bbox 1374 2409 1564 2451; x_wconf 88' lang='lat' dir='ltr'>adhibere,</span> <span class='ocrx_word' id='word_1_587' title='bbox 1602 2417 1637 2445; x_wconf 93' lang='lat' dir='ltr'>et</span> <span class='ocrx_word' id='word_1_588' title='bbox 1660 2411 1697 2443; x_wconf 89' lang='lat' dir='ltr'>in</span> <span class='ocrx_word' id='word_1_589' title='bbox 1723 2416 1913 2455; x_wconf 85' lang='lat' dir='ltr'>utramque</span> <span class='ocrx_word' id='word_1_590' title='bbox 1937 2415 2076 2454; x_wconf 88' lang='lat' dir='ltr'>partem</span> <span class='ocrx_word' id='word_1_591' title='bbox 2106 2409 2151 2442; x_wconf 89' lang='lat' dir='ltr'>de</span> 
     </span>
    </p>
   </div>
   <div class='ocr_carea' id='block_1_24' title="bbox 1155 2460 2156 2663">
    <p class='ocr_par' dir='ltr' id='par_1_24' title="bbox 1155 2460 2156 2663">
     <span class='ocr_line' id='line_1_94' title="bbox 1155 2460 2155 2507; baseline -0.004 -10"><span class='ocrx_word' id='word_1_592' title='bbox 1155 2464 1271 2497; x_wconf 83' lang='lat' dir='ltr'>officio</span> <span class='ocrx_word' id='word_1_593' title='bbox 1301 2476 1365 2497; x_wconf 92' lang='lat' dir='ltr'>suo</span> <span class='ocrx_word' id='word_1_594' title='bbox 1393 2463 1552 2507; x_wconf 87' lang='lat' dir='ltr'>cogitare</span> <span class='ocrx_word' id='word_1_595' title='bbox 1574 2469 1609 2496; x_wconf 88' lang='lat' dir='ltr'>et</span> <span class='ocrx_word' id='word_1_596' title='bbox 1641 2462 1859 2506; x_wconf 82' lang='lat' dir='ltr'>expendere,</span> <span class='ocrx_word' id='word_1_597' title='bbox 1902 2466 1942 2494; x_wconf 85' lang='lat' dir='ltr'>ut</span> <span class='ocrx_word' id='word_1_598' title='bbox 1972 2460 2086 2504; x_wconf 88' lang='lat' dir='ltr'>pietas</span> <span class='ocrx_word' id='word_1_599' title='bbox 2120 2466 2155 2493; x_wconf 91' lang='lat' dir='ltr'>et</span> 
     </span>
     <span class='ocr_line' id='line_1_95' title="bbox 1155 2511 2155 2561; baseline -0.004 -13"><span class='ocrx_word' id='word_1_600' title='bbox 1155 2517 1240 2549; x_wconf 82' lang='lat' dir='ltr'>fides</span> <span class='ocrx_word' id='word_1_601' title='bbox 1256 2515 1474 2561; x_wconf 85' lang='lat' dir='ltr'>requirebat.</span> <span class='ocrx_word' id='word_1_602' title='bbox 1528 2514 1669 2548; x_wconf 87' lang='lat' dir='ltr'>Nullius</span> <span class='ocrx_word' id='word_1_603' title='bbox 1689 2519 1808 2546; x_wconf 88' lang='lat' dir='ltr'>autem</span> <span class='ocrx_word' id='word_1_604' title='bbox 1825 2511 1980 2556; x_wconf 88' lang='lat' dir='ltr'>amplior</span> <span class='ocrx_word' id='word_1_605' title='bbox 1996 2512 2073 2546; x_wconf 88' lang='lat' dir='ltr'>laus</span> <span class='ocrx_word' id='word_1_606' title='bbox 2091 2517 2155 2552; x_wconf 83' lang='lat' dir='ltr'>est,</span> 
     </span>
     <span class='ocr_line' id='line_1_96' title="bbox 1155 2564 2155 2611; baseline -0.005 -10"><span class='ocrx_word' id='word_1_607' title='bbox 1155 2574 1189 2601; x_wconf 86' lang='lat' dir='ltr'>et</span> <span class='ocrx_word' id='word_1_608' title='bbox 1205 2568 1322 2600; x_wconf 88' lang='lat' dir='ltr'>maior</span> <span class='ocrx_word' id='word_1_609' title='bbox 1347 2565 1599 2611; x_wconf 87' lang='lat' dir='ltr'>pulchritudo,</span> <span class='ocrx_word' id='word_1_610' title='bbox 1633 2577 1740 2611; x_wconf 83' lang='lat' dir='ltr'>quam</span> <span class='ocrx_word' id='word_1_611' title='bbox 1770 2564 2018 2604; x_wconf 87' lang='lat' dir='ltr'>mediocritas,</span> <span class='ocrx_word' id='word_1_612' title='bbox 2053 2575 2155 2609; x_wconf 82' lang='lat' dir='ltr'>prae-</span> 
     </span>
     <span class='ocr_line' id='line_1_97' title="bbox 1155 2615 2156 2663; baseline -0.005 -10"><span class='ocrx_word' id='word_1_613' title='bbox 1155 2619 1278 2653; x_wconf 85' lang='lat' dir='ltr'>sertim</span> <span class='ocrx_word' id='word_1_614' title='bbox 1298 2619 1334 2652; x_wconf 92' lang='lat' dir='ltr'>in</span> <span class='ocrx_word' id='word_1_615' title='bbox 1352 2619 1418 2653; x_wconf 89' lang='lat' dir='ltr'>ista</span> <span class='ocrx_word' id='word_1_616' title='bbox 1440 2624 1576 2658; x_wconf 84' lang='lat' dir='ltr'>aetate,</span> <span class='ocrx_word' id='word_1_617' title='bbox 1608 2628 1720 2663; x_wconf 87' lang='lat' dir='ltr'>quae,</span> <span class='ocrx_word' id='word_1_618' title='bbox 1749 2616 1832 2661; x_wconf 87' lang='lat' dir='ltr'>quia</span> <span class='ocrx_word' id='word_1_619' title='bbox 1858 2615 2022 2660; x_wconf 89' lang='lat' dir='ltr'>plurimis</span> <span class='ocrx_word' id='word_1_620' title='bbox 2045 2622 2079 2649; x_wconf 91' lang='lat' dir='ltr'>et</span> <span class='ocrx_word' id='word_1_621' title='bbox 2101 2627 2156 2649; x_wconf 86' lang='lat' dir='ltr'>re-</span> 
     </span>
    </p>
   </div>
   <div class='ocr_carea' id='block_1_25' title="bbox 1190 2731 1871 2766">
    <p class='ocr_par' dir='ltr' id='par_1_25' title="bbox 1190 2731 1871 2766">
     <span class='ocr_line' id='line_1_98' title="bbox 1190 2731 1871 2766; baseline -0.012 -4"><span class='ocrx_word' id='word_1_622' title='bbox 1190 2739 1221 2766; x_wconf 71' lang='grc' dir='ltr'>Β)</span> <span class='ocrx_word' id='word_1_623' title='bbox 1241 2737 1349 2762; x_wconf 76' lang='lat' dir='ltr'>Erasmi</span> <span class='ocrx_word' id='word_1_624' title='bbox 1370 2736 1456 2765; x_wconf 69' lang='lat' dir='ltr'>Mag.</span> <span class='ocrx_word' id='word_1_625' title='bbox 1478 2733 1540 2758; x_wconf 82' lang='lat' dir='ltr'>chit.</span> <span class='ocrx_word' id='word_1_626' title='bbox 1555 2733 1573 2757; x_wconf 90' lang='lat'>1.</span> <span class='ocrx_word' id='word_1_627' title='bbox 1593 2734 1666 2758; x_wconf 84' lang='lat' dir='ltr'>cent.</span> <span class='ocrx_word' id='word_1_628' title='bbox 1683 2732 1715 2757; x_wconf 85' lang='lat'>11.</span> <span class='ocrx_word' id='word_1_629' title='bbox 1736 2737 1815 2763; x_wconf 84' lang='lat' dir='ltr'>prov.</span> <span class='ocrx_word' id='word_1_630' title='bbox 1829 2731 1871 2755; x_wconf 78' lang='lat'>36.</span> 
     </span>
    </p>
   </div>
   <div class='ocr_carea' id='block_1_26' title="bbox 1490 2767 1574 2804">
    <p class='ocr_par' dir='ltr' id='par_1_26' title="bbox 1490 2767 1574 2804">
     <span class='ocr_line' id='line_1_99' title="bbox 1490 2767 1574 2804; baseline -0.012 0"><span class='ocrx_word' id='word_1_631' title='bbox 1490 2767 1574 2804; x_wconf 75' lang='lat'>44*</span> 
     </span>
    </p>
   </div>
  </div>
 </body>
</html>
