2341 2973
215 128 292 165 267

217 214 331 248 filium
364 211 515 246 similem
542 209 653 243 Marti
675 210 714 242 in
736 208 885 254 pugnis,
919 214 954 241 et
978 206 1131 241 similem
1150 206 1218 240 ful-

217 265 299 310 guri
317 265 454 298 robore
472 263 617 307 pedum.
670 261 792 295 Meum
813 266 883 299 est,
911 260 999 292 dare
1015 270 1093 292 eam
1110 258 1217 292 Peleo

215 316 402 350 Aeacidae
418 314 465 361 19)
489 314 676 358 coniugem
692 340 701 352 ‚
728 324 832 356 quem
848 311 969 343 ferunt
985 310 1217 344 iustissimum

216 368 265 401 ali
284 368 321 401 in
344 378 471 412 campo
493 365 590 400 Iolci.
650 364 740 411 (Sir.
760 362 813 408 5.)
841 361 936 396 Eant
957 368 1075 395 autem
1099 361 1219 395 nuntii

216 431 302 453 mox
332 419 370 452 in
402 424 546 452 antrum
574 416 760 455 Chironis,
797 426 863 447 nec
885 413 956 447 filia
982 413 1089 448 Nerei
1114 413 1218 447 nobis

218 483 342 504 rursus
370 470 565 504 certamina
580 469 762 513 praebeat.
818 465 974 510 Vespere
1001 472 1121 498 autem
1145 465 1218 509 ple-

215 521 371 562 nilunii,
398 522 514 555 solvat
535 521 675 553 frenum
693 517 910 562 virginitatis
936 517 1033 562 apud
1049 516 1218 550 Heroem.

215 574 275 608 Sic
292 574 413 607 locuta
429 579 479 606 est
496 569 644 605 Themis
675 572 720 604 ad
737 569 884 604 Saturni
906 568 1017 607 filios;
1051 568 1102 601 illi
1131 580 1216 601 vero

215 623 400 670 palpebris
417 629 638 661 annuerunt;
668 635 733 656 nec
751 621 859 666 periit
879 621 1014 654 fructus
1029 620 1217 654 sermonis.

216 677 353 709 Dicunt
377 675 494 715 enim,
536 687 654 719 regern
682 673 837 707 iunxisse
860 672 1005 717 nuptias
1030 670 1217 711 Thethlos,
1243 699 1245 715 2

216 735 251 761 et
281 726 378 760 docti
404 726 473 760 viri
498 726 724 759 celebrarunt
748 736 881 758 novam
912 723 1081 757 virtutem
1098 721 1218 757 Achil-

215 779 278 819 lis,
314 778 400 823 ipsis
428 778 697 822 ignorantibus:
740 776 839 823 quod
870 782 903 809 et
926 774 1082 820 Mysium
1115 775 1217 819 nigra

219 830 351 870 caede,
385 829 569 863 vitiferum
593 841 760 874 campum
795 839 1051 872 conspergens,
1095 827 1218 860 vulne-

216 888 297 915 rato
320 879 485 926 Telepho
508 882 726 921 cruentarst,
762 879 853 927 (Str.
876 879 928 925 6.)
956 885 990 912 et
1013 885 1218 913 construxe-

216 933 263 966 rit
298 932 457 966 reditum
483 931 638 973 Atridis,
681 939 716 966 et
736 932 911 965 Helenam
936 930 1103 971 solverit,
1137 942 1219 963 ner-

218 996 282 1018 vos
307 984 440 1018 Troiae
466 984 674 1024 excindens‚
702 984 764 1030 qui
789 983 903 1027 ipsam
921 982 1072 1016 Troiam
1099 983 1219 1015 desen-

219 1037 348 1069 derant
371 1035 589 1080 proeliantes
613 1036 651 1069 in
676 1035 820 1080 pugnis:
864 1034 1029 1068 videlicet
1053 1033 1218 1067 Memno-

254 1138 299 1166 ¹9)
319 1136 470 1168 Aeacidae]
492 1137 542 1164 Ed.
565 1136 639 1162 ¹563.
659 1135 790 1161 Aeacide.

793 120 915 157 PHIL.
948 119 1060 155 MEL.
1095 117 1299 153 SCRIPTA
1332 117 1670 154 PHILOLOGICA.

2193 122 2268 158 268

1272 218 1374 246 nem,
1402 204 1613 246 Hectorem,
1647 212 1681 240 et
1706 205 1795 240 alios
1820 206 1945 247 duces,
1980 206 2109 252 quibus
2132 208 2270 242 denun-

1272 258 1366 291 tians
1389 263 1543 290 mortem
1561 255 1734 297 Achilles,
1762 257 1937 302 Aeginam
1960 270 2061 292 suam
2087 259 2268 293 admiran-

1273 310 1355 342 dam
1383 309 1556 343 ostendit:
1594 322 1700 354 quem
1723 321 1789 342 nec
1815 316 1999 343 mortuum
2031 310 2269 345 destituerunt

1274 360 1454 400 carmina,
1497 362 1557 394 sed
1585 361 1617 393 ei
1646 362 1691 394 ad
1715 373 1844 406 rogum
1874 361 2088 395 adstiterunt
2114 362 2270 406 virgines

1273 412 1499 452 Heliconiae,
1527 418 1561 445 et
1579 412 1749 447 fuderunt
1765 413 1939 447 celebrem
1958 413 2267 448 lamentationem.

1272 463 1397 497 Visum
1421 469 1473 497 est
1494 463 1603 507 igitur
1626 463 1722 505 Diis,
1751 465 1868 498 virum
1894 471 2135 510 praestantem
2162 465 2269 498 etiam

1272 521 1455 548 mortuum
1471 516 1611 549 tradere
1629 513 1772 561 hymnis
1788 516 1961 551 Dearum.
2005 516 2096 562 (Str.
2112 515 2164 562 7.)
2186 515 2268 549 Ideo

1273 574 1307 600 et
1330 579 1426 600 nunc
1450 567 1637 601 Musarum
1668 580 1792 601 currus
1816 569 1988 610 celebrat,
2025 574 2060 601 et
2080 573 2270 613 promptus

1273 625 1324 653 est
1348 630 1476 653 sonare
1500 619 1630 663 pugilis
1654 619 1888 661 memoriam,
1916 627 1950 654 et
1975 633 2057 655 eum
2074 617 2271 659 honorare,

1272 671 1334 717 qui
1353 677 1478 704 nactus
1496 678 1546 705 cst
1563 670 1733 704 Doricam
1753 683 1925 705 coronam
1951 684 1992 705 ex
2023 671 2106 716 apio
2127 671 2166 704 in
2180 668 2270 705 Isth-

1272 722 1374 763 miis,
1417 722 1501 768 quia
1527 722 1663 757 vicinos
1689 723 1793 763 vicit,
1835 723 1968 756 invicta
1995 735 2106 756 manu
2132 723 2271 767 fugans,

1271 787 1336 808 nec
1353 775 1545 808 dedecorat
1560 787 1669 819 genus
1687 774 1871 819 patruelis.
1922 774 2064 821 Aliquis
2088 773 2195 806 etiam
2218 774 2271 807 iu—

1272 838 1403 860 venum
1423 839 1464 860 ex
1487 833 1606 872 myrto
1623 833 1742 860 nectat
1761 838 1932 860 coronam
1957 825 2158 866 Cleandro,
2186 824 2271 870 quia

1273 884 1307 911 et
1327 890 1425 911 nunc
1447 878 1483 910 in
1499 876 1665 911 Alcathoi
1684 890 1798 923 agone
1815 878 1897 911 felix
1912 878 1993 918 suit,
2020 883 2054 911 et
2070 889 2150 910 eum
2171 876 2271 921 prius

1272 930 1310 963 in
1329 929 1514 974 Epidauro
1554 930 1719 964 iuventus
1752 930 1905 974 excepit,
1948 936 1983 963 et
2006 929 2157 975 praebet
2188 939 2269 961 eum

1272 982 1493 1015 laudandum
1541 982 1656 1016 bonis.
1724 981 2014 1015 Adolescentiam
2057 979 2154 1014 enim
2194 990 2269 1012 non

1272 1033 1441 1076 ignavam
1493 1033 1530 1065 in
1580 1034 1758 1078 palaestra
2097 1032 2267 1066 iuvenum

1273 1091 1439 1119 exercuit.

1809 1031 2043 1068 honestorum
