2421 3005
78 613 331 656 LXXVIII.
422 613 623 654 Pulli.
676 613 855 654 Mam.
911 613 1418 656 EXPLICA'rlo
1474 615 2130 658 SENTENTIARUM

880 688 1340 732 THEOGNIDIS.

78 828 305 886 Melantbonis
329 856 486 894 explicatio
510 856 721 883 sententiarum
746 856 928 895 Theognidis
953 859 1046 886 semel
1072 865 1186 888 tantum
1211 859 1317 896 prodiit
1342 858 1435 896 (cons.
1461 868 1549 896 supra
1575 870 1602 896 p.
1621 859 1641 888 6
1656 862 1716 897 sq.)
1741 861 1779 888 sic
1805 861 1957 897 inscripta:

205 915 409 955 Esplicatio
431 916 673 944 sententiarum
701 914 925 954 Theognidis,
963 919 998 946 in
1028 918 1121 948 scola
1149 916 1391 957 'Ve'tebergensi
1411 924 1549 948 auctore
1574 920 1755 947 remei-emh
1781 925 1811 948 et
1836 919 2020 948 clarissimo
2047 921 2129 955 uiro,

252 957 411 998 Philippo
434 956 670 995 Melanchone,
701 957 799 989 Anno
826 960 919 991 1551.
945 960 999 990 die
1022 962 1076 992 27.
1093 959 1205 1000 Mazjj‘:
1237 961 1379 992 collecta
1403 961 1424 990 ἰ(
1449 960 1602 991 Iohanne
1618 962 1750 991 Maiore
1769 962 1928 997 [iorem-c,
1953 967 1984 990 el
2008 964 2041 990 in
2066 972 2129 998 pu-

249 1000 371 1031 blicum
396 1001 597 1031 commodum
622 1000 746 1032 aedita.
798 1000 1010 1042 n'e'tebergae
1033 1003 1225 1034 etvcudebac
1253 1005 1459 1034 Laurentius
1485 1003 1660 1034 Schuencl·
1686 1005 1777 1035 1560.
1804 1023 1841 1026 ——
1869 1007 1915 1042 (in
1934 1005 2024 1044 finez)
2067 1002 2130 1034 'V'-

248 1043 407 1084 tebergae
429 1042 622 1074 excudebat
643 1043 856 1075 Laurentius
878 1046 1063 1077 Schuenck.
1111 1047 1206 1078 1560.
1251 1048 1282 1077 S.
1331 1047 1417 1087 18¹,J2
1440 1049 1540 1086 plagg.
1572 1050 1626 1078 litt.
1644 1050 1751 1077 A—'l'
1767 1048 1828 1088 (¹s2
1844 1042 1903 1088 pl.)
1920 1050 2008 1087 sign,
2032 1048 2054 1078 7
2068 1049 2130 1076 soll.

246 1099 304 1118 non
328 1098 428 1127 num.‚
453 1087 469 1118 1
486 1088 540 1117 fol.
564 1089 680 1125 album,
713 1088 857 1119 139l·011.
882 1100 980 1127 nuum,
1003 1092 1057 1119 ult.
1083 1092 1134 1119 sol.
1160 1092 1258 1119 album
1286 1091 1391 1128 (f01.A
1407 1091 1555 1120 22¹—5‹¹
1580 1092 1640 1120 loh.
1665 1093 1782 1120 Maioris
1806 1094 1929 1129 epistola
1952 1098 2130 1130 nuncupat.;

243 1132 297 1162 fol.
312 1134 336 1160 A
351 1129 495 1162 5b—7:›
521 1132 562 1160 lo.
586 1131 740 1169 Mathesii,
770 1133 813 1161 10.
836 1134 953 1171 Stigelii
976 1139 1006 1162 et
1030 1135 1070 1163 lo.
1094 1135 1213 1162 Maioris
1237 1135 1366 1163 carmina
1391 1135 1440 1164 lat.
1464 1141 1554 1172 atque
1575 1135 1662 1172 Casp.
1690 1136 1813 1163 Peucen-i
1837 1144 1954 1163 carmen
1980 1144 2077 1172 graec.
2101 1136 2130 1161 iu

248 1175 326 1204 Phil.
353 1175 591 1209 Melanthonem5
629 1173 682 1202 fol.
700 1178 722 1203 A
740 1175 761 1204 8
783 1176 897 1211 albuin5
935 1176 986 1205 sol.
1006 1175 1167 1207 1---139Ρ1
1194 1178 1266 1206 Mel.
1297 1178 1455 1215 explicatio
1485 1178 1697 1205 sententiarum
1730 1178 1929 1216 Theognidis3
1975 1178 2026 1205 sol.
2044 1176 2106 1207 139
2117 1174 2128 1193 ¹¹

249 1218 406 1252 Clausula3
437 1218 490 1245 ult.
514 1215 565 1244 ful.
589 1215 675 1255 alb.).

161 1278 193 1305 In
218 1277 271 1305 hoe
294 1278 369 1304 libro
393 1276 594 1305 Melantlionis
619 1278 809 1314 explicationi
832 1288 848 1305 a
871 1278 986 1307 Maiore
1012 1279 1126 1308 editore
1150 1279 1260 1306 haecce
1284 1278 1409 1315 epistola
1435 1279 1647 1314 nuncupatoria
1668 1286 1711 1306 est
1736 1279 1896 1315 praemissa
1920 1283 2043 1315 quatuor
2067 1288 2131 1307 car-

76 1321 202 1349 minibus
225 1320 366 1348 annexis:

75 1377 236 1412 Maym‘fico
255 1378 322 1403 viro
340 1377 497 1402 nobilitate
516 1377 647 1408 yeneris,
674 1378 841 1407 sapientia,
868 1379 896 1402 et
914 1379 1027 1403 virtute
1044 1379 1229 1409 praestanti,
1257 1379 1380 1403 Domino
1403 1379 1500 1402 sirico
1521 1379 1666 1403 Mordisio
1687 1379 1710 1402 1.
1733 1380 1761 1404 ι’.
1784 1379 1924 1411 Ductori,
1950 1379 2131 1404 Consiliario

487 1411 651 1436 Illustriss.
672 1412 822 1437 Elector-is
841 1413 992 1438 saxoniae
1011 1414 1105 1438 Ducis
1124 1413 1250 1445 Angla-sti
1270 1414 1322 1437 etc.
1370 1413 1500 1438 Patrono
1520 1421 1573 1437 suo
1593 1414 1722 1437 colendo.

179 1458 247 1482 Cum
267 1456 344 1481 filius
363 1455 435 1483 Dei,
462 1456 592 1479 Iohannis
625 1457 704 1479 sexto
735 1455 889 1480 liberaliter
908 1456 1035 1486 pavisset
1055 1457 1201 1487 populum,
1232 1455 1307 1479 iubet
1327 1455 1461 1485 reliquias
1480 1456 1563 1479 etiam
1582 1458 1680 1479 sancte
1700 1455 1849 1486 colligere,
1881 1457 1908 1479 et
1936 1455 1962 1478 in
1990 1462 2067 1479 usum
2087 1461 2133 1479 re-

75 1498 208 1517 servare:
242 1497 294 1522 qno
313 1491 442 1515 mandato
463 1491 567 1520 absque
587 1490 659 1514 omni
679 1490 851 1514 dubitatione
873 1491 934 1521 pios
953 1498 1067 1516 monere
1086 1490 1192 1520 voluit,
1224 1492 1254 1514 ut
1281 1497 1342 1514 cum
1368 1490 1503 1514 immensa
1524 1491 1646 1514 bonitate
1666 1491 1779 1514 verbum
1799 1496 1892 1519 suum,
1925 1490 2047 1513 divinum
2067 1490 2134 1513 illud

76 1527 222 1558 pabulum,
254 1532 304 1556 per
328 1531 412 1549 veros
438 1525 569 1549 doctores
597 1525 623 1548 in
644 1524 771 1548 Ecclesia
790 1526 1013 1555 dispensaverit,
1052 1527 1101 1550 hoc
1121 1531 1228 1556 quoque
1248 1526 1465 1556 gubernatorum
1485 1527 1512 1548 et
1531 1525 1688 1549 auditorum
1708 1525 1813 1548 muneri
1832 1524 2000 1552 convenire,
2032 1526 2061 1547 ut
2080 1530 2133 1548 non

78 1563 168 1586 solum
187 1562 326 1591 integrum
346 1559 490 1585 doctrinae
509 1565 610 1589 corpus
629 1560 749 1583 tideliter
768 1561 802 1583 ab
821 1560 863 1583 eis
884 1561 1031 1589 traditum,
1051 1561 1142 1591 gratis
1162 1560 1263 1584 animis
1283 1558 1503 1589 amplectantur,
1523 1566 1618 1584 verum
1638 1560 1719 1584 etiam
1739 1559 1849 1590 privata
1869 1559 2043 1587 testimonia,
2063 1559 2135 1582 alia—

77 1604 130 1627 que
147 1598 339 1625 monumenta,
365 1595 628 1624 interpretationes,
656 1595 879 1627 consolationeS,
913 1596 1032 1619 consilia
1051 1596 1134 1622 item„
1166 1596 1201 1619 ad
1221 1596 1367 1619 doctrinae
1388 1595 1621 1618 illustrationem.
1655 1596 1702 1618 aut
1722 1594 1872 1618 communis
1894 1594 1969 1618 vitae
1989 1593 2134 1617 utilitatem

77 1631 273 1661 respicientia.
299 1631 372 1654 bona
391 1629 444 1653 fide
464 1632 627 1660 reservata,
655 1629 843 1660 inviolataque
863 1632 994 1660 tanquam
1013 1628 1138 1662 κειμήλια
1158 1630 1332 1655 custodiant:
1359 1636 1410 1653 nec
1430 1629 1472 1652 sui
1493 1631 1597 1653 tantum
1617 1629 1751 1653 commodi
1770 1635 1854 1652 causa
1872 1629 1898 1652 in
1920 1628 2081 1658 praesentia
2101 1629 2134 1651 iis

76 1666 222 1694 fruantur,
248 1665 298 1688 sed
316 1665 350 1688 ad
370 1670 449 1687 usum
468 1664 643 1693 posteritatis
665 1665 690 1687 in
711 1664 845 1693 publicum
867 1666 1031 1697 proferant,
1059 1672 1092 1689 ne
1113 1667 1168 1689 tam
1186 1666 1279 1689 clarae
1299 1665 1369 1688 lucis
1391 1671 1470 1688 usum
1489 1666 1540 1688 sub
1559 1665 1677 1694 privatis
1703 1664 1854 1694 parietibus
1875 1663 2050 1693 reconditae,
2071 1662 2134 1686 aliis

78 1700 266 1730 intercipiant.

179 1743 267 1766 Aetas
287 1742 402 1769 nostra,
429 1745 482 1770 qua
503 1740 554 1764 Dei
573 1741 767 1765 misericordia
789 1743 922 1767 coelestis
942 1743 1070 1767 doctrina
1089 1750 1106 1767 a
1126 1742 1299 1766 Reverendis
1320 1742 1407 1773 viris,
1434 1742 1556 1766 Luthero
1576 1744 1603 1765 et
1625 1741 1748 1771 Philippo
1768 1741 1919 1770 repurgata
1939 1742 1998 1765 est.
2030 1740 2136 1764 abunde

79 1778 196 1809 experta
215 1778 259 1800 est
277 1776 348 1799 hanc
366 1774 418 1799 Dei
438 1776 645 1799 beneficentiam
665 1776 693 1799 iu
713 1778 840 1801 ubertate
859 1778 957 1805 verbi,
987 1779 1015 1801 et
1035 1784 1114 1802 nemo
1135 1777 1262 1807 profecto
1283 1778 1416 1801 bonorum
1437 1779 1498 1803 est,
1533 1782 1611 1806 quem
1635 1782 1686 1799 non
1707 1775 1879 1799 conscientia
1898 1774 2059 1799 convincat,
2085 1775 2136 1797 sibi

78 1814 106 1836 in
126 1811 311 1842 explicatione
336 1809 482 1834 doctrinae
512 1813 538 1833 et
566 1811 791 1834 necessariorum
812 1812 994 1836 articulorum
1014 1813 1078 1836 fidei
1097 1812 1273 1836 satisfactum
1295 1819 1367 1835 esse.
1420 1812 1456 1834 Et
1480 1812 1641 1834 confidimus
1667 1810 1739 1840 piam
1765 1809 1957 1840 posteritatem
1982 1809 2014 1832 de
2040 1810 2136 1832 horum

77 1847 202 1870 virorum
220 1845 365 1869 laboribus
386 1846 412 1867 et
432 1844 562 1874 scriptis.
591 1848 758 1868 reverenter
777 1851 845 1870 sane
871 1850 897 1870 et
918 1847 960 1876 pie
981 1847 1163 1871 indicaturam
1186 1853 1249 1870 esse
1269 1849 1296 1870 et
1319 1848 1377 1870 Deo
1397 1846 1505 1876 gratias
1524 1848 1657 1869 acturam.

180 1889 276 1920 Neque
295 1893 363 1912 vero
384 1887 435 1911 hoc
455 1887 545 1911 solum
566 1888 654 1911 nostri
675 1887 758 1911 officii
778 1895 844 1912 esse
863 1889 972 1914 iudico.
999 1895 1031 1913 eo
1051 1890 1117 1915 niti,
1146 1891 1176 1913 ut
1203 1889 1325 1920 ipsorum
1351 1889 1459 1919 publica
1485 1890 1662 1912 monumenta
1688 1887 1908 1915 conserventur,
1941 1887 1967 1909 et
1993 1886 2137 1910 doctrinae

79 1924 228 1955 explicatio
248 1929 298 1954 per
317 1928 416 1946 manus
436 1925 549 1952 accepta
568 1923 686 1946 fideliter
706 1926 894 1953 propagetur:
921 1924 970 1947 sed
989 1927 1102 1947 sanctas
1122 1925 1218 1947 horum
1238 1925 1322 1948 etiam
1341 1924 1496 1954 reliquias,
1523 1923 1650 1953 privatas
1671 1921 1778 1945 scilicet
1797 1920 1988 1944 institutiones
2008 1921 2034 1944 in
2055 1922 2137 1944 scho-

78 1959 185 1984 lasticis
204 1957 343 1990 negotiis,
369 1957 422 1980 imo
443 1962 662 1987 unamquamque
681 1964 777 1981 vocem
796 1958 866 1981 tanti
886 1964 966 1984 esse.
999 1961 1029 1982 ut
1048 1959 1152 1981 litteris
1173 1960 1335 1988 mandetur,
1362 1959 1436 1982 etad
1453 1958 1645 1988 posteritatem
1665 1956 1886 1987 transmittatur,
1913 1961 1968 1979 non
1987 1957 2042 1979 tam
2061 1956 2137 1984 ipso—

79 2001 139 2018 rum
158 1994 264 2023 famae,
291 1997 360 2022 quae
380 1997 412 2014 ex
431 1991 497 2014 aliis
516 1992 642 2021 plurimis
663 1992 816 2015 actionibus
837 1993 945 2018 clai-et.
971 1999 1050 2023 quam
1072 1993 1201 2017 utilitatis
1220 1993 1347 2023 publicae
1366 1999 1459 2017 causa.

183 2038 225 2063 Ob
243 2037 293 2060 hoc
312 2036 402 2066 ipsum
421 2035 505 2066 igitur
525 2038 632 2060 motus,
666 2042 725 2058 cum
745 2036 818 2059 inter
839 2041 973 2060 summam
993 2036 1174 2066 felicitatem,
1207 2041 1277 2066 quae
1303 2035 1367 2058 mihi
1392 2035 1419 2058 in
1446 2036 1496 2058 liae
1523 2035 1579 2057 vita
1598 2033 1759 2062 contingere
1778 2032 1884 2063 potuit,
1916 2032 2051 2056 referrem
2070 2033 2138 2056 lianc

78 2073 129 2098 Dei
148 2072 314 2101 bonitatem,
334 2070 407 2100 quod
428 2076 470 2094 me
489 2076 543 2093 nou
563 2072 670 2093 tantum
691 2071 726 2093 ad
745 2076 830 2094 verae
851 2071 995 2094 Ecclesiae
1016 2071 1178 2095 societatem
1198 2072 1349 2096 vocasset,
1369 2076 1466 2093 verum
1490 2069 1571 2092 etiam
1591 2069 1745 2092 auditorem
1765 2069 1792 2091 et
1812 2067 1993 2097 discipulum,
2013 2069 2049 2098 et,
2070 2068 2139 2097 quod

78 2109 141 2139 plus
160 2108 217 2138 est,
237 2107 266 2130 in
284 2104 411 2129 amicitia
428 2105 586 2128 Reverendi
605 2105 659 2127 viri
674 2104 790 2135 Philippi
806 2105 993 2129 Melanthonis
1017 2112 1083 2129 esse
1103 2105 1167 2129 mibi
1185 2104 1369 2135 contigisset,
1390 2110 1422 2128 ex
1442 2109 1494 2133 quo
1514 2103 1608 2126 multis
1627 2103 1708 2126 annis
1729 2104 1858 2132 tanquam
1878 2103 1911 2125 de
1930 2102 2006 2125 fonte
2025 2102 2139 2131 perenni

79 2142 188 2173 publice
206 2142 234 2165 et
252 2139 390 2171 privatim
409 2141 451 2163 tot
470 2142 628 2163 sanctarum
649 2139 851 2163 institutionum
871 2140 1012 2164 thesauris
1032 2141 1171 2171 particeps
1192 2140 1282 2163 factus
1304 2145 1373 2162 sum.
1409 2139 1509 2161 Utilem
1530 2137 1664 2167 imprimis
1685 2138 1712 2160 et
1731 2138 1839 2167 gratam
1860 2141 1970 2166 operam
1990 2136 2068 2159 bonis
2088 2142 2139 2159 na-

81 2178 209 2201 vaturum
229 2181 292 2199 esse
311 2174 392 2205 duxi,
418 2174 441 2197 si
461 2174 638 2198 doctissimas
658 2174 853 2198 enarrationes
874 2175 901 2198 in
921 2176 1043 2198 morales
1064 2175 1220 2198 sententias
1240 2172 1423 2204 Theognidis.
1463 2178 1531 2201 quas
1558 2178 1618 2195 cum
1643 2172 1736 2194 multis
1762 2172 1826 2194 aliis
1857 2177 1890 2194 ex
1915 2177 1964 2194 ore
1983 2170 2138 2194 Reverendi

79 2210 273 2242 praeceptoris
292 2209 382 2233 nostri
402 2208 430 2232 in
448 2209 598 2232 Academia
617 2209 829 2240 witelmi-gensi
851 2210 921 2234 bona
939 2209 992 2233 fide
1012 2210 1124 2240 excepi,
1152 2210 1178 2233 in
1198 2208 1334 2239 publicum
1362 2207 1534 2236 emitterem,
1570 2209 1597 2230 et
1622 2208 1663 2230 tot
1689 2206 1853 2236 optimarum
1881 2205 2138 2234 interpretationum

82 2248 110 2270 et
129 2244 355 2277 praeceptionum
374 2243 531 2267 amantibus
551 2244 697 2267 doctrinae
716 2244 822 2273 copiam
843 2245 973 2268 facerem.

186 2288 261 2311 Tuae
278 2288 370 2310 autem
387 2285 533 2315 praecipue
555 2286 795 2316 magnificentiae,
816 2286 939 2311 Clariss.
960 2287 992 2312 D.
1008 2288 1128 2314 Doctor.
1149 2288 1221 2311 hunc
1240 2287 1362 2310 libellum
1382 2285 1544 2309 adscribere
1565 2285 1656 2311 volui,
1677 2285 1747 2314 quod
1767 2284 1854 2313 ipsius
1874 2283 1931 2306 vivi
1950 2282 2092 2306 doctrinae
2112 2284 2138 2304 tc

81 2322 333 2349 studiosissimum,
360 2323 387 2344 et
406 2322 577 2344 constantem
597 2321 711 2344 amicum
732 2322 760 2344 et
779 2321 955 2345 defensorem
975 2323 1115 2352 gesseris:
1141 2324 1168 2346 et
1188 2322 1259 2352 quod
1280 2323 1326 2346 tuo
1350 2321 1472 2350 exemplo
1493 2322 1520 2343 et
1539 2320 1706 2343 auctoritate
1726 2319 1791 2342 moti
1818 2324 1897 2347 quam
1923 2317 2032 2347 plurimi
2057 2322 2138 2339 reve-

81 2360 178 2382 renter
197 2357 231 2380 de
249 2356 326 2379 hisce
346 2357 373 2378 et
393 2354 528 2378 similibus
548 2355 689 2379 laboribus
706 2355 867 2380 Reverendi
888 2356 943 2379 viri
964 2356 1083 2387 Philippi
1102 2357 1208 2381 sentire
1229 2357 1364 2387 pergant,
1402 2361 1453 2378 nec
1479 2355 1506 2379 in
1529 2355 1671 2378 doctorum
1690 2356 1717 2377 et
1737 2352 1918 2376 fanaticorum
1938 2352 2074 2374 hominum
2094 2350 2137 2373 in—

81 2393 170 2423 ceptis
188 2390 436 2416 vociferationibus
456 2389 562 2417 deiusi,
591 2390 642 2414 sibi
663 2396 697 2413 ex
716 2390 804 2414 oculis
823 2393 851 2415 et
870 2391 999 2416 manibus
1021 2394 1077 2416 tam
1097 2392 1246 2422 praeclara
1263 2392 1440 2414 monumenta
1461 2389 1624 2412 subtrahere
1642 2388 1799 2418 patiantur,
1832 2388 1858 2410 et
1882 2385 2012 2415 paulatim
2039 2385 2138 2407 barba-

81 2428 152 2452 riem
171 2426 294 2450 recentis
315 2424 430 2449 Ordinis
453 2424 605 2447 vicinorum
624 2425 851 2454 hypocritarum,
876 2427 904 2449 in
926 2426 1016 2450 locum
1035 2426 1130 2451 subire
1148 2426 1261 2453 sinant,
1293 2431 1354 2448 cum
1371 2424 1491 2449 maximo
1511 2424 1651 2453 ipsorum,
1685 2424 1711 2446 et
1732 2421 1816 2453 (quod
1837 2420 1879 2444 Dii
1898 2420 2042 2445 avertant)
2070 2419 2137 2441 reh-

82 2461 175 2493 gionis
193 2461 372 2484 detrimento.
410 2459 449 2482 Tu
469 2464 537 2481 vero
559 2460 673 2488 propter
692 2459 874 2484 excellentem
895 2460 1051 2485 doctrinam
1071 2463 1098 2485 et
1118 2460 1249 2484 virtutem
1269 2459 1369 2490 optime
1388 2458 1541 2486 intelligis.
1575 2458 1704 2487 quantuni
1731 2457 1809 2479 buius
1836 2453 1889 2477 viri
1909 2454 2018 2491 labores
2038 2453 2064 2475 in
2084 2453 2137 2476 Ec-

83 2496 170 2520 clesia
187 2495 239 2519 Dei
259 2497 286 2518 et
306 2494 360 2524 piis
379 2493 484 2517 scholis
505 2493 682 2517 emolumenti
702 2495 944 2524 comparaverint,
974 2497 1001 2519 et
1021 2498 1151 2526 quantum
1171 2493 1283 2519 intersit
1302 2494 1373 2517 tales
1393 2493 1503 2517 libellos
1524 2493 1654 2522 proponi,
1680 2493 1706 2514 in
1727 2491 1823 2520 quibus
1843 2489 2030 2511 doctrinarum
2050 2487 2138 2516 picta-

85 2531 122 2554 tis
146 2531 174 2554 et
199 2528 312 2553 virtutis
334 2528 443 2552 semina
461 2528 621 2557 incorrupte
641 2530 667 2550 et
688 2527 834 2557 perspicue
853 2529 1010 2553 traduntur.
1072 2530 1132 2554 Non
1152 2529 1238 2561 igitur
1258 2528 1366 2557 dubit-o,
1399 2527 1464 2558 quin
1484 2528 1554 2550 hunc
1574 2528 1711 2553 laborem,
1745 2530 1822 2554 quem
1844 2523 1868 2545 in
1889 2527 2056 2545 communem
2076 2522 2137 2543 stu—

87 2565 196 2589 diorum
213 2570 291 2588 usum
312 2563 439 2593 institui,
463 2565 509 2585 tua
532 2562 737 2593 magnificentia
756 2563 836 2593 aequi
854 2564 973 2594 bonique
992 2565 1156 2589 consultura
1176 2563 1221 2587 sit.
1259 2564 1333 2587 Bene
1353 2563 1430 2587 vale:
1457 2562 1546 2586 Datae
1566 2561 1748 2590 witebergae
1768 2559 1807 2581 15.
1829 2557 1958 2580 Novemb.
1977 2555 2118 2580 §Lunx

1186 2607 1214 2631 T.
1234 2606 1350 2637 Magnis.

1500 2639 1599 2663 addict.

1721 2669 1855 2693 lohannes
1877 2666 1965 2691 Maior
1985 2666 2015 2691 D.

1508 2706 1568 2741 4*
