2421 3005
100 96 121 129 8
130 95 141 127 1
490 89 678 126 LXXVIII.

94 175 254 226 labore.]
279 176 435 223 Quando
454 182 488 210 te
504 175 680 221 pertraxit
699 175 736 209 in
751 177 887 211 malum
904 177 1102 222 negotium,
1127 206 1130 213 .

93 244 168 265 non
186 229 321 275 poterit
338 241 455 275 neque
471 229 567 262 volet
585 235 617 261 te
635 228 801 268 liberare,
830 242 946 276 neque
966 227 1101 264 habens

92 284 207 321 hona,
242 281 308 314 tibi
334 281 569 325 participare,
605 280 668 313 tibi
694 280 901 325 impartire,
940 294 1100 315 commu-

93 335 213 368 nicare
229 333 318 366 illud
337 333 472 366 bonum
492 332 598 365 volet.

195 393 273 427 Vss.
294 391 378 427 105.
399 393 483 427 106.
512 393 755 426 Benefacienti
781 393 883 426 malis
912 400 963 426 est
982 394 1098 427 vanis—

91 447 178 481 sima
207 446 341 488 gratia,
377 445 446 478 tale
471 451 521 478 est
545 444 722 478 seminare
748 443 922 492 pontum]
959 443 1099 490 Phocy-

91 498 179 532 lides
188 497 253 543 69);

142 555 214 604 Μὴ
230 555 349 593 κακὸν
374 554 414 592 εὖ
439 555 616 603 ὲ’ρξῃς70>·
647 553 808 603 σπείρειν
832 557 915 591 ἴσον
942 555 1019 591 ἔστ’
1045 554 1099 592 ἐνὶ

550 604 558 617 Ι

511 620 652 654 ποντῳ.

139 668 180 702 In
202 668 353 714 privatis
376 674 494 714 potest
515 667 654 707 vitiari,
683 668 743 701 sed
763 668 805 700 de
836 667 988 712 publicis
1012 667 1097 700 dicit

90 720 337 766 Salomon⁷¹):
374 720 479 754 Mitte
504 732 635 764 panem
654 726 755 752 tuum
775 719 812 751 in
831 731 962 765 aquas,
995 726 1028 752 ct
1046 726 1096 752 ta-

89 785 172 807 men
190 772 352 818 recipies.
407 771 469 806 Est
488 771 686 805 consolatio
704 771 742 803 in
766 771 961 805 aerumnis.
1012 771 1094 805 Non

91 825 158 858 erit
173 824 337 864 irritum,
366 823 504 857 etiamsi
529 823 671 867 ingrato
698 823 934 861 benefeceris,
971 822 1006 854 id
1031 829 1093 863 est,

89 876 224 910 semina
246 887 466 921 quamquam
485 874 652 919 ingratis,
689 881 811 908 tamen
836 875 1004 919 recipies,
1040 887 1094 908 re-

89 928 180 962 dibit
197 927 311 972 gratia
323 954 332 968 ,
359 927 389 961 si
407 927 503 960 voles
520 927 728 960 benefacere
744 924 885 960 homini
908 927 1093 960 scelerato.

89 980 262 1014 Salomon
277 978 439 1025 loquitur
458 980 500 1012 de
525 978 677 1023 publicis
698 975 897 1019 beneficiis,
928 977 1095 1023 Phocyli-

89 1033 149 1066 des
168 1033 211 1065 de
229 1030 392 1076 privatis.

189 1091 250 1126 Vs.
267 1090 351 1125 107.
380 1090 505 1136 Neque
524 1090 637 1135 possis
656 1097 788 1124 metere
805 1091 1022 1135 profundam
1042 1101 1093 1122 se-

93 1141 242 1191 getem]
270 1141 309 1176 Id
336 1149 406 1183 est,
444 1143 532 1175 altas
558 1143 676 1185 fruges
707 1142 887 1175 seminans
922 1141 957 1174 in
989 1141 1093 1177 mari,

88 1207 205 1242 neque
231 1194 458 1228 benefaciens
482 1193 586 1226 malis
610 1194 760 1238 recipies
787 1195 936 1226 bonum.
1005 1192 1093 1224 Mali

88 1245 223 1280 habent
239 1245 512 1280 insaturabilem
530 1245 704 1278 animum.
756 1244 879 1290 Aliqui
895 1250 994 1284 sunt,
1032 1243 1094 1288 qui

89 1304 231 1332 tantum
248 1298 376 1331 volunt
396 1296 556 1340 accipere
569 1323 577 1336 ,
607 1302 667 1329 aut
685 1296 813 1341 quibus
831 1297 932 1329 dulce
959 1302 1010 1328 est
1038 1307 1093 1327 ac-

88 1349 226 1394 cipere,
257 1354 292 1381 et
306 1346 398 1380 nihil
414 1348 585 1386 reddere,
621 1347 694 1380 imo
720 1360 786 1391 pro
814 1346 995 1380 beneficiis
1019 1358 1093 1378 ma-

88 1402 161 1434 lam
171 1399 325 1445 gratiam
334 1399 484 1432 reddere
494 1405 527 1431 et
537 1410 688 1431 concaca
695 1411 730 1431 re
743 1411 825 1433 suos
835 1399 1093 1432 benefactores.

88 1452 186 1486 Haec
200 1452 292 1485 fiunt
310 1450 551 1484 communiter
568 1450 605 1482 in
622 1450 708 1483 vita.

191 1511 252 1546 Vs.
272 1511 356 1545 110.
383 1510 553 1544 Priorum
575 1510 738 1544 omnium
765 1510 874 1544 effusa
902 1517 953 1544 est
980 1510 1092 1555 gratia

89 1571 123 1598 et
139 1565 206 1598 ben
212 1560 424 1610 evolentia.]

193 1624 263 1648 Sunt
282 1622 423 1654 homines,
443 1621 566 1646 humeris
586 1627 655 1652 quos
676 1620 701 1644 si
721 1621 782 1651 quis
803 1621 894 1651 gestet
911 1621 946 1644 ad
966 1621 1060 1645 urbem

263 1664 433 1696 Ausoniam,
460 1664 555 1688 domiti
576 1669 645 1694 quae
663 1666 745 1694 caput
764 1664 840 1687 orbis
861 1665 938 1694 erat,

192 1708 249 1732 Nec
267 1709 360 1731 tamen
379 1708 414 1731 ad
432 1709 541 1737 portam
561 1707 666 1737 placide
686 1707 804 1736 deponat
823 1707 952 1737 eosdem,

265 1750 364 1774 Gratia
382 1749 531 1780 praeteriti
550 1750 627 1773 nulla
645 1749 750 1773 laboris
770 1750 832 1774 erit.

142 1794 232 1828 Item
255 1794 293 1827 in
312 1794 484 1828 Cicerone
508 1799 560 1827 est
585 1791 653 1826 hoc
681 1793 834 1826 dictum:
887 1794 994 1838 Quod
1021 1795 1095 1838 pla-

92 1853 146 1880 cet
177 1846 444 1885 obliviscimur,
474 1846 571 1890 quod
599 1845 697 1877 dolet
712 1845 955 1880 meminimus.
1015 1847 1095 1881 Qu:

93 1899 194 1935 ciuem
209 1907 275 1934 nou
291 1896 424 1944 &algen
439 1896 541 1941 bitfft.
569 1898 623 1932 bet·
639 1895 729 1941 bitft't
744 1897 846 1932 ciuem
864 1897 983 1933 iniebet
1000 1899 1095 1932 bran.

91 1948 322 1996 Phocylides:

146 2008 216 2056 Μὴ
249 2007 360 2057 φίλον
399 2006 579 2055 ἔχθαίρῃς
622 2004 840 2054 ἆμαρτάδος
880 2007 1000 2042 εἵνεκα
1035 2020 1096 2051 μι-

505 2058 662 2107 wisa)-

144 2122 242 2155 Haec
264 2121 338 2155 vita
362 2132 437 2154 non
456 2119 531 2152 abit
556 2119 631 2153 sine
657 2119 805 2159 erratis,
837 2118 1096 2152 offensionibus

95 2181 130 2208 et
143 2173 320 2218 lapsibus,
348 2172 456 2205 ctiam
483 2170 571 2204 boni
595 2169 728 2203 habent
753 2183 836 2204 suos
862 2171 1002 2215 lapsus,
1036 2170 1096 2204 sed

95 2225 283 2260 sanabiles.
330 2220 497 2257 Ἀκεσῑαὶ
520 2220 560 2256 δὲ
585 2221 716 2269 φρένες
739 2222 888 2257 ἐσθλῶν
914 2222 999 2255 dicit
1025 2221 1097 2254 Ho-

76 2275 284 2322 ¹merus⁷3).
337 2273 597 2318 Ignoscendum
623 2280 674 2307 est
697 2274 929 2308 sanabilibus.
982 2272 1096 2307 Iustus

130 2369 178 2398 69)
197 2365 470 2396 Pseudophocylides
496 2371 538 2389 vs.
556 2366 615 2391 141.
640 2367 690 2391 Ed.
718 2366 804 2391 Gaisf.
831 2367 948 2396 [Poetae
976 2366 1096 2390 minores

166 2403 271 2434 graeci.
295 2402 345 2426 Ed.
365 2400 505 2425 Gaisford.
532 2401 629 2424 Vol.1.
654 2408 679 2431 p.
696 2401 827 2431 455.)‚et
852 2402 952 2432 Bergk.
979 2401 1097 2429 (Poetae

165 2437 250 2469 lyrici
268 2435 371 2468 graeci.
391 2442 416 2465 p.
434 2435 518 2462 35¹]-

131 2480 179 2512 ⁷⁰)
199 2479 291 2513 ἔρξῃς]
310 2479 352 2502 sic
370 2478 419 2502 Ed.
437 2478 510 2501 1560.
531 2478 560 2500 et
579 2477 686 2503 Gaisf.:
713 2479 813 2508 Bergk,
837 2476 921 2511 3053&-

133 2523 182 2552 71)
200 2522 388 2548 Ecclesiastes
412 2522 452 2549 11,
476 2522 497 2545 1.

134 2567 182 2598 72)
200 2565 312 2599 μικρῆς]
333 2565 382 2589 Ed.
402 2564 476 2588 ¹560.
494 2565 519 2588 h.
538 2564 555 2586 l.
576 2564 663 2587 male:
690 2564 791 2595 μικροῦ
811 2566 896 2593 (conf.
918 2564 1021 2596 p.98.).
1052 2564 1099 2588 llic

170 2607 270 2624 versus
294 2601 321 2624 in
346 2599 505 2629 Phocylidis
530 2598 709 2628 reliquiarum
728 2600 810 2623 Editt.
837 2600 926 2624 Gaisf.
952 2602 979 2623 et
998 2599 1098 2630 Bergk.

172 2641 256 2665 snpra
274 2634 394 2658 laudatis
414 2640 467 2657 non
487 2633 634 2657 invenitur.

135 2677 282 2737 Ὶῧῖῃῐέῗὲῃ.
302 2678 332 2701 ll.
349 2676 422 2707 xm,
444 2676 517 2706 ¹15.‚
542 2675 585 2698 ubi
604 2678 693 2699 autem
715 2683 763 2706 pro
782 2674 809 2699 δὲ
831 2677 931 2707 legitur
951 2684 989 2700 τοι
1008 2678 1033 2700 in
1050 2677 1100 2704 Ed.

105 2752 291 2784 Mum-vm.
316 2752 422 2782 Orza.
447 2751 531 2781 Vm..
555 2750 643 2780 XIX.

733 88 1024 125 EXPLICATIO
1060 89 1446 127 SENTENTIARUM
1481 90 1786 129 THEOGNIDIS.

2117 101 2164 136 82

1159 178 1192 210 in
1214 178 1390 224 principio
1410 185 1461 213 est
1478 185 1663 213 accusator
1681 181 1747 214 sui.
1801 181 1885 216 'Non
1910 189 1961 217 est
1989 184 2100 219 iustus
2125 185 2162 219 in

1157 236 1271 270 terra,
1301 231 1362 276 qui
1381 231 1471 264 bene
1488 231 1607 271 faciat,
1634 237 1667 264 et
1685 244 1758 265 non
1778 241 1895 276 peccet
1915 233 2161 282 (Ecclesiastes

1156 281 1190 319 7,
1207 282 1300 333 21).
1366 282 1531 316 Primum
1556 282 1623 317 sibi
1650 284 1749 316 domi
1775 284 1870 319 intus
1892 287 2003 330 sapit,
2038 295 2160 332 postea

1154 334 1259 372 foris,
1289 341 1323 367 et
1340 341 1463 379 postea
1483 334 1616 368 iudicat
1637 334 1739 368 alios.

1260 394 1336 428 Vss.
1358 395 1441 429 111.
1461 396 1546 430 112.
1574 394 1681 435 Boni,
1710 396 1859 440 integri,
1887 395 2048 436 honesti,
2077 411 2158 432 can-

1153 444 1228 476 didi
1256 446 1425 480 fruuntur
1456 458 1588 491 magna
1621 459 1662 479 ex
1687 453 1789 491 parte
1817 448 2029 492 accipientes
2052 451 2158 483 bene-

1153 497 1290 537 ficium,
1327 495 1460 531 habent
1485 498 1718 538 memoriam,
1757 499 1913 532 retinent
1943 502 2157 535 memoriam

1153 554 1186 580 et
1211 550 1361 591 gratiam
1386 549 1542 597 postea.]
1585 550 1778 583 Gratitudo
1812 557 1863 585 est
1891 552 2022 586 veritas
2048 559 2081 585 et
2104 554 2157 585 iu-

1152 599 1258 634 stitia.
1327 600 1467 635 Veritas
1496 602 1621 635 tribuit
1650 602 1822 635 beneficia
1856 603 1944 641 illis,
1983 616 2001 636 a
2027 604 2155 648 quilius

1151 658 1234 684 sunt
1253 658 1415 696 accepta,
1451 659 1484 685 et
1508 653 1640 686 iustitia
1667 654 1801 697 obligat
1825 654 1977 688 vicissim
2007 656 2049 687 ad
2079 668 2154 688 niu-

1151 710 1249 736 tuam
1266 704 1568 738 benevolentiam.

1253 763 1329 797 Vss.
1350 764 1576 798 113—117.
1606 764 1799 810 Nunquam
1819 766 1926 799 facias
1944 767 2076 799 malum
2098 780 2152 800 so·

1149 815 1264 855 cium,
1293 816 1469 854 amicum,
1497 817 1556 849 sed
1575 828 1715 860 semper
1732 817 1865 857 fugito,
1901 818 1989 850 sicut
2017 819 2152 852 malum

1148 873 1307 911 portum.
1362 867 1467 900 Multi
1485 873 1566 900 sunt
1585 867 1671 901 socii
1691 868 1757 900 cibi
1779 874 1811 900 et
1832 875 1956 912 potus,
1984 869 2020 901 in
2045 881 2153 913 nego-

1148 918 1198 951 tio
1216 919 1309 952 serio
1328 919 1526 962 pauciores.
1578 917 1675 952 Nhil
1694 919 1870 952 difficilius
1888 932 1994 965 quam
2021 933 2151 964 cogno-

1147 983 1243 1003 scere
1269 971 1385 1003 virum
1412 969 1602 1017 fucatum]
1631 969 1834 1016 κίβδηλον,
1869 971 1903 1003 id
1935 977 2002 1011 est,
2040 971 2151 1016 salsebe

1148 1022 1284 1066 §.Wl'infgf
1311 1023 1512 1056 adulterina
1533 1029 1689 1056 moneta.
1753 1022 1818 1055 Hic
1841 1022 2015 1066 significat
2038 1022 2149 1069 hypo-

1148 1075 1293 1113 critam,
1323 1075 1476 1107 amicum
1496 1075 1666 1107 fucatum.
1722 1072 1955 1108 Theocritus:

1199 1131 1378 1168 Χαλεπὸν
1396 1131 1432 1168 δ’
1451 1131 1579 1179 ἑτέρου
1598 1131 1687 1167 roem
1705 1131 1853 1178 ἴδμεναι
1873 1131 2023 1179 ἀνδρός.

1147 1193 1299 1227 Difficile
1330 1200 1380 1227 est
1401 1193 1547 1227 alterius
1571 1199 1728 1226 mentem
1754 1205 1912 1227 noscere.
1976 1193 2116 1227 Latelm
2133 1208 2149 1227 e

1148 1245 1302 1290 pectoris
1320 1251 1402 1277 sunt
1420 1245 1603 1278 abstrusae
1628 1251 1661 1277 et
1678 1245 1898 1288 profundae,
1933 1257 2005 1277 non
2030 1246 2149 1279 statim

1148 1303 1297 1341 possunt
1316 1296 1431 1328 evolvi
1448 1302 1592 1340 pectora
1608 1322 1616 1335 ‚
1653 1306 1729 1330 mem
1752 1296 1812 1330 fan
1836 1297 1920 1339 nicht
1946 1297 2020 1332 balb
2047 1297 2150 1341 seben.

1147 1351 1220 1383 ἱὉαὲ)
1238 1349 1351 1392 binbct·
1368 1349 1470 1383 ciuem
1487 1346 1585 1388 stecft.
1641 1347 1708 1381 Sed
1733 1348 1955 1381 occasionem
1983 1349 2151 1393 introspi-

1148 1400 1263 1432 ciendi
1283 1398 1446 1433 homines
1466 1406 1607 1443 tempus
1629 1399 1743 1443 ipsum
1771 1399 1918 1443 praehet
1941 1405 1973 1431 et
1998 1400 2150 1434 varietas

1146 1451 1375 1495 negotiorum
1389 1478 1397 1489 ,
1426 1452 1484 1484 sed
1503 1463 1577 1483 non
1596 1457 1711 1495 potest
1729 1450 1803 1483 fieri
1821 1451 1950 1484 subito·
2047 1481 2060 1493 ,

1251 1503 1345 1538 Nota
1374 1509 1425 1536 est
1446 1501 1595 1541 historia
1621 1502 1663 1535 de
1688 1502 1833 1542 Momo,
1869 1503 2014 1548 quando
2040 1509 2150 1535 certa-

1149 1562 1279 1588 verunt
1308 1556 1350 1588 de
1385 1560 1460 1588 arie
1491 1554 1628 1593 Pallas,
1666 1553 1848 1587 Vulcanus
1884 1561 1917 1587 et
1951 1553 2150 1598 Neptunus.

1148 1607 1336 1651 Neptunus
1361 1605 1442 1639 fecit
1468 1612 1632 1644 taurum,
1674 1605 1793 1638 Pallas
1819 1606 1988 1645 domum,
2022 1604 2151 1638 Vulca-

1148 1671 1214 1692 nus
1238 1656 1444 1697 hominem,
1488 1656 1543 1690 his
1572 1657 1639 1689 fuit
1660 1655 1841 1690 adhibitus
1866 1657 2009 1690 Munius
2033 1657 2149 1696 iudex,

1150 1710 1262 1756 quiin
1282 1717 1385 1743 tauro
1406 1707 1647 1753 reprehendit,
1677 1710 1772 1754 quod
1792 1720 1924 1741 cornua
1943 1720 2015 1741 non
2035 1715 2150 1741 essent

1148 1761 1263 1806 posita
1285 1762 1364 1793 loco
1380 1761 1586 1794 firmissimo
1603 1761 1639 1792 in
1656 1758 1812 1794 thorace.
1847 1758 1885 1792 ln
1905 1761 2012 1792 domo
2032 1760 2148 1793 nescio

1149 1813 1236 1859 quid
1259 1810 1502 1857 reprehendit.
1570 1810 1608 1844 In
1634 1810 1779 1844 homine
1807 1809 1874 1844 hoc
1907 1808 2149 1855 reprehendit,

1149 1866 1245 1910 quod
1266 1870 1386 1909 pectus
1403 1876 1476 1897 non
1495 1870 1583 1897 esset
1598 1865 1828 1896 fenestratum
1843 1888 1851 1901 ,
1888 1865 1948 1897 ῠαὸ
1963 1862 2077 1907 ςεῷὅΐῐ
2094 1864 2148 1897 ba:

1147 1917 1224 1960 bin.
1259 1923 1298 1949 ut
1322 1913 1488 1950 homines
1513 1927 1586 1948 non
1612 1915 1733 1947 vivant
1758 1913 1971 1952 bestialiter,
2005 1914 2065 1946 sed
2088 1914 2149 1946 ad-

1148 1965 1297 2000 hibeant
1313 1967 1535 2010 diligentiam
1558 1967 1594 1999 in
1622 1965 1858 1999 diiudicandis
1882 1963 2069 1998 hominum
2095 1965 2148 1997 in-

1150 2018 1281 2062 geniis,
1329 2031 1409 2050 cum
1445 2019 1574 2064 quibus
1609 2023 1888 2055 conversantur,
1931 2018 1993 2051 mit:
2027 2015 2149 2059 'mfisft‘n

1149 2070 1287 2114 bennod)
1305 2070 1354 2114 bie
1371 2070 1429 2113 bet)
1445 2071 1600 2104 einanbet
1617 2071 1676 2104 mit
1692 2069 1808 2104 Politen
1829 2068 2020 2113 umbgeben.
2063 2067 2146 2100 Ideo

1149 2121 1236 2156 haec
1253 2121 1435 2163 diligentia
1455 2128 1488 2153 et
1506 2121 1694 2164 prudentia
1719 2120 1755 2152 in
1782 2120 1964 2153 communi
1989 2119 2059 2150 rita
2087 2131 2147 2151 ne-

1150 2174 1299 2208 cessaria
1326 2180 1388 2206 est.
1450 2172 1605 2216 Oportet
1626 2169 1808 2204 hominem
1834 2171 1975 2210 videre,
2010 2183 2053 2202 ne
2078 2169 2148 2203 sint

1151 2227 1245 2259 intus
1263 2225 1420 2258 latrones
1436 2230 1469 2256 ct
1487 2223 1685 2267 parricidae
1705 2223 1754 2255 illi
1767 2250 1776 2262 ‚
1810 2235 1888 2255 cum
1914 2221 2041 2267 quibus
2065 2233 2148 2254 con-

1150 2283 1323 2310 versatur.
1375 2275 1576 2319 Antigonus
1592 2274 1692 2308 iussit
1715 2273 1906 2307 sacrificari
1930 2285 1995 2317 pro
2020 2285 2076 2311 se,
2111 2277 2149 2305 ut

1150 2330 1247 2362 Deus
1265 2328 1381 2372 ipsum
1399 2327 1603 2360 defenderet
1621 2327 1665 2358 ab
1681 2325 1824 2365 amicis,
1861 2324 1943 2369 quia
1969 2336 2004 2357 se
2030 2323 2148 2355 defen-

1150 2393 1272 2415 sururn
1290 2392 1326 2413 se
1344 2380 1459 2423 ipsum
1477 2379 1645 2411 adversus
1663 2377 1826 2410 inimicos
1845 2383 1907 2409 etc.
1936 2375 2024 2408 Sunt
2043 2374 2121 2407 ioci.

1254 2438 1313 2473 Vs.
1338 2439 1419 2472 118.
1461 2435 1560 2472 Nihil
1596 2437 1709 2482 pluris
1745 2443 1797 2470 est
1831 2434 2030 2468 faciendum
2067 2444 2148 2465 cau-

1151 2489 1281 2538 tione.]
1316 2489 1355 2523 Id
1380 2496 1450 2529 est,
1493 2489 1674 2531 diligentia
1689 2516 1696 2528 ‚
1733 2486 1942 2532 prudentia,
1979 2496 2069 2528 quae
2097 2489 2149 2517 est

1152 2544 1258 2576 etiam
1275 2541 1475 2575 adhibenda
1493 2541 1529 2573 in
1550 2541 1606 2573 illa
1626 2547 1726 2584 parte
1750 2539 1860 2577 vitae,
1898 2536 1933 2568 in
1960 2535 2075 2574 victu,
2111 2535 2147 2566 in

1153 2595 1422 2628 conversatione
1440 2590 1640 2625 hominnm.

1255 2645 1314 2679 Vs.
1334 2644 1463 2679 119-
1478 2643 1559 2678 124.
1592 2644 1729 2676 Aurum
1758 2638 1996 2672 adulterinum
2021 2646 2073 2671 est
2096 2644 2148 2670 to-

1152 2698 1319 2735 lerabile,
1347 2703 1380 2729 et
1398 2693 1662 2739 deprehendere
1687 2693 1919 2735 imposturam
1943 2688 2043 2722 facile
2070 2688 2147 2720 viro

1616 2744 1637 2776 6
