2421 3005
101 101 178 137 417

97 199 183 222 men
199 184 337 219 accedit
356 185 492 230 agnitio
512 185 704 232 quaedam.

97 246 134 273 et
152 238 300 272 canibus
317 243 369 271 est
387 249 518 282 magna
537 237 716 282 cogniti03
756 238 840 271 item
867 238 904 271 in
929 238 1107 271 leonibus.

96 289 202 325 Scitis
217 288 409 324 historiam
433 291 478 323 de
501 289 626 331 leone,
664 290 727 335 qui
742 289 884 324 Romae
910 297 1108 334 agnoverat

95 355 202 378 suum
218 342 401 375 medicum
420 341 458 375 in
476 341 582 376 circo.
637 341 731 375 Nam
750 342 849 376 leoni
878 342 964 375 olim
992 348 1108 375 extra-

94 399 198 429 xerat
213 393 355 439 spinam
368 420 377 435 ‚
406 399 441 427 et
458 406 538 427 cum
555 399 680 439 postea
698 394 798 427 leoni
817 393 976 428 obiectus
1005 399 1107 434 esset,

94 452 136 481 ut
161 445 442 486 dilaceraretur,
483 445 540 479 leo
574 458 649 478 non
680 446 807 480 nocuit
830 452 896 480 etc.
965 444 1012 479 Et
1041 457 1105 490 ego

93 497 220 532 audivi
244 497 448 543 principem
472 497 722 538 Fridericurn,
753 498 817 544 qui
834 498 1106 544 Heydelbergae

91 548 281 594 regnavit,
307 549 475 581 educasse
501 549 638 583 catulos
661 550 832 590 leonum,
861 550 923 596 qui
942 551 1106 583 comede-

93 606 182 634 runt
199 599 243 632 de
257 598 371 643 ipsius
390 611 526 633 mensa.
578 598 669 632 Item
689 599 818 634 habuit
835 614 956 636 secum
983 601 1023 635 in
1047 613 1106 635 cu-

92 651 235 691 biculo,
264 656 300 683 et
314 656 439 684 tamen
458 650 538 685 aliis
556 657 774 685 nocuerunt.

196 701 260 736 Vs.
277 700 339 736 54.
366 703 513 747 Libani]
542 703 579 736 id
595 709 666 743 est,
693 703 896 747 degustant.

196 753 259 788 Vs.
276 754 338 788 60.
367 755 516 801 IVubem]
539 754 577 788 id
591 760 664 795 est,
692 755 810 799 ipsum
830 766 973 799 agmen.

199 805 262 842 Vs.
290 805 352 842 62.
392 807 486 852 Huc]
528 806 566 840 id
602 812 673 847 est,
716 807 764 840 ad
801 806 862 840 illa
896 807 997 847 loca,
1033 817 1104 851 qua

92 859 232 894 volant.

196 909 259 945 Vs.
279 910 340 945 63.
368 911 573 955 Meliphylla
583 908 635 958 5)]
664 909 701 943 id
721 916 791 951 est,
817 909 983 950 Melissa,
1011 914 1106 942 mut-

95 962 274 998 terkraut.
328 961 392 996 Est
409 963 512 996 valde
533 962 665 996 nobilis
689 960 803 996 herba
831 969 866 996 et
890 961 1105 996 mulieribus

94 1014 214 1056 utilis,
243 1020 277 1048 et
293 1013 331 1047 in
349 1014 518 1048 remediis
542 1015 742 1048 memoriae
768 1014 977 1060 praecipua.
1041 1013 1106 1047 Est

91 1064 227 1107 herba,
254 1079 347 1113 quae
366 1066 537 1100 convenit
555 1067 606 1100 illi
625 1067 781 1112 sapienti
800 1073 953 1101 naturae
981 1077 1104 1110 apum.

94 1119 270 1164 cerinthe]
306 1118 343 1152 id
368 1125 440 1160 est,
475 1118 592 1152 lilium
620 1119 861 1160 convallium,
894 1117 1106 1164 meyenblu-

91 1171 259 1216 meleyn,
287 1183 511 1217 quamquam
529 1183 606 1204 non
622 1172 811 1205 confirmo.
855 1170 920 1204 Est
938 1169 1104 1203 omnium

92 1222 226 1257 florum
242 1222 383 1266 primus
395 1250 404 1263 ,
432 1223 553 1256 statim
572 1222 610 1255 in
626 1223 807 1268 principio
826 1223 921 1256 veris
939 1221 1074 1267 prodit.

195 1273 258 1308 Vs.
277 1273 339 1309 64.
375 1275 450 1320 Gie]
486 1275 523 1308 id
547 1281 619 1316 est,
651 1275 768 1320 pulsa.
881 1271 1032 1320 Matris]
1069 1273 1107 1306 id

95 1331 169 1363 est,
196 1325 352 1366 Cyhelis.
862 1348 865 1352 .

196 1371 259 1408 Vs.
271 1372 332 1406 68.
351 1374 500 1417 Reqibus
516 1372 748 1422 incessitJAb
766 1373 974 1420 incesso⁵a)‚
1007 1375 1106 1420 quod

93 1424 245 1458 verbum
261 1424 408 1458 additur
424 1425 636 1460 nominibus
659 1427 866 1461 affectuum.
930 1427 1107 1460 Aristote-

58 1491 61 1493 >
91 1477 143 1511 les
157 1476 246 1510 dicit
269 1488 353 1522 apes
376 1476 464 1511 foris
485 1490 604 1524 neque
630 1491 833 1524 provocare
859 1479 929 1512 alia
957 1479 1106 1520 insecta,

759 186 928 220 Profecto
949 187 987 219 in
1008 186 1108 232 equis

91 1578 144 1614 Ita
163 1581 282 1616 bonus
307 1580 395 1615 civis
418 1581 524 1615 debet
548 1595 711 1628 pugnare
738 1595 804 1628 pro
830 1583 971 1628 patria,
1009 1595 1106 1616 eam-

93 1644 164 1678 que
182 1633 298 1673 tueri,
325 1645 401 1666 non
420 1635 548 1677 procul
567 1648 742 1681 quaerere
760 1636 965 1670 latrocinia.

93 1681 242 1718 tarchus
257 1683 365 1717 etiam
387 1693 576 1728 comparat
592 1688 855 1732 rempublicam
874 1688 1021 1733 apibus,
1051 1688 1106 1720 in·
1132 1715 1134 1724 .

95 1735 242 1782 quiens:
271 1735 372 1769 Sicut
387 1738 535 1782 quando
553 1750 638 1783 apes
663 1740 899 1783 egrediuntur
926 1740 1003 1774 sine
1029 1752 1105 1773 ma·

94 1799 166 1832 gno
185 1799 395 1829 murmure,
424 1788 567 1833 signum
585 1796 637 1824 est
653 1790 742 1824 boni
759 1797 890 1825 status:
921 1791 970 1824 ita
990 1804 1105 1837 quan-

93 1840 142 1872 do
159 1838 199 1872 in
214 1840 400 1884 republica
419 1853 494 1874 non
511 1849 595 1876 sunt
613 1842 737 1887 magni
756 1843 952 1884 tumultus,
989 1850 1023 1876 et
1040 1841 1105 1876 ho·
1132 1881 1134 1884 y

91 1890 209 1926 mines
228 1892 480 1934 consentiunt,
508 1900 593 1927 tunc
616 1895 758 1938 signum
784 1902 836 1929 est
860 1895 950 1928 bene
975 1895 1107 1929 consti·
1132 1891 1134 1919 ἶ

365 1945 423 1978 Sic
442 1944 624 1980 Homerus
647 1947 755 1980 tertio
774 1946 906 1980 Iliados
930 1948 973 1980 de
992 1948 1105 1981 Grae·
1132 1940 1134 1981 ἶ

93 2006 219 2027 corum
244 1996 403 2027 exercitu
426 1995 564 2040 inquit:
607 1998 733 2029 Tacite
767 1999 1015 2041 procedebant
1043 2000 1107 2033 ob-
1132 2021 1134 2024 ·

93 1942 162 1977 tuti
177 1949 303 1979 status.

93 2049 290 2079 servantes.

196 2094 258 2130 Vs.
276 2095 337 2130 70.
371 2099 528 2143 Namque
554 2099 743 2144 morantes]
781 2098 816 2131 id
842 2105 914 2141 est,
955 2101 1105 2145 quando

1019 1635 1105 1669 Plu-
1132 1619 1135 1657 l

576 96 797 135 LXXXVIII.
850 100 1139 135 ENARRATIO
1171 97 1459 133 GEORGICON
1495 97 1704 133 VIRGILII.

1133 1454 1135 1481 3
1160 1433 1250 1462 tum.

2098 98 2172 135 418

1162 185 1249 219 bent
1275 187 1437 225 aculeos,
1474 186 1535 219 sed
1560 196 1636 218 non
1660 191 1835 225 utuntur,
1873 186 1957 230 quia
1978 186 2085 230 'reges
2113 186 2172 219 de-

1162 238 1248 271 bent
1274 250 1348 272 esse
1376 238 1590 278 clementes,
1625 244 1691 272 etc.
1797 239 1992 285 Apiumque
2014 239 2172 284 lacertos]

1161 289 1355 330 Lacertus,
1400 290 1493 322 oben
1517 291 1580 324 das
1604 289 1689 322 dick
1715 302 1772 322 am
1803 302 1901 330 arm,
1946 291 2039 323 idem
2073 292 2171 336 quod

1162 341 1356 376 musculus.
1410 341 1592 374 Dicuntur
1609 347 1728 374 autem
1747 341 1902 375 lacertus
1929 348 1964 375 et
1988 343 2171 376 musculus

1161 393 1210 427 sic
1233 407 1250 427 a
1278 394 1405 437 figura.
1459 392 1506 426 Et
1534 392 1774 426 certissimum
1801 400 1852 427 est
1879 406 2031 438 corpora
2061 394 2172 427 lacer-

1161 451 1238 479 tosa
1263 451 1297 477 et
1322 445 1525 478 musculosa
1552 456 1627 478 esse
1651 445 1756 477 valde
1782 446 1952 486 robusta,
1996 445 2086 479 sicut
2110 458 2171 478 an-

1132 498 1135 546 Ιζ
1161 503 1215 530 tea
1227 496 1259 544 ⁶)
1283 496 1357 529 dixi
1381 497 1424 529 de
1451 496 1724 537 Maximiliano,
1767 496 1829 542 qui
1855 498 1976 541 potuit
2005 504 2172 530 contorta

1132 549 1135 566 ³
1159 546 1262 583 hasta
1283 549 1374 581 duos
1393 560 1528 581 asseres
1546 549 1754 582 confodere.

1266 599 1326 633 Vs.
1347 599 1408 633 77.
1434 602 1584 643 Sudum]
1614 600 1649 633 id
1667 606 1738 640 est,
1765 599 1859 632 diem
1884 612 2065 635 serenum.

1264 650 1325 684 Vs.
1344 651 1404 685 80.
1436 653 1583 697 Cadunt]
1613 653 1649 684 id
1669 658 1732 691 est,
1761 653 1907 698 quando
1926 659 2170 697 pupugerunt,

1132 738 1135 752 Ι
1160 703 1334 737 amittunt
1361 703 1548 743 aculeum,
1584 710 1619 737 et
1641 703 1772 737 amisso
1800 704 1923 737 aculeo
1951 705 2170 739 moriuntur.

1132 755 1134 786 Ξ
1161 755 1251 789 Sunt
1268 760 1409 787 tantum
1431 755 1598 788 conditae
1616 757 1660 788 ad
1678 755 1959 789 mellificandum
1977 764 2011 790 et
2025 756 2171 800 bellige-

1159 808 1328 839 randum.
1384 805 1441 839 Sic
1466 806 1582 840 bonus
1606 807 1679 840 dux
1703 807 1808 839 debet
1831 820 1904 841 esse
1931 809 2019 843 foris
2048 809 2168 842 bonus

1159 859 1334 897 bellator,
1362 864 1396 890 et
1413 858 1513 891 domi
1530 859 1646 893 bonus
1661 859 1894 903 gubernator.

1264 909 1324 943 Vs.
1342 909 1402 942 83.
1429 911 1519 955 Ipsi]
1548 911 1700 951 scilicet,
1729 923 1842 955 reges.

1266 960 1326 994 Vs.
1348 961 1408 995 87.
1453 963 1629 1007 Pulveris]
1676 963 1711 995 id
1748 970 1819 1004 est,
1863 963 1983 1008 glebas
2015 961 2154 995 iniicito

1159 1019 1245 1047 tunc
1261 1013 1452 1057 dissipabis
1470 1027 1541 1049 eas.

1263 1065 1323 1098 Vs.
1350 1064 1411 1099 93.
1454 1068 1636 1113 Squamis]
1671 1065 1707 1099 id
1735 1071 1807 1106 est,
1843 1066 2021 1110 fulgidus,
2058 1064 2168 1100 habet

1158 1116 1296 1150 lucidas
1315 1116 1401 1150 alas.

1264 1169 1325 1202 Vs.
1345 1167 1407 1202 94.
1436 1169 1611 1212 lnylorz'us
1626 1170 1754 1214 alvum]
1780 1167 1937 1203 Pulchra
1954 1169 2074 1213 imago
2093 1181 2169 1203 sor-

1161 1221 1237 1254 didi
1252 1227 1285 1254 et
1303 1220 1422 1264 ignavi
1442 1221 1627 1264 principis.

1264 1273 1324 1306 Vs.
1341 1270 1403 1306 95.
1431 1274 1487 1307 Ita
1504 1285 1645 1315 corpora
1667 1270 1791 1320 plebis]
1823 1272 1957 1318 Quales
1982 1279 2066 1307 sunt
2091 1285 2168 1306 mo—

1160 1335 1217 1356 res
1242 1324 1469 1368 principum,
1510 1325 1599 1358 tales
1624 1331 1708 1358 sunt
1733 1325 1866 1358 civium
1890 1325 1987 1358 iuxta
2014 1325 2169 1359 versicu-

1161 1375 1255 1416 lum,
1285 1376 1435 1409 scilicet:
1465 1375 1505 1409 In
1526 1377 1654 1421 vulgus
1671 1384 1832 1419 manant
1855 1378 2018 1422 exempla
2043 1389 2169 1422 regen-

1304 1426 1396 1461 lstae
1416 1428 1676 1473 descriptiones
1700 1436 1783 1463 sunt
1807 1429 1914 1474 plane
1941 1430 2104 1474 exempla
2135 1435 2169 1463 et

1133 1486 1135 1523 J
1160 1479 1413 1525 paradigmata
1435 1481 1685 1515 communium
1704 1494 1863 1516 morum.

92 1540 159 1562 nec
175 1541 339 1574 pugnare
363 1528 458 1563 inter
483 1542 540 1572 se,
573 1531 635 1565 sed
657 1537 799 1565 tantum
828 1537 911 1565 ante
933 1531 1105 1566 alveolos.
1132 1554 1135 1582 ὲ

1132 1663 1134 1689 Ι

1131 1725 1134 1788 ἲ

93 2153 179 2182 sunt
193 2147 436 2194 tranquillae,
472 2150 695 2194 significatur
722 2152 915 2184 concordia
945 2159 979 2185 et
1008 2153 1105 2185 inco-
1132 2179 1135 2200 ἱ

92 2199 241 2234 lumitas
257 2212 381 2245 apum.

436 2200 506 2234 Sed
525 2204 671 2248 quando
689 2216 841 2248 magnus
859 2204 1024 2238 fremitus
1042 2211 1106 2245 θ-εῖ,
1132 2205 1135 2212 ’

95 2258 132 2285 θῖ
145 2251 562 2296 volitantvagabundae,
578 2254 999 2299 significatdiscordiam.
1025 2257 1107 2289 Ari-
1132 2282 1136 2300 5

94 2303 240 2338 stoteles
259 2303 369 2337 etiam
390 2305 488 2346 dicit,
507 2307 606 2351 quod
625 2308 756 2341 amisso
773 2321 856 2353 rege
871 2309 1008 2343 faciant
1028 2309 1106 2355 qui·
1160 2308 1223 2341 ubi
1247 2309 1302 2343 bis
1328 2318 1491 2345 crescunt
1515 2325 1639 2353 rosae,
1677 2312 1768 2347 sicut
1790 2314 1886 2349 scitis
1910 2315 1948 2348 in
1974 2316 2052 2351 aliis
2081 2318 2168 2350 locis

95 2356 178 2390 dem
194 2357 454 2397 domunculas,
482 2359 541 2391 sed
563 2371 637 2391 non
657 2360 774 2394 mella.

97 2465 168 2500 est,
191 2459 292 2504 ipsae
310 2469 503 2495 morantur
521 2462 557 2494 iu
578 2463 745 2496 alveariis
762 2464 967 2499 sternentes.

198 2510 260 2546 Vs.
279 2511 340 2546 74.
368 2515 526 2560 Spicula]
556 2514 592 2547 id
609 2521 678 2556 est,
708 2515 862 2551 aculeos.
953 2517 1105 2562 Rostris]

96 2561 135 2594 id
153 2568 224 2603 est,
251 2564 458 2609 cuspidibus
478 2567 516 2599 iu
540 2568 665 2601 cauda.
727 2567 844 2612 Reges
869 2581 1014 2615 quoque
1044 2567 1106 2603 ha-

131 2681 163 2713 5)
186 2682 368 2716 Meliphylla]
393 2684 436 2708 sic
455 2686 505 2711 Ed.
525 2687 618 2711 1544.:
653 2686 702 2710 Ed.
723 2687 864 2718 wagner.
884 2688 1078 2720 melisphylla.

133 2734 183 2762 5¹)
203 2735 333 2764 incesso]
357 2736 405 2761 Ed.
423 2738 498 2762 1544.
521 2739 643 2763 incesco.

98 2776 283 2809 Manum.
307 2779 414 2809 Oeen.
439 2780 523 2811 Vol..
549 2781 637 2811 XIX.

1265 1531 1325 1564 Vs.
1344 1531 1405 1565 97.
1435 1534 1539 1576 spuit
1560 1534 1633 1578 ore]
1661 1534 1698 1567 id
1717 1540 1788 1574 est,
1816 1546 1891 1566 non
1915 1539 1999 1567 sunt
2025 1532 2168 1573 rutilae,

1160 1584 1221 1617 sed
1239 1583 1371 1617 similes
1391 1585 1551 1627 pulveri,
1581 1587 1680 1630 quod
1697 1592 1747 1619 est
1765 1585 1909 1619 illuturn
1928 1591 2047 1631 sputO.

1264 1635 1324 1669 Vs.
1343 1635 1403 1668 99.
1433 1634 1535 1685 Lim]
1562 1636 1597 1669 id
1618 1643 1686 1677 est,
1715 1644 1854 1671 notata.

1262 1686 1322 1721 Vs.
1345 1688 1430 1722 102.
1460 1690 1503 1722 Et
1526 1690 1650 1722 durum
1667 1687 1815 1737 Bacchi]
1845 1690 1880 1723 id
1908 1695 1978 1730 est,
2012 1689 2108 1721 unde
2130 1688 2169 1721 fit

1158 1738 1295 1772 bonum
1318 1740 1495 1780 mulsum,
1530 1741 1661 1774 scilicet
1679 1754 1720 1774 ex
1735 1741 1834 1775 vino.
1895 1740 1959 1775 Est
1986 1741 2081 1773 enim
2105 1741 2169 1772 du-

1159 1791 1251 1834 plex.
1306 1789 1345 1824 In
1363 1790 1463 1824 ltalia
1484 1792 1523 1824 fit
1541 1804 1582 1825 ex
1598 1793 1684 1826 vino
1702 1800 1736 1826 et
1753 1794 1878 1834 melle,
1906 1793 1992 1826 alibi
2011 1805 2051 1825 ex
2074 1804 2168 1837 aqua

1160 1849 1195 1875 et
1212 1842 1328 1876 melle.

1264 1894 1324 1928 Vs.
1341 1895 1426 1928 111.
1455 1897 1592 1941 servet]
1622 1896 1754 1930 scilicet
1770 1895 1927 1942 depulsis
1947 1896 2094 1936 avibus,
2132 1896 2170 1930 id

1161 1951 1232 1986 est,
1260 1946 1305 1980 sit
1325 1947 1661 1983 terriculamentum
1677 1949 1715 1982 in
1732 1947 1859 1991 horto,
1889 1949 1987 1994 quod
2013 1948 2171 1993 depellat

1161 2009 1256 2033 aves.

1266 2049 1326 2084 Vs.
1359 2050 1443 2085 112.
1487 2053 1675 2100 Pz‘nosque]
1713 2058 1765 2086 est
1791 2052 1939 2097 duplex:
1976 2049 2169 2093 hortensis,

1161 2113 1269 2146 quam
1289 2114 1355 2135 nos
1371 2115 1446 2135 uon
1464 2102 1659 2145 habemus,
1689 2105 1800 2137 altera
1818 2104 2012 2150 sylvestris.

1263 2152 1324 2187 Vs.
1347 2155 1432 2188 118.
1469 2157 1645 2201 Forsitan]
1673 2156 1711 2188 id
1737 2162 1807 2196 est,
1843 2157 1873 2190 si
1894 2169 1970 2191 non
1995 2167 2167 2202 propera-

1161 2216 1257 2245 rem,
1287 2207 1457 2238 adderem
1475 2209 1610 2253 aliquid
1629 2210 1672 2241 de
1692 2205 1826 2242 herbis.

1264 2256 1324 2291 Vs.
1347 2258 1432 2292 119.
1475 2257 1609 2307 Paesti]
1643 2260 1830 2305 Oppidum
1858 2268 1909 2297 est
1933 2262 1971 2296 in
1994 2262 2169 2306 Lucania,

1132 2372 1234 2410 :esse
1279 2362 1456 2396 maiorem
1502 2365 1800 2399 commoditatem
1838 2367 1993 2400 faciendi
2030 2368 2167 2409 hortos,

199 2406 261 2442 Vs.
280 2408 343 2445 71.
379 2411 491 2444 Ranci
512 2411 633 2455 canor]
669 2411 704 2443 id
731 2418 800 2452 est,
841 2412 1028 2454 fremitus,
1070 2412 1105 2445 id
1132 2455 1134 2468 Ι
1161 2425 1269 2458 quam
1290 2413 1326 2446 in
1344 2415 1434 2448 aliis.
1489 2416 1589 2451 Sicut
1606 2417 1642 2451 in
1663 2416 1867 2463 Thuringia
1894 2426 1945 2453 est
1970 2421 2168 2454 admodum

1131 2515 1134 2522 v

1132 2563 1134 2570 ι

1132 2573 1135 2613 i

1131 2733 1136 2763 1

1161 2477 1289 2509 parum
1312 2463 1527 2508 hortorum,
1555 2470 1601 2502 ad
1622 2467 1791 2504 Rhenum
1811 2483 1895 2503 vero
1914 2471 2126 2514 plurimum.

1265 2517 1324 2552 Vs.
1348 2520 1431 2553 120.
1459 2522 1601 2567 Intuba]
1630 2522 1666 2555 id
1683 2529 1755 2563 est,
1782 2522 1950 2556 Endivia.

1264 2569 1324 2603 Vs.
1349 2573 1432 2606 122.
1469 2574 1641 2619 cacumis]
1672 2575 1707 2607 id
1731 2580 1800 2613 est,
1838 2586 1944 2618 pepo,
1999 2574 2093 2610 Nam
2115 2582 2168 2610 est

1162 2623 1342 2666 quaedam
1361 2626 1529 2669 cognatio
1547 2626 1642 2659 inter
1660 2637 1887 2659 cucumerem
1913 2633 1949 2660 et
1973 2639 2166 2672 peponem.

1194 2739 1227 2768 6)
1247 2738 1319 2763 vide
1337 2745 1423 2770 supra
1441 2748 1467 2771 p.
1481 2740 1540 2764 400.
1562 2739 1656 2807 anuo7t.
1676 2737 1710 2761 ad
1730 2737 1812 2769 Virg.
1831 2738 1935 2770 Georg.
1953 2739 2002 2769 ΙΙΙ,
2021 2741 2064 2765 81.

1591 2777 1615 2809 2
