2421 3005
101 110 177 147 335

98 196 170 231 Sed
197 205 281 228 vera
308 193 473 227 doctrina
501 193 656 238 petenda
685 199 737 227 est
761 204 802 226 ex
828 192 907 226 aliis
929 191 1100 225 fontibus.
1126 210 1129 217 ι

97 247 196 280 Haec
221 252 389 291 poemata
412 251 562 290 propter
587 245 783 279 verborum
811 244 1025 289 elegantiam
1052 242 1101 276 le·
1127 267 1129 277 2

1127 294 1129 322 ἒ
1154 295 1299 340 legerit,
1328 309 1420 343 quae
1440 295 1598 330 efficiunt
1614 296 1851 340 voluptatem,
1879 309 2059 330 summum
2071 295 2157 341 Epi-

97 304 252 344 guntur,
294 304 328 331 et
355 299 503 342 prodest
531 296 675 330 collatio
702 293 1102 342 opinionum‘philoso-

96 348 288 396 phicarum
305 362 386 383 cum
407 361 491 382 vera
510 349 687 383 doctrina.

96 401 261 436 recitavit
277 401 475 447 primordia
496 413 691 446 corporum
710 400 855 440 mundi,
876 398 1030 434 instituit
1047 410 1103 432 re-

96 453 305 488 citationem
330 459 493 487 veterum
517 450 766 487 historiarum.
836 452 928 487 Nam
960 449 1102 484 homini

96 517 186 540 sano
211 505 410 540 necessaria
437 511 487 539 est
514 502 602 538 haec
627 504 807 549 cognitio,
852 503 941 539 scire
972 502 1101 537 seriem
1127 530 1129 539 ,

96 565 304 602 temporum
328 558 477 597 mundi,
504 557 722 601 religionum
747 556 924 600 origines,
954 554 1100 588 exordia
1127 566 1129 587 1

694 607 778 641 Ideo
803 608 944 641 litterae
970 606 1101 639 divini-
1127 642 1128 648 ἵ

95 667 154 695 tus
171 661 327 695 traditae
340 668 442 699 sunt;
477 661 558 694 ideo
586 661 663 694 vult
687 659 785 694 Deus
809 672 875 693 nos
901 658 1038 692 versari
1064 658 1100 691 in
1127 649 1129 660 ἱ

929 710 977 743 Et
1005 716 1101 743 extat
1127 708 1128 721 ³

96 616 133 643 et
149 609 369 643 mutationes
387 609 640 654 imperiorum.

95 713 224 747 studiis
249 713 460 758 praecipue,
497 719 536 747 ut
559 711 649 746 haec
672 712 862 746 discamus.

95 771 172 798 tota
195 765 304 800 series
326 772 533 810 temporum
560 764 706 804 mundi,
740 762 900 796 mirabili
923 762 991 796 Dei
1017 773 1101 795 con-

95 816 178 850 silio
196 824 426 855 conservata;
455 817 491 849 iu
511 816 687 861 poematis
705 816 853 860 vestigia
872 821 967 849 sunt.
1006 813 1101 848 Nam

95 874 225 913 poetae
242 870 374 902 famam
401 869 528 902 diluvii
553 867 802 907 retinuerunt,
836 868 936 913 quod
959 865 1100 899 circiter
1127 885 1128 890 =

96 920 196 954 mille
219 932 334 955 annos
363 921 550 954 antecessit
572 920 706 954 bellum
724 919 949 958 Troianum,
978 923 1101 951 manet

95 971 136 1004 in
158 973 336 1017 poematis
362 984 495 1005 nomen
521 970 712 1018 Iapeti79),
748 984 856 1018 quem
883 977 1020 1004 certum
1050 976 1102 1003 est
1127 988 1128 991 =

94 1023 204 1058 fuisse
222 1024 335 1058 filium
355 1023 534 1071 Noaeffl),
561 1031 595 1057 et
612 1024 699 1057 utile
719 1030 771 1058 est
796 1023 918 1056 videre
941 1022 1100 1068 aliquem

95 1087 310 1110 consensum
355 1082 565 1121 poematum
612 1088 692 1109 cum
741 1087 825 1108 vera
871 1074 1100 1119 antiquitate.
1126 1111 1127 1120 ἵ

95 1126 237 1161 Deinde
268 1128 398 1162 omissa
431 1128 530 1172 longi
560 1128 736 1172 temporis
769 1126 1012 1170 descriptione
1042 1137 1100 1157 ve-

95 1178 203 1212 niunt
235 1180 281 1212 ad
311 1192 368 1213 res
391 1180 575 1219 Herculis,
617 1191 710 1224 quae
741 1179 850 1222 paulo
887 1177 1100 1211 vetustiores

94 1236 179 1264 sunt
194 1231 289 1264 bello
306 1230 490 1271 Troiano,
519 1232 617 1276 quod
635 1231 704 1264 fuit
729 1231 820 1263 circa
846 1236 1010 1273 tempora
1028 1228 1101 1260 Da-

95 1281 199 1316 vidis.
254 1282 484 1327 Quaeramus
500 1283 610 1326 igitur
627 1294 751 1316 veram
777 1282 905 1316 seriem
932 1279 1100 1314 historia-

93 1344 177 1366 rum
195 1345 237 1366 ex
256 1333 334 1368 aliis
349 1335 511 1378 scriptis,
547 1346 639 1380 quae
658 1333 803 1379 quidem
824 1334 868 1365 de
885 1332 1007 1365 multis
1025 1343 1100 1364 ma-

93 1384 199 1418 ximis
215 1385 323 1419 rebus
338 1383 504 1419 homines
520 1387 635 1419 docet.
674 1385 764 1419 ‘Hos
784 1397 871 1418 vero
894 1384 1000 1417 ludos
1018 1383 1101 1416 Vir-

94 1435 172 1480 gilii
203 1436 366 1481 legamus
396 1438 453 1470 vel
485 1438 678 1470 verborum
705 1448 832 1476 causa,
870 1437 926 1469 vel
952 1448 1016 1468 ceu
1045 1435 1099 1468 in-

93 1485 266 1522 choatum
293 1489 441 1535 aliquod
468 1501 558 1534 opus
580 1501 656 1522 non
681 1489 899 1522 absolutum.
959 1486 1000 1520 ln
1028 1488 1098 1520 fine

92 1538 250 1584 Eclogae
266 1541 486 1586 abrumpens
504 1547 578 1575 tam
596 1541 666 1574 alte
684 1541 874 1586 repetitam
892 1540 1021 1573 mundi
1044 1537 1099 1572 hi-

91 1591 264 1632 storiam,
307 1593 409 1626 addit
439 1594 564 1627 laudes
599 1593 706 1626 amici
729 1593 785 1628 sui
809 1599 843 1626 et
869 1591 1099 1626 conterranei

93 1642 255 1677 Cornelii
271 1643 387 1684 Galli,
413 1657 479 1689 per
493 1657 600 1690 quem
618 1645 724 1678 initio
749 1645 1023 1678 commendatus
1039 1644 1099 1677 vest

91 1696 268 1739 Augusto,
322 1695 419 1728 Haec
437 1702 488 1730 est
505 1695 661 1740 Eclogae
678 1709 840 1737 summa,
876 1708 967 1742 quae
994 1708 1098 1740 prae-

92 1746 197 1791 cipue
213 1746 364 1781 lectores
383 1748 597 1787 admoneat,
626 1748 692 1781 etsi
708 1760 861 1792 persona
879 1748 995 1780 levior
1011 1748 1098 1782 Sile-

90 1810 161 1832 nus
177 1798 422 1833 introducitur
448 1800 492 1832 ad
517 1799 734 1834 deridendos
751 1797 1010 1844 philosophos,
1045 1805 1098 1832 ta-

90 1862 176 1883 men
201 1862 284 1884 vere
307 1863 345 1885 se
373 1851 422 1884 ita
447 1863 524 1884 rem
558 1849 711 1891 habere,
752 1851 993 1886 necessariam
1023 1863 1097 1884 esse

91 1902 297 1935 doctrinam
333 1904 377 1937 de
406 1915 530 1936 rerum
558 1903 690 1943 initiis,
734 1910 768 1936 et
795 1905 837 1937 de
867 1902 956 1938 serie
985 1900 1097 1936 histo-

93 1965 244 1989 narum.

402 2050 545 2084 Aliud
576 2049 793 2085 eiusdem.

197 2118 302 2153 Sexta
320 2116 454 2163 Ecloga
472 2118 609 2153 Varum
637 2120 805 2154 celebrat.
859 2118 890 2153 Is
916 2119 1000 2165 quia
1028 2119 1096 2153 fuit

91 2169 292 2215 Epicureus
301 2169 368 2216 ⁸¹),
396 2177 501 2214 poeta
522 2183 596 2204 non
612 2171 801 2206 invenuste
819 2172 990 2217 expressit
1011 2184 1094 2216 pro-

91 2222 283 2268 priissimis
298 2221 420 2265 figuris
437 2221 698 2267 Epicureorum
719 2231 864 2258 sectam.
916 2224 1095 2257 Describit

91 2274 189 2308 enim
212 2274 372 2308 Silenum
401 2274 594 2308 nutricium
620 2282 653 2309 et
682 2278 931 2321 paedagogum
961 2274 1093 2309 Bacchi

68 2356 70 2358 .
89 2332 266 2372 perpetuo
284 2337 358 2359 esse
380 2326 519 2359 ebrium
544 2334 578 2360 et
601 2329 837 2362 temulentum
856 2329 994 2370 Deum,
1032 2329 1093 2374 qui

90 2379 138 2413 sit
168 2378 271 2424 quasi
312 2378 507 2423 voluptatis
546 2380 698 2423 potandi
730 2382 913 2426 quoddam
949 2382 1092 2426 symbo-

89 2430 178 2464 lum.
232 2429 407 2475 Adiungit
432 2431 539 2464 etiam
565 2432 655 2466 duos
672 2431 840 2477 Satyros,
877 2446 967 2479 quos
990 2434 1091 2477 fingit

125 2574 175 2601 79)
192 2575 286 2599 manet
306 2574 334 2598 iu
354 2575 490 2605 poematis
511 2582 608 2599 nomen
628 2574 742 2604 lapeth]
761 2575 801 2599 sio
819 2577 867 2600 Ed.
886 2578 978 2608 1565.;
1005 2579 1087 2603 Editt.

162 2608 258 2639 1563,
277 2609 355 2633 1593.
375 2612 467 2634 manet
487 2616 583 2634 nomen
603 2610 689 2640 Iapeti
710 2610 735 2633 in
754 2612 895 2640 poematis,

126 2659 174 2691 80)
194 2660 285 2688 Noae]
304 2659 344 2683 sic
362 2661 479 2691 εει-ἱρῆς
506 2662 589 2686 Editt.
608 2661 699 2693 1563,
725 2662 817 2694 1568.‚
837 2664 912 2687 1593.
934 2664 999 2688 Noe.

125 2711 176 2739 81)
195 2711 362 2741 Epicureus]
382 2712 423 2737 sic
441 2712 557 2744 ecri1131'3
584 2713 674 2746 Editt.
695 2713 789 2743 1565,
811 2714 904 2746 1568,
926 2715 1001 2742 1593.
1022 2716 1087 2747 Epi-

159 2751 251 2771 curus.

570 104 774 159 Lxxxvn.
827 102 1116 141 ENARRATIO
1150 103 1431 139 BUCOLICON
1470 103 1679 139 x‘ffiGlLu.

752 349 951 394 Postquam
980 353 1099 380 autem
1127 370 1130 376 .

1128 403 1129 409 ¹
1155 400 1305 433 tentiam
1325 402 1528 434 eorundum
1548 401 1591 433 de
1608 399 1734 433 mundi
1757 399 1908 443 origine.

1128 494 1129 497 Ἴ
1155 452 1224 485 ries
1243 453 1418 487 orationis
1436 459 1497 487 est.

1127 817 1128 824 ¹
1154 812 1344 849 historiam
1360 817 1403 849 de.
1421 815 1544 850 Sileno
1565 815 1691 848 ordine
1708 822 1912 859 suggerant.

2081 107 2156 142 334

1156 192 1353 226 admodum
1370 192 1523 233 salaces,
1551 205 1632 226 cum
1652 192 1811 226 formosa
1838 199 1872 226 et
1896 192 2026 226 lasciva
2044 192 2155 238 Nym-

1156 241 1248 288 pha,
1273 245 1320 278 ita
1338 251 1379 278 ut
1394 245 1467 278 sere
1486 244 1608 278 omnia
1629 243 1665 277 in
1685 245 1867 290 quandam
1885 256 2064 278 summam
2085 244 2157 277 col-

1583 347 1625 381 In
1646 347 1758 381 altera
1786 354 1889 392 parte
1913 347 2056 382 subiicit
2079 359 2158 382 sen-

1962 400 2080 433 Porro
2105 412 2158 433 se-

1550 452 1676 485 Primo
1699 452 1778 485 loco
1806 450 1955 496 ponitur
1983 451 2156 485 confessio

1156 515 1236 536 cum
1256 505 1393 538 occulta
1413 505 1570 551 quadam
1588 504 1817 538 excusatione
1829 530 1838 543 ,
1865 515 1901 537 se
1918 500 2087 536 nonnihil
2104 515 2158 536 re-

1155 556 1279 589 cedere
1300 568 1318 589 a
1338 556 1565 601 simplicitate
1582 556 1641 589 illa
1661 553 1869 595 Theocriti,
1897 567 2006 600 quam
2024 554 2158 600 ubique

1155 614 1305 652 propter
1321 609 1410 642 altas
1435 615 1541 654 atque
1566 609 1654 641 alias
1682 607 1888 641 occasiones
1911 618 2055 640 servare
2084 618 2159 639 non

1155 659 1279 703 possit.
1354 661 1524 706 Sequitur
1562 659 1762 704 propositio
1798 672 1861 704 per
1898 656 2158 703 apostrophen:

1154 710 1305 756 Nequeo
1324 712 1523 756 praeterire
1552 712 1587 744 in
1609 711 1779 745 Bucolico
1806 723 1885 744 meo
1906 710 2066 743 carmine
2094 722 2159 743 no-

1155 775 1239 796 men
1258 763 1357 798 Vari.
1412 763 1552 796 Deinde
1572 770 1621 797 est
1648 761 1854 796 adhortatio
1879 764 1922 796 ad
1943 762 2085 802 Musas,
2119 767 2160 795 ut

1966 814 2159 858 Subiungi-

1155 873 1214 900 tur
1245 867 1353 912 longa
1387 867 1580 912 descriptio
1616 879 1680 912 per
1712 864 1959 912 hypotyposin
1983 877 2160 911 personae

1154 918 1267 952 Sileni
1297 926 1331 953 et
1354 920 1439 954 facti
1469 921 1625 953 duorum
1652 919 1866 964 Satyrorum
1900 925 1934 951 et
1956 915 2161 963 Nymphae,

1154 972 1250 1004 unde
1282 972 1391 1006 sumit
1419 978 1543 1017 postea
1569 971 1794 1006 occasionem
1817 970 1993 1004 recitandi
2016 969 2161 1002 cantile-

1154 1034 1252 1057 nam.
1306 1023 1370 1058 Est
1386 1031 1420 1057 et
1437 1023 1706 1057 commendatio
1724 1023 1846 1056 addita
1863 1022 2034 1056 carminis
2050 1020 2161 1055 Sileni

1154 1086 1219 1118 per
1236 1076 1569 1119 amplificationem.

1156 360 1346 382 cureorum
1371 349 1521 383 bonum.

1462 1178 1596 1212 Aliud
1628 1178 1848 1213 eiusdem.

1258 1246 1376 1281 Habet
1410 1245 1497 1281 haec
1521 1247 1655 1292 Ecloga
1686 1254 1830 1293 praeter
1860 1248 2020 1295 reliquos
2050 1249 2162 1290 locos,

1155 1310 1245 1344 quos
1264 1299 1391 1332 ordine
1415 1300 1671 1340 tractabimus,
1706 1300 1944 1334 memorabile
1972 1300 2061 1335 illud
2086 1313 2164 1335 car-⁷

1154 1362 1238 1383 men
1256 1351 1300 1384 de
1317 1351 1435 1396 prima
1454 1351 1555 1386 facie.
1610 1351 1751 1385 Deinde
1768 1353 1812 1386 de
1831 1352 2006 1399 exquisita
2029 1354 2161 1394 forma,

1154 1407 1262 1448 atque
1288 1401 1533 1447 pulcherrima
1559 1404 1796 1450 dispositione
1830 1417 1952 1438 rerum
1982 1407 2162 1447 omnium,

1154 1466 1246 1499 quae
1270 1462 1352 1488 sunt
1376 1456 1441 1490 sub
1471 1456 1584 1490 coelo.
1645 1456 1807 1501 Apparet
1825 1463 1945 1490 autem
1964 1458 2021 1491 vel
2037 1457 2159 1502 Augu-

1153 1512 1247 1539 stum
1273 1507 1328 1539 vel
1353 1507 1603 1541 Maecenatem
1635 1506 1867 1542 vehementer
1899 1506 1968 1542 hoc
2001 1510 2159 1543 carmine

1153 1558 1367 1592 delectatum
1386 1559 1505 1594 fuisse.
1558 1560 1620 1593 Ait
1638 1560 1733 1593 enim
1752 1567 1877 1605 poeta:
1907 1560 1985 1607 (Vs.
2001 1561 2055 1608 9.)
2080 1564 2160 1596 Non

1152 1612 1286 1644 iniussa
1303 1623 1399 1645 euno.
1436 1612 1554 1645 Porro
1570 1612 1715 1646 videtur
1730 1612 1904 1657 Virgilius
1921 1611 1990 1646 hoc
2004 1614 2158 1659 prologo

1152 1663 1356 1707 praefatum
1402 1676 1476 1697 esse
1520 1665 1557 1697 in
1598 1671 1714 1698 totum
1751 1677 1896 1698 carmen
1931 1665 2159 1706 Bucolicum,

1152 1715 1248 1747 unde
1268 1715 1433 1755 fuerunt,
1472 1716 1533 1761 qui
1559 1717 1753 1750 voluerunt
1777 1715 1870 1751 hanc
1886 1716 2056 1762 Eclogam
2084 1717 2159 1763 pri-

1153 1778 1249 1798 mam
1269 1779 1356 1800 esse.
1409 1766 1570 1812 Exponit
1593 1769 1689 1801 enim
1716 1781 1821 1802 suum
1846 1769 2057 1809 consilium,
2094 1781 2157 1802 cur

1152 1818 1284 1851 scribat
1299 1818 1491 1859 Bucolica,
1520 1820 1660 1854 omissis
1682 1826 1716 1853 et
1738 1821 1880 1865 regibus
1905 1828 1939 1853 et
1962 1821 2156 1866 praeclaris

1152 1882 1275 1914 regum
1295 1870 1528 1906 facinoribus.

1428 1974 1569 2008 Aliud
1605 1974 1878 2021 eiusde1n⁸²).

1253 2050 1293 2085 In
1311 2050 1376 2085 hac
1392 2052 1526 2097 Ecloga
1545 2054 1624 2098 plus
1644 2060 1695 2087 est
1712 2053 1927 2087 eruditionis
1940 2081 1949 2094 ,
1977 2067 2086 2100 quam
2116 2055 2153 2088 in

1151 2104 1311 2139 caeteris.
1370 2104 1465 2139 Nam
1483 2105 1623 2139 Silenus
1647 2106 1874 2140 consiliarius
1898 2105 2085 2151 Cyclopis,
2114 2114 2154 2141 ut

1150 2162 1300 2189 testatur
1316 2155 1510 2202 Euripides
1533 2158 1570 2191 in
1594 2158 1779 2202 tragoedia
1794 2185 1803 2198 ,
1832 2170 1924 2204 quae
1943 2158 2151 2192 inscribitur

1150 2207 1320 2253 Cyclops,
1348 2216 1471 2254 captus
1493 2222 1511 2243 a
1531 2209 1651 2254 pueris
1668 2208 1818 2244 Chromi
1838 2217 1872 2244 et
1888 2210 2068 2256 Mnasylo,
2096 2223 2151 2244 re-

1149 2260 1233 2293 citat
1265 2261 1376 2294 multa
1407 2259 1653 2307 physiologica
1688 2269 1722 2296 et
1750 2260 1934 2297 historica.
2001 2262 2149 2296 Constat

1149 2313 1244 2346 enim
1281 2314 1483 2358 primorum
1516 2321 1661 2358 patrum
1701 2315 1916 2359 sapientiam
1956 2315 2149 2359 praecipue

1147 2371 1325 2398 versatam
1351 2378 1423 2400 esse
1448 2367 1485 2399 in
1510 2364 1565 2400 his
1596 2372 1753 2412 quatuor
1783 2367 1939 2407 artibus,
1984 2366 2148 2398 videlicet

1149 2417 1183 2448 in
1207 2414 1411 2462 theologia,
1440 2424 1516 2451 arte
1540 2419 1698 2460 medica,
1728 2431 1819 2464 quae
1846 2417 2029 2463 physicam
2049 2430 2147 2450 com-

1145 2469 1331 2513 plectitur,
1378 2471 1621 2512 astronomia,
1666 2477 1701 2504 et
1730 2469 1893 2504 historia.
1962 2469 2070 2513 Quod
2101 2470 2147 2501 ad

1145 2521 1286 2554 titulum
1308 2521 1446 2561 attinet,
1474 2523 1588 2557 sciant
1606 2522 1774 2561 studiosi,
1800 2521 1959 2554 Silenum
1981 2518 2145 2553 hocloco

1116 2572 1117 2580 ³
1143 2586 1217 2605 non
1242 2586 1314 2607 csse
1338 2574 1526 2619 Satyrmn,
1555 2575 1696 2621 qualem
1721 2579 1871 2605 narrant
1900 2578 2044 2615 captum
2070 2584 2142 2605 esse

1174 2717 1222 2745 82)
1242 2717 1302 2776 ἔξω
1325 2718 1515 2747 argumentum
1535 2716 1726 2741 Editt.1568..
1755 2714 1828 2738 2593.
1857 2713 1998 2746 exhibent,
2034 2715 2067 2738 ab
2091 2713 2139 2738 Ed.

1210 2753 1240 2775 15
1264 2752 1286 2778 '.
1305 2753 1392 2777 abest.
