2421 3005
116 109 187 145 121
489 106 676 142 LXXVIII.

735 105 1027 140 EXPLICATIO
1060 105 1444 143 SENTENTIARUM
1482 110 1790 148 THEOGMDIS.

112 195 183 230 fuit
208 194 357 240 cupidus
379 194 481 233 belti3
511 195 571 228 sed
590 195 673 240 quia
699 193 845 228 videbat
859 206 896 228 se
918 206 992 227 non
1018 206 1122 239 posse
1148 202 1149 206 ’

115 247 279 281 obtinere
297 258 396 280 suam
416 246 628 291 dignitatem
641 274 650 287 ,
678 247 792 280 movit
808 247 957 287 bellum,
989 253 1023 279 et
1043 246 1122 292 qui-

114 300 198 333 dem
223 298 340 332 movit
356 298 478 344 aliquo
503 298 640 343 impetu
660 298 804 339 divino,
834 298 917 344 quia
936 298 1034 332 Deus
1059 310 1123 331 vo-

112 351 182 386 luit
198 358 340 384 mutare
358 350 457 383 illam
474 351 748 395 rempublicam.
801 350 1007 384 Sallustius:
1038 350 1120 395 Quo

115 415 152 438 se
176 403 343 443 fortuna,
386 415 428 436 eo
463 415 499 436 se
530 403 635 436 favor
668 401 858 436 hominum
893 403 1044 436 inclinat
1061 401 1121 447 78).
1148 419 1149 423 ’

1065 453 1122 487 Ci-

1014 506 1122 539 Plau-

114 455 390 500 Propemodum
417 454 538 487 omnia
567 467 609 488 ex
635 461 766 488 eventu
790 455 1007 488 iudicantur.

114 519 216 540 cero:
247 506 405 541 Consilia
434 519 475 540 ex
493 514 624 540 eventu
642 505 958 553 ponderanturw).

1148 543 1149 547 Ἰ
1175 508 1225 541 les
1251 516 1399 543 eventus
1425 511 1581 548 fuerunt.

114 565 172 593 tus
188 558 254 605 8⁰):
301 558 453 592 Centum
484 560 675 593 doctorum
700 557 890 592 hominum
926 558 1122 593 sententias
1148 555 1149 578 3

113 622 186 645 una
205 611 316 644 vincit
333 610 495 644 Fortuna
516 610 605 645 Dea.
642 610 708 645 Cui
725 611 814 644 liene
831 611 1010 650 successit,
1039 623 1120 643 eum

113 674 240 707 sapere
267 662 431 696 dicimus.
472 662 624 707 Negotia
651 663 921 707 gubernantur,
938 666 1024 695 ‘non
1042 669 1121 695 tan—

113 720 192 748 tum
215 712 385 748 humanis
410 715 589 755 consiliis,
632 716 693 749 sed
724 721 921 760 praeeunte
947 714 1046 754 Deo,
1088 720 1122 747 et

114 766 312 800 comitante
338 764 530 800 hominum
557 766 756 811 diligentia.
809 765 1083 813 Aescliyltis⁸¹):

136 825 256 863 “va
271 824 441 866 σπεύδεις
456 824 528 873 μὲν
554 825 667 867 αὐτὸς
681 825 744 862 καὶ
761 825 850 867 θεὸς
878 824 1120 863 συνάπτεται.

113 884 153 920 Id
171 893 241 927 est,
270 888 417 932 quando
435 886 510 931 ipse
529 887 686 928 laboras,
713 886 845 921 scilicet
862 888 898 920 in
916 887 1121 927 vocatione,

114 944 200 972 tunc
226 937 324 972 Deus
348 939 507 973 adiuvat.

216 990 405 1031 Albertus,
433 990 685 1035 Landgravius
718 988 982 1035 Tlinringicus‚
1020 989 1123 1024 habi-

113 1041 205 1075 tavit
228 1042 267 1075 in
294 1054 375 1076 arce
402 1041 622 1083 Isenacensi,
650 1043 699 1076 ibi
719 1043 890 1076 conduxit
909 1042 1121 1083 mulionem,

113 1093 178 1139 qui
203 1101 281 1128 erat
307 1094 495 1129 adiunctus
513 1095 613 1128 mulo
626 1122 634 1135 ,
664 1108 736 1140 quo
755 1092 955 1128 vehebatur
973 1107 1066 1140 aqua
1084 1095 1121 1127 in

2109 120 2179 153 122

1175 195 1239 228 filii
1274 198 1370 242 apud
1403 204 1543 242 patrem
1568 201 1661 233 male
1688 201 1826 234 educati
1848 208 1951 243 sunt,
1988 203 2070 248 quia
2104 211 2180 237 erat

1177 248 1337 290 adulter,
1374 256 1406 283 et
1436 251 1651 285 adiunxerat
1676 253 1742 286 sibi
1769 254 1955 288 dominam
1985 256 2028 287 de
2054 254 2179 289 Eisen—

1175 300 1267 344 burg
1278 300 1338 346 83),
1368 302 1467 336 cuius
1489 316 1613 337 amore
1639 304 1852 340 insaniebat.
1907 305 1990 340 Ideo
2010 306 2180 342 Albertus

1175 353 1287 385 frater
1311 355 1451 388 curavit
1475 356 1719 390 adolescentes
1745 358 1835 391 filios
1861 359 1905 391 ad
1930 371 1966 392 se
1994 359 2108 399 mitti,
2146 366 2180 393 et

1177 405 1342 438 educavit
1373 418 1452 447 eos,
1489 414 1523 440 et
1556 408 1711 442 instituit
1743 407 1915 444 haeredes
1953 418 2078 444 contra
2110 412 2181 444 sra-

1176 462 1280 490 trem.
1334 456 1420 491 Inde
1449 466 1532 493 sunt
1563 467 1639 494 orta
1673 461 1784 500 bella,
1821 469 1855 495 et
1884 469 2006 495 tamen
2034 463 2180 496 mirabi-

1637 511 1698 546 Ille
1718 512 1943 554 Fridericns‚
1973 515 2034 560 qui
2054 513 2180 548 habuit

1176 561 1382 594 admorsam
1410 574 1557 606 genam,
1584 564 1651 598 suit
1668 565 1722 599 bis
1739 573 1862 610 captus
1880 565 1947 613 ⁸¹⁴),
1976 573 2098 600 tamen
2113 567 2179 599 mi—

1175 613 1338 646 rabiliter
1366 613 1538 649 liberatus
1566 623 1628 650 est.
1683 617 1923 658 Titmannus,
1967 619 2078 652 frater
2100 619 2179 652 Fri-

1175 664 1308 705 derici,
1351 664 1495 711 Lipsiae
1531 667 1737 703 interfectus
1779 669 1904 717 est⁸³);
1947 669 2179 715 sepulchrum

1177 716 1252 750 eius
1277 723 1328 750 est
1352 716 1388 750 in
1414 719 1549 763 templo
1567 719 1806 762 Pauliniano,
1834 722 1870 755 id
1899 730 1969 763 est,
1997 723 2058 756 ubi
2084 736 2180 757 nunc

1177 775 1228 802 est
1248 781 1371 803 mensa
1397 771 1599 805 communis
1626 772 1788 817 Collegii.
1841 774 2047 809 Fridericus
2074 775 2181 820 gessit

1175 821 1309 854 bellum
1335 834 1413 855 cum
1432 823 1572 857 duobus
1587 824 1747 868 regibus,
1776 832 1815 859 ut
1831 834 1980 867 vocant,
2008 825 2178 872 Adolpho

1176 879 1210 906 et
1231 873 1400 914 Alberto,
1428 872 1555 909 habuit
1582 876 1700 910 felices
1724 889 1923 919 successus,
1960 886 2082 912 tamen
2105 892 2179 912 non

1148 962 1149 967 ¹
1175 925 1252 959 sine
1280 938 1408 970 magna
1438 927 1642 961 calamitate
1670 929 1777 972 gessit
1800 930 1933 963 bellum
1960 944 2039 964 cnm
2065 938 2180 976 patre,

114 1157 233 1179 arcem
253 1146 356 1192 (quia
375 1154 426 1180 est
442 1159 573 1191 magua
592 1147 746 1180 altitudo
767 1145 889 1194 arcis),
918 1147 1018 1179 illum
1037 1159 1122 1179 con·
1148 1155 1149 1177 1

113 1197 215 1231 duxit
242 1199 288 1231 ad
313 1198 598 1232 interficiendam
623 1198 887 1243 dominarum),
914 1199 1025 1231 filiam
1043 1197 1122 1231 Fri-
1148 1222 1149 1229 1

114 1249 226 1282 derici
252 1248 294 1283 II.
323 1249 576 1294 imperatoris,
614 1250 711 1282 illam
748 1247 858 1283 homo
888 1251 1003 1284 malus
1027 1251 1121 1283 male
1147 1258 1149 1262 ⁴

114 1301 295 1335 tractavit.
323 1300 390 1335 Iste
405 1302 517 1334 mulio
536 1302 703 1346 promisit
721 1301 808 1335 illud
827 1302 989 1335 domino.
1018 1302 1121 1335 Post-

65 1390 68 1394 ·
110 1363 152 1384 ea
169 1351 234 1384 ivit
251 1353 297 1385 ad
313 1353 501 1385 dominam
521 1351 685 1386 adhibito
704 1354 912 1386 consiliario
934 1354 1008 1387 eius
1021 1380 1030 1393 ,
1060 1355 1120 1389 ben
1148 1362 1149 1385 z

112 1402 333 1451 ᾧοῇῒῐείᾗεΐ,
359 1410 394 1438 et
421 1404 511 1438 dixit
536 1406 581 1439 ad
607 1418 704 1438 eam:
734 1404 915 1445 Domina,
950 1405 1120 1440 dominus

111 1456 301 1489 mandavit
326 1454 438 1497 mihi,
464 1464 503 1490 ut
520 1469 583 1491 vos
611 1457 868 1497 interficerem,
898 1463 930 1491 et
955 1457 1120 1501 promisi,

113 1507 197 1553 quia
232 1508 368 1554 alioqui
394 1508 469 1553 ipse
494 1521 550 1542 me
573 1510 826 1549 interfecisset,
862 1516 895 1542 et
924 1509 1120 1554 quaesivis—
1146 1529 1147 1548 3
1175 1531 1209 1557 et
1235 1525 1415 1559 adversas.

652 1560 727 1594 Iam
748 1562 921 1605 cogitate,
951 1562 1037 1607 quid
1057 1575 1119 1594 vo·
1146 1590 1147 1593 ,

103 1566 167 1593 ’δεῖ
184 1559 295 1593 alium
320 1560 599 1596 interfectorem.

112 1610 167 1645 bis
191 1612 394 1646 faciendum
422 1614 486 1652 sit,
516 1626 580 1658 ego
600 1613 682 1646 volo
702 1614 841 1657 sugere,
870 1613 897 1647 si
920 1614 1027 1647 vultis
1043 1627 1119 1646 ma-

113 1675 221 1704 nere,
254 1665 432 1699 maneatis
460 1672 578 1699 vestro
608 1664 788 1710 periculo,
819 1678 883 1709 ego
919 1666 1010 1699 facio
1042 1667 1119 1699 offi-

114 1714 232 1755 cium,
266 1728 398 1749 moneo
435 1729 510 1751 vos.
573 1716 809 1752 Consiliarins
841 1718 948 1750 etiam
982 1718 1119 1752 censuit

113 1767 284 1801 dominae
309 1767 564 1802 discedendum
598 1781 671 1803 esse
706 1781 855 1813 vespere
887 1770 943 1802 vel
980 1769 1018 1802 in
1045 1770 1118 1814 pri-

112 1818 182 1853 mis
205 1820 380 1860 tenebris,
410 1833 488 1854 cum
516 1827 605 1854 esset
621 1833 656 1855 se
679 1821 877 1854 demissura
903 1822 1050 1854 domina
1077 1834 1118 1855 ex

113 1883 216 1912 arce,
260 1884 339 1906 cum
375 1872 455 1906 aliis
486 1872 668 1906 nobilibus
697 1872 896 1917 virginibus
923 1879 957 1906 et
980 1873 1118 1907 ancillis
1144 1912 1146 1918 γ

113 1930 149 1957 et
171 1935 251 1957 cum
272 1924 477 1958 consiliario
505 1932 539 1958 et
557 1925 729 1959 mulione.
783 1923 860 1969 Ipsa
880 1925 1076 1959 discessura
1098 1938 1115 1957 a

112 1975 195 2010 filiis
221 1976 402 2020 parvulis,
445 1978 507 2022 qui
540 1984 644 2011 erant
675 1977 710 2009 in
745 1977 930 2017 cubiculo,
963 1977 1118 2021 arripuit

112 2027 288 2061 maiorem
320 2035 429 2067 natu,
453 2036 488 2062 et
508 2029 707 2062 momordit
724 2029 799 2063 eins
825 2041 974 2073 genam,
1002 2036 1042 2063 ut
1064 2029 1117 2061 iu-

111 2080 192 2114 13115
218 2080 322 2114 valde
349 2081 504 2125 vagiret,
533 2082 631 2128 quod
655 2082 788 2115 fecerat
803 2082 833 2114 ei
853 2081 983 2115 vulnus
1002 2081 1037 2113 in
1061 2093 1118 2125 ge-

111 2143 172 2167 na.
226 2130 277 2166 Ibi
302 2133 528 2167 consiliarius
555 2131 795 2178 apprehendit
820 2145 920 2174 eam,
947 2139 981 2167 et
1009 2133 1116 2167 dixit:

111 2183 294 2224 Domina,
328 2185 394 2218 iste
429 2185 568 2230 vagitus
601 2187 730 2230 prodet
755 2198 840 2226 nos,
881 2192 1025 2230 oportet
1052 2198 1118 2219 nos

110 2248 310 2280 properare
338 2237 374 2269 in
399 2237 553 2272 silentio.
606 2237 657 2271 Ibi
676 2244 853 2272 venerunt
870 2238 986 2282 prima
1012 2245 1116 2271 nocte

112 2300 224 2334 usque
267 2286 480 2323 Hirschfeld.
557 2291 678 2324 Abbas
720 2288 1018 2324 Hirschfeldensis
1059 2303 1117 2324 cu-

111 2341 205 2373 ravit
230 2353 290 2375 eos
324 2353 431 2374 curru
461 2342 588 2375 abduci
622 2344 665 2375 ad
694 2342 1007 2376 Francksordiam.
1064 2341 1116 2375 Ibi

111 2392 258 2425 domina
289 2393 374 2427 vixit
401 2394 570 2433 biennio,
599 2401 632 2427 et
650 2394 697 2427 ibi
717 2401 766 2428 est
783 2401 942 2430 mortua.
997 2394 1115 2427 Tanta

111 2444 180 2478 suit
212 2445 396 2480 calamitas
429 2446 522 2479 filiae
559 2446 801 2491 imperatoris.
863 2446 1118 2481 Adolescentes

146 2540 195 2569 78)
214 2541 274 2565 Hoc
293 2541 337 2564 est
357 2539 456 2564 dictum
476 2539 574 2563 lustini
594 2541 621 2571 5,
644 2541 667 2569 1,
688 2540 728 2563 11.

146 2584 196 2612 79)
217 2584 296 2608 Conf.
317 2583 372 2608 Cic.
392 2590 442 2614 pro
463 2583 575 2607 Rabirio
596 2583 671 2608 Post.
695 2584 716 2606 1.

147 2627 197 2656 80)
217 2627 306 2652 Fiant.
326 2627 427 2651 Pseud.
447 2627 473 2651 2.
493 2627 525 2657 3,
549 2627 587 2651 12.
612 2627 724 2657 (paucis
747 2625 884 2658 mutatis).

144 2671 193 2698 81)
212 2671 344 2700 Aeschyt.
365 2670 444 2694 Pers.
465 2670 524 2694 739.
546 2671 586 2694 ed.
609 2671 737 2695 schista:
767 2667 841 2694 ’AM'
868 2667 937 2694 ὅταν
955 2667 1059 2703 σπεύδῃ
1080 2678 1117 2698 τις

180 2703 281 2737 αὐτὸς,
301 2702 342 2737 χώ
361 2703 425 2732 θεὸς
444 2703 620 2734 summum.

143 2748 192 2781 82)
214 2750 278 2774 Scit.
299 2750 517 2780 Mai-garennam.

1178 984 1280 1021 pater
1312 985 1477 1013 mortuus
1504 986 1555 1013 est
1573 979 1609 1012 in
1629 981 1746 1016 exilio.
1800 981 1862 1016 Ille
1880 982 2084 1017 Fridericus
2101 996 2180 1027 per-

1176 1030 1276 1063 venit
1303 1042 1416 1076 usque
1449 1032 1494 1064 ad
1526 1032 1692 1065 ultimam
1717 1041 1896 1068 senectam
1914 1034 1982 1082 ⁸⁶),
2018 1036 2180 1081 sepultus

1176 1088 1227 1115 est
1254 1082 1293 1114 in
1310 1081 1506 1121 Eisenach3
1536 1084 1584 1116 ibi
1604 1091 1655 1118 est
1675 1085 1749 1120 eius
1769 1085 1992 1132 epitaphium
2013 1088 2050 1121 in
2066 1100 2179 1133 parvo

1176 1134 1305 1167 sacello
1333 1141 1430 1167 extra
1458 1136 1602 1168 urbem:

1316 1195 1391 1218 Ecce
1410 1195 1570 1219 Fridericus
1591 1197 1681 1219 cultor
1698 1197 1829 1224 virtutis,
1849 1199 1954 1224 amicus

1315 1230 1414 1259 Pacis,
1435 1230 1563 1253 conditur
1582 1231 1625 1254 liic
1646 1231 1733 1261 stirps
1753 1233 1926 1263 imperialis,
1954 1237 1981 1258 et
2001 1235 2057 1259 illic

1384 1264 1502 1296 Fulgeat
1522 1265 1575 1289 iste
1595 1265 1656 1296 pius
1677 1267 1801 1291 Mai-chio
1820 1268 2030 1300 Landgravius.

1174 1307 1330 1348 Videtis,
1366 1310 1482 1354 qualis
1520 1316 1604 1343 tunc
1632 1311 1739 1344 fuerit
1768 1313 1920 1356 poetica.
1976 1313 2090 1359 Stirps
2116 1315 2181 1347 im·

1174 1360 1342 1405 perialis,
1368 1361 1402 1393 id
1423 1368 1493 1401 est,
1521 1368 1637 1395 mater
1655 1363 1729 1397 eius
1753 1364 1820 1397 suit
1846 1365 1915 1397 filia
1939 1364 2181 1410 imperatoris.

1278 1420 1599 1457 Vss.59t—594.
1654 1423 1780 1456 Virum
1803 1425 1932 1458 sortem
1953 1433 2095 1470 oportet
2118 1425 2179 1460 lia-

1174 1472 1257 1505 bere
1284 1473 1446 1507 animum
1475 1481 1641 1518 paratum
1671 1477 1715 1508 ad
1742 1477 1906 1510 serendas
1932 1489 1986 1511 res
2006 1481 2179 1513 secundas

1469 1526 1543 1562 253st
1574 1537 1606 1562 ct
1622 1527 1672 1571 bie
1690 1537 1790 1573 5111101·
1817 1529 1930 1575 gesagt
1960 1530 2036 1574 bat„
2069 1528 2178 1566 'Mra‘

1175 1575 1329 1624 ἀγαθὸν
1356 1580 1501 1623 τολμᾶν
1524 1576 1598 1625 χρὴ
1625 1586 1689 1613 etc.
1746 1581 1900 1625 Oportet
1925 1582 2018 1615 serre
2044 1590 2177 1616 sortem

1146 1647 1147 1673 3
1174 1636 1432 1674 utrarumque,
1468 1643 1556 1676 quas
1587 1632 1675 1665 dant
1706 1631 1786 1673 Dii,
1822 1646 1939 1679 neque
1974 1641 2180 1679 aegrotans,

1146 1715 1147 1718 Ἰ
1174 1681 1368 1724 languens,
1412 1688 1562 1726 propter
1592 1695 1647 1717 res
1678 1685 1845 1719 adversas
1888 1686 2013 1720 dolore
2048 1687 2180 1722 afficias

1145 1766 1147 1770 Α
1174 1740 1353 1773 mentem,
1380 1746 1498 1779 neque
1522 1735 1623 1768 laetis
1650 1737 1855 1778 delecteris,
1884 1739 2095 1784 priusquam
2123 1752 2180 1772 ex-

1175 1790 1327 1818 tremum
1354 1786 1459 1818 finem
1490 1786 1624 1820 xideas.

1276 1844 1354 1879 Vss.
1374 1844 1450 1881 595
1468 1860 1545 1892 sqq.
1574 1847 1762 1882 XXXVHI.
1792 1849 1845 1882 De
1864 1850 1989 1884 fucatis
2008 1850 2144 1884 amicis.

1277 1897 1336 1931 Vs.
1355 1896 1442 1932 595.
1486 1898 1628 1931 Bonum
1650 1907 1700 1933 est
1723 1901 1858 1934 amicos
1879 1902 2002 1946 procul
2019 1915 2091 1936 csse
2110 1903 2179 1936 dis-

1172 1946 1287 1996 sitos.]
1343 1950 1393 1986 §⁵¹6
1411 1951 1530 1996 reimpt
1548 1950 1604 1996 fid)
1624 1950 1721 1994 besset
1740 1954 1784 1985 ad
1800 1954 2060 1997 gubernatores
2083 1968 2178 1988 sum-

1173 2012 1271 2040 mos,
1301 2014 1456 2047 qiiorum
1487 2009 1538 2037 est
1563 2004 1683 2049 aliqua
1710 2005 1981 2046 antecedentia,
2010 2007 2078 2040 nisi
2107 2007 2178 2040 sint

1144 2071 1145 2076 ,
1173 2053 1368 2086 admodum
1387 2054 1567 2098 sapientes
1592 2056 1678 2095 viri,
1705 2063 1737 2089 et
1763 2070 1845 2091 vere
1863 2065 1896 2091 et
1921 2059 2057 2092 sincere
2085 2059 2178 2091 inter

1172 2116 1207 2137 sc
1234 2104 1404 2149 diligant,
1435 2107 1516 2151 quia
1542 2107 1644 2140 facile
1671 2108 1833 2143 incidunt
1860 2110 1954 2143 inter
1981 2124 2040 2144 eos
2064 2111 2176 2143 offen-

1172 2156 1301 2191 siones.
1357 2158 1406 2194 (5ss
1435 2157 1473 2199 ist
1501 2159 1552 2194 ein
1583 2160 1631 2194 att
1654 2160 1813 2204 Quum,
1838 2163 1965 2198 miemot
1993 2166 2028 2198 εδ
2056 2163 2177 2208 befitid)

1172 2219 1262 2254 gaug
1292 2214 1417 2255 gerebt:
1450 2210 1551 2244 Veris
1569 2212 1691 2246 amicis
1717 2220 1838 2255 utere,
1865 2215 1991 2248 fucatis
2017 2216 2175 2249 abutere.

1173 2261 1248 2296 {sie
1277 2273 1310 2297 ct
1337 2272 1438 2307 gunot
1467 2262 1579 2309 gefagt
1607 2264 1666 2308 bat
1695 2266 1805 2311 anie.
1875 2267 2004 2301 Verbis
2028 2267 2074 2301 sis
2100 2268 2173 2299 vius

1173 2314 1308 2348 amicus
1333 2322 1396 2348 etc.
1454 2314 1489 2348 ld
1513 2323 1582 2356 est,
1611 2329 1684 2350 non
1714 2331 1872 2352 accersas
1896 2326 1933 2353 tu
1962 2319 2036 2363 ipse
2062 2320 2173 2351 offen·

1205 2480 1252 2508 83)
1273 2481 1375 2509 Nempe
1395 2480 1586 2509 Kunigundan·
1607 2483 1639 2506 tle
1660 2483 1821 2511 Eisenberg.

1205 2532 1253 2563 84)
1274 2533 1323 2556 llic
1343 2533 1518 2557 Fridericus.
1546 2540 1562 2558 a
1595 2536 1667 2560 ¹257.
1691 2540 1789 2563 natus.
1823 2536 1936 2565 primurn
1957 2539 2053 2565 captus·
2075 2540 2116 2560 est
2137 2539 2171 2561 ab

1242 2569 1356 2607 ,athei-to
1377 2570 1466 2599 patre,
1487 2570 1583 2594 demde
1605 2572 1712 2600 (1317.)
1733 2580 1748 2595 a
1770 2572 1952 2596 xvtutdenzaro
1975 2573 2170 2595 {instudeamu-

1240 2610 1329 2631 gensi.

1204 2660 1251 2690 55)
1274 2659 1474 2683 Dictzmannus
1492 2667 1517 2686 a.
1541 2661 1614 2685 1307,
1634 2661 1743 2691 Lipsiae
1763 2661 1925 2686 interfectus
1945 2666 1997 2686 est.

1204 2712 1252 2741 86)
1275 2711 1435 2735 Fridvricus
1461 2714 1584 2737 mortuus
1613 2716 1656 2736 est
1679 2714 1716 2737 16,
1740 2714 1808 2739 Nov.
1832 2714 1906 2740 1321.
1934 2715 1958 2738 in
1980 2722 2044 2739 art-c
2067 2716 2168 2739 &Vart-

1239 2748 1379 2775 burgensh
