2421 3005
59 97 133 135 649
403 94 490 130 XCI.

543 93 826 130 ENARRATIO
852 93 981 129 LIBRI
1008 94 1083 130 XV.
1106 94 1581 132 METAMORPHOSEON
1610 97 1769 134 OVlDll.

2039 98 2115 135 650

61 184 343 232 problematum,
360 195 401 216 eo
423 183 521 229 quod
539 183 685 216 iuvenes
703 182 750 215 ad
768 181 936 216 virtutem
954 189 988 215 et
1005 194 1063 226 ge·
1087 181 1093 240 Ῑ
1118 188 1169 216 tes
1187 182 1379 228 imperium
1396 195 1471 216 non
1486 183 1620 218 desidia
1649 192 1682 218 et
1707 185 1780 218 otio
1792 213 1801 226 ‚
1836 186 1895 220 sed
1919 185 2050 219 virtute
2079 191 2113 219 et

63 237 193 271 tendas
218 247 274 268 res
298 232 518 268 hortaretur.

576 233 677 268 Hanc
702 233 861 267 Romani
886 246 949 268 suo
974 233 1063 279 Qui·
1087 249 1092 279 j
1116 235 1221 268 rebus
1237 235 1402 279 gerendis
1416 235 1539 280 parari
1559 242 1667 281 atque
1688 238 1910 277 conservari3
1942 238 2113 271 virtutem

64 289 144 322 rino
163 287 312 332 perinde
329 293 368 320 ut
386 298 535 320 uxorem
558 292 832 326 consecrarunt,
861 286 1061 330 significan-
1087 282 1092 332 Ι
1117 298 1201 319 vero
1218 286 1381 320 bellicam
1399 287 1466 320 niti
1484 287 1572 320 flore
1592 287 1798 322 iuventutis.

659 421 705 456 In
746 423 913 456 librum
944 421 1019 455 XV.
1064 420 1517 467 Metamorphoseon.

309 505 478 540 Concio
513 505 818 553 Pythagorae.

119 586 178 620 Vs.
205 583 261 618 75.
303 586 455 624 Parcite,
499 588 678 626 mortales,
721 586 865 628 dapibus
896 591 1090 627 {emerem-eg

487 635 657 679 nefandis.

169 704 306 751 Opinio
319 702 548 750 Pythagorae
565 705 609 738 de
623 702 841 749 migratione
856 702 1061 736 animarum

66 764 210 803 accepta
228 763 280 792 est
296 757 340 790 ab
357 757 554 802 Aegyptiis.
607 755 675 790 Hic
693 755 787 789 enim
805 754 915 799 primi
940 754 1063 787 extite-

65 816 152 844 runt
169 815 257 844 teste
271 808 458 843 Herodoto
467 808 514 856 5⁵³)
526 835 536 849 ‚
564 808 626 855 qui
644 807 803 841 dicerent
823 806 982 839 animam
998 803 1064 839 ho·
1089 834 1091 840 .

65 861 174 896 minis
197 874 216 895 e
238 867 384 895 mortuo
409 872 560 906 corpore
588 860 740 894 subinde
767 859 804 891 in
830 858 927 892 aliud
956 864 1064 904 atque

67 977 103 1000 se
136 964 409 1000 circumtulisset
436 963 642 1005 terrestria,
686 963 846 1002 marina,
890 962 1064 1002 volucria,

66 1029 190 1052 rursus
217 1018 256 1050 in
285 1016 435 1062 aliquod
457 1016 625 1061 ‘genitum
659 1028 788 1060 corpus
818 1011 977 1049 hominis
1011 1014 1065 1047 in-

66 1069 198 1110 troire,
239 1074 347 1115 atque
385 1065 482 1102 hunc
509 1069 553 1102 ab
582 1080 621 1102 ea
651 1067 838 1101 circuitum
864 1066 944 1100 fieri
966 1066 1061 1099 intra

67 1121 137 1156 tria
152 1120 264 1155 millia
283 1132 475 1155 annorum.
535 1120 638 1153 Hanc
657 1119 866 1165 opinionem
884 1124 925 1152 ut
943 1118 1065 1153 absur-

67 1175 151 1208 dam
174 1172 356 1208 Lucianus
378 1172 503 1207 festive
528 1172 655 1205 irridet
676 1172 713 1205 in
737 1171 881 1215 dialogo
907 1169 1003 1204 Galli
1032 1175 1067 1203 et

64 1225 216 1272 Mycilli.
257 1226 420 1271 Apparet
436 1230 556 1259 autem
573 1237 614 1258 ex
627 1222 694 1258 hac
712 1224 884 1258 concione
897 1249 905 1263 ,
932 1219 1066 1268 Pytha-

68 1290 194 1324 goram
210 1275 370 1312 honestis
385 1278 430 1311 de
446 1276 560 1310 causis
578 1289 675 1310 esum
697 1275 812 1309 carnis
831 1274 1067 1318 improbasse,

68 1337 108 1364 ut
123 1328 290 1364 homines
304 1330 437 1374 partim
458 1341 475 1361 a
499 1329 584 1362 luxu
609 1329 653 1361 ad
675 1327 918 1372 frugalitatem
941 1338 1067 1359 avoca-

69 1388 143 1422 ret,
171 1381 303 1427 partim
322 1387 363 1415 ut
382 1381 479 1414 victu
504 1381 739 1414 assuefaceret
763 1380 808 1412 ad
831 1377 1006 1412 iustitiam
1034 1383 1069 1410 et

68 1433 396 1468 mansuetudinem.
464 1431 528 1465 His
560 1432 654 1464 enim
685 1429 905 1475 argumentis
933 1429 1066 1463 utitur:

70 1485 211 1531 primo,
239 1497 318 1518 cum
341 1483 551 1518 necessariis
577 1483 756 1517 alimentis
783 1495 824 1516 ex
850 1488 944 1515 terra
973 1481 1068 1514 natis

70 1536 236 1571 homines
267 1537 470 1575 abundent,
509 1535 691 1580 pertinere
722 1547 826 1569 usum
852 1533 970 1566 carnis
993 1544 1069 1565 non

71 1590 117 1623 ad
136 1588 378 1623 necessitatem
391 1614 400 1627 ‚
427 1588 489 1621 sed
507 1588 552 1620 ad
571 1587 714 1627 luxum;
742 1586 872 1620 deinde
893 1584 1066 1619 iniustum

73 1653 113 1674 ac
129 1651 288 1674 Humane
310 1640 444 1678 v¹der¹’
480 1639 640 1672 ⁰⁶⁰¹dere
665 1645 700 1672 et
723 1638 897 1672 devorare
922 1636 1068 1677 ammal’
1094 1655 1095 1688 Ῐ
1121 1654 1230 1698 igitur
1245 1654 1426 1692 sabulosa;
1455 1656 1515 1689 sed
1534 1662 1617 1690 sunt
1633 1653 1817 1695 historica,
1846 1667 1938 1702 quae
1956 1656 1999 1688 de
2017 1666 2122 1687 mon-

70 1691 281 1738 praesertim
301 1691 510 1724 innocuum.
563 1690 609 1723 Et
625 1689 692 1724 hoc
715 1690 822 1724 fuisse
849 1688 960 1733 ipsius
985 1701 1068 1722 con-

71 1744 189 1778 silium
208 1750 359 1783 testatur
376 1741 630 1788 lustinusffla),
664 1741 763 1775 cuius
786 1739 873 1774 haec
889 1747 973 1774 sunt
990 1752 1068 1773 ver-

70 1796 133 1830 ba:
163 1795 359 1830 Crotonem
379 1793 477 1828 venit
491 1791 738 1838 Pythagoras,
764 1792 1012 1838 populumque
1032 1791 1069 1824 in

71 1847 251 1882 luxuriam
268 1847 407 1892 lapsum
425 1845 620 1879 autoritate
643 1857 704 1879 sua
725 1846 770 1878 ad
794 1857 898 1879 usum
923 1843 1069 1888 frugali-

72 1899 155 1933 tatis
173 1899 378 1932 revocabat.
433 1895 621 1931 Laudabat
637 1896 798 1943 quotidie
815 1896 984 1929 virtutem
999 1921 1008 1935 ,
1036 1901 1071 1928 et

73 1950 158 1984 vitia
183 1951 344 1984 luxuriae
368 1949 642 1989 contemnebat,
686 1960 858 1994 casusque
883 1947 1069 1980 civitatum

72 2000 140 2035 hac
171 2009 268 2046 peste
298 2002 521 2046 perditarum
563 2001 817 2039 enumerabat,
857 2005 1070 2044 tantumque

73 2053 230 2088 studium
246 2054 291 2087 ad
314 2053 554 2097 frugalitatem
579 2051 821 2086 multitudinis
847 2050 1071 2096 provocavit,

73 2111 113 2139 ut
139 2105 278 2151 aliquos
299 2116 341 2138 ex
367 2102 422 2138 his
444 2104 642 2138 luxuriatos
666 2104 703 2137 in
728 2103 903 2148 optimam
931 2103 1069 2147 frugem

75 2168 265 2191 conversos
290 2156 397 2190 fuisse
423 2155 591 2189 credibile
622 2155 817 2190 videretur.

74 2220 154 2242 rum
172 2220 316 2255 quoque
334 2213 535 2252 separatam
553 2219 570 2240 a
592 2207 676 2242 viris
693 2209 910 2245 doctrinam,
935 2213 969 2239 et
987 2217 1071 2251 pue-

75 2272 198 2293 rorum
218 2272 236 2292 a
252 2260 462 2305 parentibus
482 2259 690 2305 frequenter
714 2258 851 2293 habuit.

74 2363 153 2398 illos
181 2363 415 2404 modestiam,
460 2369 493 2395 et
517 2362 718 2396 litterarum
745 2363 915 2397 studium.

74 2413 161 2449 haec
188 2415 284 2450 velut
307 2414 514 2461 genitricem
540 2414 712 2447 virtutum
748 2414 987 2459 frugalitatem
1018 2413 1070 2446 in-

76 2467 231 2511 gerebat.

110 2611 159 2638 59)
181 2610 311 2634 uei-0:101.
333 2610 365 2633 11.
390 2611 445 2633 116.

110 2667 158 2694 60)
179 2668 235 2695 ubi]
259 2667 298 2690 sic
319 2668 400 2690 hditt.
424 2667 517 2691 ¹555:
543 2667 591 2690 Ed.
612 2667 676 2690 1559
696 2668 741 2691 «hi.

111 2728 181 2755 60³)
202 2727 295 2751 lustin,
318 2727 379 2750 XX.
404 2730 425 2750 4.
447 2728 553 2751 5—10.
583 2728 629 2752 Ed.
653 2727 785 2751 huebner.

883 2154 1070 2188 Matrona-
1096 2178 1098 2183 «

910 2257 1071 2291 Docebat
1096 2284 1099 2294 .

74 2323 170 2345 nunc
186 2309 250 2346 has
268 2311 476 2357 pudicitiam
505 2317 539 2343 et
563 2310 734 2356 obsequia
759 2312 796 2344 in
824 2310 939 2350 viros,
975 2322 1070 2343 nunc
1096 2319 1099 2342 ε

974 2360 1071 2395 Inter
1096 2348 1099 2388 ᾖ
1124 2343 1267 2378 Lacus
1301 2341 1582 2388 Aethiopum
1627 2342 1851 2377 inducere
1887 2343 1957 2375 vel
1993 2343 2118 2376 furo-

1164 506 1241 541 Vss.
1272 508 1343 542 176
1368 521 1420 554 sq.
1456 512 1507 544 Et
1537 512 1740 555 quonium
1765 522 1918 553 magno
1937 510 2062 553 feror

1349 573 1509 605 aequore,
1535 562 1700 606 plenaque
1724 563 1830 595 ventis

1172 611 1252 643 Vela
1269 612 1345 643 dedi
1354 627 1364 651 ,-
1396 614 1483 644 nihil
1500 617 1548 646 est
1566 618 1631 646 toto
1650 615 1734 658 quod
1748 618 1873 656 perstet
1892 615 1927 646 ῖη
1948 613 2035 645 orbe.

1116 668 1236 701 Altera
1266 681 1349 713 pars
1375 671 1576 711 concionis,
1612 672 1654 704 de
1680 672 1924 706 uicissitudine
1949 671 2112 705 ominum

1117 731 1238 753 rerum
1271 732 1312 753 ex
1345 721 1482 754 alterna
1515 722 1748 767 generatione
1793 730 1827 757 et
1869 723 2114 768 corruptione,

1118 771 1306 806 continens
1348 773 1466 806 varias
1508 774 1760 809 similitudines
1796 781 1830 808 et
1863 775 2116 809 memorabilia

1117 824 1298 869 exempla,
1327 824 1456 870 quibus
1472 823 1698 871 Pythagoras
1715 827 1836 867 docet,
1863 839 1919 861 res
1935 833 2037 861 natas
2055 839 2116 860 au-

67 913 166 947 aliud
183 925 314 959 corpus
330 913 537 957 immigrare
584 918 692 958 atque
715 909 832 956 ubiw)
855 922 921 956 Per
940 909 1064 943 omnia
1088 902 1091 928 ἶ
1117 877 1211 920 geri'
1240 882 1362 911 aumas
1380 877 1521 921 ‘igere’
1556 878 1715 922 figentes
1738 890 1938 919 senescere’
1974 891 2014 912 ac
2037 885 2116 911 tan-

547 939 557 953 ,
1089 936 1091 946 .

1117 928 1199 961 dem
1231 929 1435 974 corrumpi,
1478 929 1747 975 corruptionem
1770 942 1855 964 vero
1878 931 2002 971 unius,
2043 941 2117 963 esse

1117 978 1264 1014 alterius
1279 980 1562 1024 generationem.
1615 981 1729 1016 Multa
1748 979 1806 1015 hic
1829 993 2117 1016 commemoran-

1090 1059 1091 1068 ,
1119 1038 1196 1072 tur,
1238 1044 1393 1078 quorum
1423 1032 1553 1066 similia
1579 1034 1711 1068 nostris
1734 1034 1956 1079 temporibus
1981 1033 2118 1067 accide-

1117 1089 1214 1117 runt.
1268 1083 1367 1118 Sicut
1385 1084 1481 1118 enim
1492 1085 1613 1119 Helice
1628 1092 1662 1119 et
1672 1085 1799 1127 Buris,
1825 1086 1874 1120 ita
1891 1098 2008 1131 nuper
2025 1085 2118 1119 mul-

1118 1142 1175 1169 tae
1194 1136 1301 1170 urbes
1319 1137 1356 1169 in
1370 1136 1516 1181 Belgico
1534 1150 1671 1172 mersae
1697 1144 1798 1177 sunt;
1834 1138 1921 1171 item
1945 1138 2119 1184 quemad-

1119 1188 1268 1221 modum
1286 1189 1330 1221 ad
1347 1188 1532 1222 Troezena
1553 1190 1679 1223 urbem
1697 1190 1796 1224 collis
1814 1190 1851 1223 in
1871 1189 2018 1234 planitie
2035 1201 2118 1222 ena-

1120 1246 1175 1273 tus
1193 1246 1261 1273 est:
1289 1240 1338 1273 sic
1352 1247 1474 1274 nostra
1491 1241 1666 1274 memoria
1691 1241 1798 1274 etiam
1817 1242 1977 1275 Puteolis
1996 1242 2033 1274 in
2049 1239 2121 1274 Ita-

1120 1291 1165 1323 lia
1187 1304 1290 1325 mons
1310 1292 1429 1337 erupit
1446 1305 1463 1326 e
1479 1293 1591 1334 mari,
1620 1294 1856 1338 praecedente
1873 1299 1990 1326 terrae
2015 1298 2118 1326 motu

1121 1355 1160 1376 ac
1177 1349 1388 1388 tempestate
1405 1350 1610 1379 ventorum.
1663 1345 1737 1380 Nec
1762 1345 1896 1379 mirum
1922 1344 2037 1378 videri
2060 1344 2120 1377 de-

1120 1395 1199 1434 bet,
1228 1396 1327 1441 quod
1342 1403 1467 1429 narrat
1482 1394 1720 1442 Pythagoras,
1748 1397 1903 1430 inveniri
1921 1396 2118 1442 aliquando

1122 1444 1276 1481 conchas
1292 1447 1451 1482 marinas
1468 1454 1502 1481 et
1526 1446 1703 1482 anchoras
1730 1449 1767 1482 in
1795 1449 1996 1485 111ontibus;
2031 1459 2117 1480 nam

1122 1511 1163 1532 ex
1177 1499 1372 1532 Annalium
1400 1499 1634 1534 monimentis
1663 1507 1802 1534 constat
1830 1512 1926 1533 anno
1945 1498 2055 1534 1460.
2082 1499 2120 1532 in

1120 1550 1272 1595 Alpibus
1287 1551 1471 1584 inventam
1493 1564 1565 1586 esse
1583 1552 1706 1585 navim
1725 1564 1804 1586 cum
1823 1549 1990 1585 anchoris
2006 1551 2045 1584 in
2062 1563 2122 1585 cu-

1121 1602 1241 1636 niculo
1254 1629 1263 1643 ‚
1291 1615 1355 1647 per
1371 1615 1477 1648 quem
1495 1604 1637 1637 metalla
1657 1604 1889 1638 effodiuntur.
1939 1603 2023 1637 Non
2038 1608 2122 1636 sunt

1121 1706 1216 1739 tibus
1245 1712 1279 1739 et
1302 1706 1428 1740 insulis
1454 1720 1471 1740 e
1497 1708 1587 1740 mari
1604 1708 1722 1741 subito
1741 1707 1874 1747 enatis,
1899 1708 2014 1753 deque
2041 1705 2120 1739 aliis

1094 1773 1097 1795 ς
1122 1757 1345 1791 mirabilibus
1362 1756 1419 1791 hic
1434 1759 1650 1793 referuntur.

1150 1852 1368 1885 Ciconum
1400 1853 1577 1886 flumen
1616 1859 1798 1885 vertere
1842 1852 1886 1884 in
1921 1864 2094 1891 saxum,

1433 1917 1544 1950 quae
1583 1904 1809 1947 tetigerit.

1175 1972 1251 2006 Vss.
1272 1972 1415 2019 3135q.
1452 1975 1589 2008 Flumen
1614 1974 1735 2006 habent
1759 1974 1914 2013 Cicmws,
1956 1975 2040 2020 quod
2061 1984 2122 2015 po-

1253 2068 1261 2076 ,
1540 2031 1609 2058 mm
1628 2037 1735 2058 saa-ea
1754 2026 1861 2058 reddit

1181 2079 1338 2117 Viscera,
1368 2078 1453 2122 qzcod
1468 2079 1568 2111 tactis
1586 2078 1713 2110 inducit
1732 2088 1904 2110 marmora
1922 2077 2031 2110 rebus.

1226 2136 1508 2170 Francofordiae
1536 2139 1581 2170 ad
1607 2138 1763 2170 Oderam
1797 2143 1847 2170 est
1879 2136 2004 2170 similis
2029 2136 2121 2175 fons,

1124 2189 1159 2221 in
1187 2201 1291 2234 quem
1315 2189 1422 2227 folia,
1459 2188 1641 2232 gramina,
1679 2188 1791 2232 ligna,
1821 2195 1855 2221 et
1880 2194 2060 2222 sarmenta
2087 2193 2121 2220 et

1123 2241 1232 2274 boum
1252 2252 1386 2274 cornua
1405 2241 1584 2281 coniecta,
1613 2240 1849 2285 lapidescunt.

1383 2407 1470 2427 rem
1502 2395 1571 2428 vel
1601 2393 1867 2437 lethargum.

1176 2463 1252 2497 Vss.
1273 2464 1346 2498 320
1362 2477 1413 2509 sq.
1456 2466 1697 2510 Aethiopesque
1731 2466 1839 2501 lum«,
1882 2475 1962 2508 quos
1985 2465 2015 2495 .ςὶ
2043 2464 2118 2507 quis

1533 2517 1688 2559 fimee‘lmx
1711 2518 1823 2548 lawa-it
1835 2541 1841 2553 ‚

1172 2569 1240 2600 Aut
1256 2567 1363 2609 lja-it,
1392 2573 1449 2600 (ml
1467 2570 1555 2601 mira
1573 2571 1672 2600 senti!
1685 2569 1729 2607 ⁶³²)
1747 2568 1914 2609 yravitute
1930 2577 2090 2607 soporem.

1157 2694 1204 2720 cit)
1226 2694 1301 2716 mira
1320 2692 1422 2724 sentit]
1442 2693 1481 2716 sic
1502 2693 1575 2716 Editt
1608 2692 1697 2715 1555..
1721 2691 1809 2719 1559.;
1837 2692 1916 2715 Ovid.
1938 2691 1987 2715 Ed.
2008 2690 2115 2713 Mitsch.

1193 2729 1296 2751 mirum
1316 2729 1440 2757 patitur.
