2341 2973
211 95 286 131 635

210 183 309 227 signa
334 179 509 226 quaedam
533 175 652 209 fatalia
679 175 723 207 de
748 173 969 207 incremento
997 178 1031 204 et
1048 171 1197 204 inclina-

212 235 309 268 tione
333 233 510 275 fortunae.

312 280 511 324 Procopius
536 280 579 312 de
598 278 691 310 bello
712 275 914 310 Gothorum
940 274 1030 306 libro
1047 273 1204 307 secundo
1231 298 1233 300 .

211 334 340 373 tradit,
381 331 582 365 Palladium
625 329 731 362 fuisse
776 327 955 360 redditum
992 326 1133 358 Aeneae
1169 324 1205 356 in

211 386 350 420 Italiam
378 382 553 420 venienti;
596 393 678 413 nam
712 379 951 417 Diomedem,
995 376 1056 422 qui
1081 375 1205 421 Ulysse

211 439 356 471 iuvante
376 435 462 468 illud
481 446 522 467 ex
539 445 618 465 arce
636 430 796 464 Troiana
818 429 1029 468 sustulerat,
1058 439 1130 461 esse
1146 428 1206 459 ad·

210 488 388 522 monitum
426 485 590 522 oraculo,
632 494 710 515 cum
748 481 904 524 graviter
939 492 979 512 ac
1008 478 1206 524 periculose

211 544 434 584 aegrotaret,
474 536 502 570 si
532 535 640 567 vitam
668 532 822 565 retinere
854 532 980 571 vellet,
1024 537 1062 563 ut
1090 530 1207 563 Palla-

211 592 310 625 dium
346 588 547 623 restitueret
578 585 655 617 viro
683 583 860 616 Troiano.
927 582 1058 615 Scribit
1088 587 1205 614 autem

214 643 261 689 (si
278 648 372 675 recte
394 637 559 681 memini)
580 636 685 669 fuisse
712 635 942 668 simulacrum
968 634 1080 667 instar
1104 644 1206 676 proe-

210 693 333 727 liantis
360 698 394 724 et
428 688 602 722 vibrantis
640 685 799 725 liastam;
844 698 908 718 nec
933 686 1110 723 Graecae,
1146 684 1206 717 sed
1233 699 1235 709 ι

210 743 407 789 Aegyptiae
433 739 582 784 imagini
614 738 749 776 si1nile;
791 737 925 782 diuque
957 741 1206 769 conservatum

210 796 316 830 fuisse
338 794 479 827 Romae
502 792 541 824 in
562 790 745 823 Fortunae
771 790 876 826 sano;
909 794 1030 832 postea
1056 786 1206 819 transla-

211 855 286 881 tum
315 858 387 879 esse
414 841 787 885 Constantinopolim,
823 840 941 885 ibique
965 840 1144 872 defossum
1170 837 1206 869 in

210 900 290 932 soro
317 894 557 931 Constantini.
631 892 800 927 Arbitror
824 891 1083 935 Imperatorem
1113 889 1206 922 Con-

211 949 409 985 stantinum
436 947 485 980 ita
513 956 720 990 persuasum
746 944 930 983 babuisse,
965 942 1013 974 ibi
1039 942 1115 974 sore
1141 940 1206 972 im-

211 1001 352 1046 perium
389 999 485 1032 orbis
521 1003 721 1035 terrarum,
758 995 819 1028 ubi
855 994 1086 1028 simulacrum
1118 992 1206 1025 illud

213 1051 462 1087 custodiretur.

263 1165 323 1198 De
360 1159 548 1205 sagittis
583 1157 793 1191 Herculis
830 1169 909 1201 per
949 1156 1154 1201 Ulyssem

625 1209 792 1243 allatis.

262 1283 322 1316 Vs.
338 1281 431 1329 401.
474 1281 553 1315 Vela
578 1281 656 1318 dat,
693 1283 729 1312 ut
755 1277 883 1321 referat
920 1276 1104 1319 Tirynthia
1128 1275 1206 1314 tela,

520 1332 675 1374 sagittas.

315 1391 460 1426 Graecis
482 1391 605 1423 datum
631 1393 708 1421 erat
727 1388 931 1427 oraculum,
959 1387 1109 1420 Troiam
1129 1385 1206 1430 capi

212 1456 285 1478 non
303 1456 404 1488 posse
425 1442 501 1476 sine
518 1440 654 1485 sagittis
665 1439 828 1473 Herculis
846 1437 1187 1484 (Vs.402—404.):

266 1506 356 1545 Quae
386 1509 560 1548 postquam
590 1503 634 1534 (ul
666 1503 807 1541 Graios,
851 1502 985 1534 domino
1016 1502 1207 1540 comitante,

534 1555 689 1593 revexit,

264 1608 424 1649 Imposita
459 1610 570 1649 estque
603 1603 679 1647 fero
705 1601 756 1647 ³⁰)
793 1603 924 1635 tandem
969 1614 1090 1635 manus
1126 1602 1236 1636 ulti-.

525 1667 581 1688 ma
604 1655 707 1691 belim

269 1710 372 1742 Troia
389 1708 490 1741 simul
508 1709 731 1751 Priamusque
747 1704 881 1737 cadunt.

212 1769 288 1801 Hoc
304 1768 449 1801 oraculo
470 1765 707 1809 significatum
732 1770 804 1802 est,
833 1776 980 1807 magnas
1004 1776 1059 1798 res
1083 1762 1208 1796 confici

213 1832 287 1853 non
308 1831 430 1864 posse,
458 1817 533 1851 sine
552 1814 703 1849 heroum
722 1814 868 1848 auxilio.

500 1926 722 1961 Interitus
755 1925 923 1960 Aiacis.

315 2005 432 2049 Quam
459 2004 601 2036 infirma
625 2008 660 2035 et
685 2001 821 2046 fragilis
839 2000 884 2035 sit
905 1999 1061 2034 humana
1082 2000 1206 2041 virtus,

217 2058 387 2089 admonet
410 2055 610 2099 exemplum
621 2053 740 2088 Aiacis
758 2052 1005 2086 consciscentis
1024 2052 1091 2086 sibi
1110 2065 1208 2085 mor-

214 2115 284 2142 tem
312 2113 460 2151 propter
485 2112 663 2150 acceptam
698 2105 811 2138 levem
845 2104 1028 2137 iniuriam.
1093 2104 1206 2137 Antea

214 2172 399 2204 nunquam
429 2164 504 2191 erat
528 2157 636 2190 armis
653 2156 783 2194 victus;
817 2168 912 2189 nunc
931 2156 982 2188 ira
1001 2155 1157 2189 vincitur
1176 2162 1209 2188 et

216 2210 414 2245 succumbit
439 2209 545 2242 stulto
572 2208 700 2242 dolori.
755 2208 857 2240 Hanc
885 2207 1114 2251 fragilitatem
1143 2205 1208 2241 lm-

214 2274 343 2296 manae
379 2260 519 2293 virtutis
554 2260 741 2303 diligenter
776 2259 979 2292 considerat
1010 2266 1136 2302 poeta,
1176 2266 1209 2292 et

215 2312 362 2359 pulchre
381 2311 558 2357 depingit,
585 2323 663 2343 cum
685 2311 733 2342 ait
761 2310 856 2356 (Vss.
878 2309 1144 2357 384—386.):

268 2376 411 2408 Hectora
436 2374 493 2418 qui
515 2373 625 2411 solus,
665 2373 721 2416 qui
741 2371 891 2414 s'errum,
928 2374 1119 2417 iynemque,
1158 2374 1209 2405 10-

531 2434 662 2468 remque

268 2477 441 2509 Sustinui!
463 2477 577 2517 toties,
607 2486 709 2506 unum
726 2486 791 2505 mm
809 2475 951 2507 sustine!
971 2475 1080 2513 iram,

270 2529 495 2572 Invictumque
512 2528 622 2559 virum
639 2526 717 2558 vicit
733 2525 836 2557 dolor.

251 2662 299 2687 20)
323 2662 420 2691 estque
438 2660 515 2691 sero]
536 2660 575 2684 sle
594 2660 678 2684 Editt.
697 2659 786 2689 1555.‚
809 2658 900 2687 1559.;
927 2658 1004 2682 Ovid.
1030 2658 1076 2681 Ed.
1101 2659 1208 2684 Mitsch,

287 2697 328 2720 est
348 2701 420 2720 sero.
970 2699 974 2705 ¹

819 87 940 121 PHlL.
977 85 1089 119 MEL.
1126 84 1328 120 SCRIPTA
1362 83 1698 119 PHILOLOGICA.

2184 82 2257 117 656

1228 170 1232 185 Τ
1258 169 1493 204 Verissimum
1512 177 1563 205 est
1580 171 1700 215 igitur,
1724 170 1821 215 quod
1839 169 1961 203 scrIbit
1974 168 2079 202 Plato
2090 168 2151 213 ²¹),
2179 169 2256 201 vin-

1259 233 1337 255 cere
1355 233 1389 255 se
1410 222 1526 266 ipsum
1551 234 1624 256 esse
1649 222 1811 254 omnium
1841 220 2072 253 victoriarum
2100 222 2256 264 primam

1260 280 1294 306 et
1323 273 1510 317 optimam.
1574 273 1637 307 Est
1660 273 1754 305 enim
1782 273 1897 306 maius
1925 272 2066 304 vincere
2094 272 2254 305 animum

1260 331 1294 358 et
1322 323 1487 358 cohibere
1514 325 1735 358 iracundiam
1751 351 1760 363 ,
1789 336 1897 369 quam
1919 334 2089 367 superare
2104 320 2255 357 hostem.

1260 376 1338 409 Huc
1356 377 1511 421 pertinet
1532 376 1588 409 ille
1606 375 1799 409 versiculus
1813 374 1986 409 Briseidis
2003 375 2046 407 ad
2061 372 2254 408 Achillem:

1364 435 1452 459 Vince
1471 435 1578 458 animos
1599 435 1720 464 iramque
1742 436 1834 463 tuam,
1853 435 1898 465 qui
1918 435 2032 457 caetera
2051 433 2148 458 vincis.

1286 515 1494 548 Hecubae
1540 512 1802 553 calamitas,
1848 512 2147 552 lamentatio,
2191 519 2233 545 et

1570 564 1938 598 transformatio.

1365 633 1533 667 Graviter
1560 639 1593 665 et
1627 633 1823 677 prudenter
1850 632 2013 676 deplorat
2035 638 2141 676 poeta
2171 631 2255 666 insi-

1261 697 1366 730 gnem
1386 685 1551 718 Hecubae
1571 684 1830 724 calamitatem,
1859 685 1904 716 ad
1933 683 2255 716 commonefacien-

1261 739 1326 771 dos
1342 738 1491 770 lectores
1506 738 1548 769 de
1570 735 1801 769 instabilitate
1817 747 1856 768 ac
1874 734 2117 768 vicissitudine
2133 746 2254 768 rerum

1261 787 1527 828 humanarum,
1555 799 1598 819 ne
1617 787 1695 833 quis
1720 787 1883 820 videlicet
1906 787 2011 820 rebus
2033 786 2197 820 secundis
2219 798 2255 819 se

1261 841 1404 878 efferat3
1433 841 1493 873 sed
1518 839 1668 885 quilibet
1691 839 1841 882 cogitet,
1876 851 1912 872 se
1932 850 1974 871 ex
1989 849 2128 872 summa
2144 837 2255 871 felici-

1261 898 1332 925 tate
1350 892 1387 924 in
1405 891 1556 925 similem
1575 890 1812 923 calamitatem
1837 897 1872 923 et
1895 889 2076 923 miseriam
2098 888 2254 923 incidere

1260 956 1375 988 posse.
1430 942 1487 975 Sic
1513 942 1608 975 enim
1634 954 1805 976 converso
1831 943 1876 975 ad
1896 941 1995 975 illum
2014 953 2178 975 sermone
2205 940 2254 973 ait

1261 995 1355 1039 (Vss.
1374 993 1450 1028 483
1461 1017 1504 1021 -
1519 992 1641 1039 487,);

1316 1059 1424 1101 Teque
1461 1059 1617 1097 yemunt,
1658 1055 1769 1097 virgo,
1814 1059 1926 1100 teque,
1965 1066 1982 1086 ο
2022 1055 2115 1085 modo
2159 1055 2252 1095 reqe'a

1568 1117 1736 1146 connum,

1313 1159 1420 1200 Reye‘a
1435 1159 1526 1190 dicta
1540 1169 1685 1200 pareus,
1714 1159 1819 1190 Asiae
1833 1156 1989 1199 florentis
2006 1157 2133 1199 inoca903

1312 1211 1414 1242 Nunc
1447 1210 1551 1242 etiam
1583 1210 1730 1251 praedae
1763 1209 1853 1241 mala
1889 1220 1979 1250 sors,
2017 1219 2115 1253 quum
2153 1208 2255 1240 victor

1574 1260 1708 1303 Ulysses

1313 1314 1395 1345 Esse
1410 1324 1505 1344 suam
1525 1312 1644 1350 nollet,
1668 1313 1737 1344 nisi
1753 1313 1836 1356 qumi
1851 1316 1964 1344 tamen
1980 1312 2125 1344 Hectora
2138 1314 2239 1351 partu

1317 1363 1548 1406 Edideratffl).
1580 1365 1766 1396 Dominum
1781 1364 1885 1396 matri
1901 1364 1962 1395 vix
1979 1364 2105 1404 reperit
2119 1363 2253 1394 Hector.

1263 1422 1394 1467 Magna
1421 1430 1473 1456 est
1496 1430 1615 1456 autem
1638 1423 1821 1455 calamitas
1842 1433 1990 1455 uxorem
2015 1420 2255 1466 potentissimi

1262 1475 1375 1519 regis,
1411 1481 1445 1507 et
1467 1474 1656 1507 clarissimi
1678 1473 1849 1518 principis
1873 1479 2046 1513 matrem,
2092 1473 2180 1505 adeo
2204 1471 2255 1504 vi-

1262 1527 1331 1560 lem
1349 1525 1402 1571 23)
1432 1532 1466 1558 et
1498 1526 1671 1558 abiectam
1704 1525 1800 1565 fieri,
1842 1531 1881 1558 ut
1917 1536 2040 1558 omnes
2076 1523 2253 1568 captivam

1263 1583 1513 1623 aspernentur,
1541 1590 1605 1610 nec
1622 1576 1811 1622 quisquam
1832 1575 1981 1609 ancillae
1997 1576 2076 1609 loco
2096 1587 2174 1608 eam
2192 1572 2255 1607 ha-

1261 1631 1345 1663 bere
1378 1629 1556 1673 dignetur.
1629 1627 1816 1662 Eiusmodi
1847 1627 1947 1661 triste
1981 1639 2022 1660 ac
2052 1626 2255 1661 miserabile

1262 1682 1502 1726 spectaculum
1519 1692 1640 1713 rerum
1658 1678 1899 1713 humanarum
1924 1679 2112 1723 diligenter
2137 1677 2255 1711 consi-

1262 1734 1463 1766 derandum
1495 1738 1563 1772 est,
1605 1744 1644 1764 ac
1680 1732 1717 1764 in
1742 1731 1869 1776 primis
1895 1732 2158 1765 observandum
2186 1727 2255 1762 hoc

1262 1785 1362 1823 loco,
1386 1784 1481 1829 quod
1503 1784 1621 1828 inquit
1640 1789 1743 1827 poeta
1773 1783 1850 1827 (Vs.
1868 1782 1990 1823 487.);

1312 1846 1499 1878 Dominum
1517 1847 1620 1878 num-13
1635 1846 1697 1877 vix
1713 1846 1837 1887 reperit
1855 1845 1988 1876 Hector.

1264 1903 1363 1939 Nihil
1388 1905 1482 1938 enim
1507 1910 1625 1948 potest
1652 1902 1720 1936 boc
1736 1904 1813 1948 ipso
1830 1904 1910 1936 loco
1928 1904 1973 1935 ad
1993 1902 2252 1946 deplorandam

1265 1956 1431 1990 Hecubae
1453 1956 1692 1988 calamitatem
1708 1955 1778 1988 dici
1796 1953 2045 1988 miserabilius.

1365 2015 1585 2051 Attribuitur
1600 2027 1685 2048 vero
1701 2014 1731 2047 ei
1758 2014 1967 2047 lamentatio
1991 2014 2095 2058 plena
2122 2012 2255 2046 affecti-

1262 2068 1347 2107 bus,
1391 2080 1459 2113 qua
1492 2066 1601 2099 filiam
1638 2066 1821 2110 deplorat,
1864 2078 1970 2111 quam
2011 2077 2028 2098 e
2065 2065 2253 2109 complexu

1263 2119 1372 2164 ipsius
1390 2124 1529 2163 raptam
1546 2117 1672 2152 Graeci
1693 2118 1736 2149 ad
1760 2118 1936 2151 tumulum
1953 2114 2099 2150 Achillis
2125 2117 2254 2149 immo-

1263 2171 1435 2204 laverant.
1489 2169 1552 2203 Est
1571 2169 1664 2202 enim
1684 2169 1719 2201 in
1747 2170 1894 2214 singulis
1913 2181 2023 2214 paene
2043 2170 2159 2204 verbis
2183 2167 2254 2204 πά-

1264 2222 1352 2264 θος,
1377 2228 1417 2255 ut
1439 2233 1516 2254 cum
1544 2221 1613 2261 ait,
1643 2221 1738 2253 illam
1765 2234 1837 2255 esse
1861 2222 2045 2261 ultimam,
2071 2234 2178 2267 quam
2201 2227 2254 2254 tot

1265 2275 1388 2307 orbata
1406 2272 1525 2306 liberis
1545 2273 1613 2305 iam
1635 2273 1754 2317 lugere
1772 2273 1897 2317 possit;
1913 2273 1996 2306 item
2016 2272 2112 2305 illam
2129 2285 2254 2318 quam-

1264 2325 1315 2358 vis
1344 2325 1535 2363 feminam,
1575 2331 1695 2357 tamen
1731 2324 1906 2359 interiisse
1940 2330 2084 2358 cruenta
2118 2330 2253 2360 morte;

1263 2388 1328 2409 nec
1358 2376 1408 2408 illi
1443 2375 1616 2420 profuisse
1649 2388 1789 2416 sexum,
1828 2376 1890 2422 qui
1922 2375 2071 2410 seminas
2094 2387 2112 2408 a
2146 2375 2253 2408 caede

1265 2427 1355 2461 tueri
1384 2428 1472 2461 solet
1497 2428 1573 2461 iure
1604 2427 1704 2465 belli;
1747 2427 1901 2473 denique
1926 2427 2023 2460 illam
2055 2427 2099 2460 ab
2122 2438 2195 2460 uno
2221 2432 2255 2459 et

1297 2540 1345 2566 21)
1367 2539 1436 2562 Plat.
1460 2540 1526 2568 Opp.
1549 2539 1588 2563 ed.
1610 2539 1643 2564 H.
1664 2539 1756 2569 steph.
1778 2539 1805 2564 T.
1822 2538 1852 2561 11.
1877 2544 1899 2567 p.
1915 2537 1981 2567 626,
2002 2544 2025 2563 e.

1297 2582 1533 2641 zzis’dliiileiffgan
1560 2581 1600 2605 sio
1626 2581 1709 2605 leuitt.
1733 2581 1823 2611 1555,
1847 2580 1937 2609 1559.;
1969 2580 2049 2606 Ovid.
2077 2581 2126 2606 Ed.
2148 2581 2254 2606 Mitsch.

1297 2659 1346 2686 23)
1374 2659 1469 2687 vilem]
1504 2658 1545 2682 sic
1576 2658 1660 2684 Editt.
1684 2657 1775 2688 1555.;

1336 2693 1426 2717 vitent.

1813 2657 1862 2681 Ed.
1891 2657 1964 2681 ¹559.
1996 2658 2094 2683 mendo
2128 2659 2253 2688 typomm
