2341 2973
212 61 286 96 747
779 55 901 90 PHIL.
940 55 1052 91 MEL.
1086 55 1288 89 SCRtPTA
1323 55 1659 91 PHILOLOGICA.
1806 84 1809 88 ,
2181 60 2257 95 748

265 146 366 191 Quae
386 157 448 178 vos
467 143 618 177 vicissim
636 142 756 176 multis
780 144 1022 175 condecorant
1040 142 1154 176 bonis.
1230 163 1233 187 l

262 197 402 230 Deinde
421 206 639 239 magnopere
656 206 734 234 oro,
763 194 997 239 quamobrem
1016 193 1137 226 adstiti
1147 191 1206 240 ¹⁴),
1230 205 1233 239 ;

259 248 448 282 'patienter
465 246 639 285 audiatis,
667 258 730 279 vos
748 257 813 289 ego
826 245 869 289 ¹⁵)
890 244 1021 277 indices
1229 247 1233 283 1

263 299 392 338 Facio,
422 298 622 342 improbari
635 296 679 343 ¹⁶)
695 298 825 330 sactum
849 302 1009 329 nostrum
1028 301 1194 340 oporteat

264 351 371 395 Quod
391 350 664 382 commodorum
685 347 909 392 publicorum
930 347 1042 390 gratia

264 400 594 446 Communiumque
612 411 715 433 causa
737 410 856 431 rerum
877 398 1080 442 coepimus.
1231 438 1232 441 Ἰ

261 455 318 487 An
336 453 456 497 potius
474 450 730 496 adprobarier,
758 449 971 493 cognoscite.
1230 458 1232 491 ξ

263 504 335 548 Qui
346 503 389 546 ¹⁷)
410 503 572 535 iactitant
590 500 755 533 malevoli
773 513 839 534 nos
858 512 1088 544 corrumpere

262 556 404 593 Bonos,
431 566 494 598 per
511 551 574 586 lios
593 553 715 590 ludos,
744 564 882 591 mores,
911 558 942 584 et
960 551 1115 591 fabulas,

263 607 414 639 Osficere
431 604 640 649 praedicant
656 603 717 649 qui
729 603 773 646 ¹⁷)
790 603 1049 637 sanctimoniae
1061 629 1070 642 ,

263 658 325 691 l-lis
342 669 404 690 cur
424 656 658 699 respondeam
674 681 683 694 ,
711 652 801 687 nihil
820 666 949 698 operae
966 655 1119 698 pretium
1143 660 1204 688 est.

260 710 352 743 Nam
372 708 439 751 ipsi
454 706 600 746 videtis,
629 718 736 751 quam
756 706 908 738 delirent
926 706 1101 750 improbe.

261 761 330 793 Sed
350 759 410 804 qui
429 756 699 802 reprehendunt
715 757 786 790 alio
804 762 953 789 conatus
972 758 1080 789 modo

261 812 433 849 Nostros,
462 816 495 842 et
513 808 726 852 indicantffl)
746 820 847 842 voces
866 820 928 852 per
943 808 1116 841 barbaros
1126 806 1172 851 19)

260 863 305 896 Et
323 874 385 907 per
402 860 734 906 pronuntiationem
753 859 921 893 rusticam

1228 854 1232 868 l

1230 890 1231 906 l

260 913 416 958 Lepidos
435 913 532 946 iocos
549 925 567 945 a
588 912 692 945 nobis
709 910 942 955 depravarier
954 936 963 949 ,
1229 923 1232 954 3
1249 922 1251 924 ·

1228 969 1231 983 l

260 966 510 1009 Veneremque
527 963 700 997 scenicam
719 960 1019 1001 contaminarier,

262 1017 333 1050 Eos
348 1028 537 1059 rogamus,
565 1014 667 1047 vobis
684 1012 742 1047 hic
759 1013 1023 1057 praesentibus,
1228 1046 1230 1053 Α

263 1068 357 1100 Male
375 1079 440 1100 nos
456 1067 553 1112 quod
573 1066 722 1099 facimus
731 1064 798 1111 ¹³⁰),
827 1065 893 1108 ipsi
909 1063 1043 1097 faciant
1060 1063 1203 1103 rectius,
1228 1100 1230 1109 Ι

260 1120 508 1163 Superentque
526 1123 688 1150 nostrum
708 1114 774 1149 hac
791 1116 827 1148 in
844 1128 881 1148 re
898 1115 1032 1149 scilicet
1048 1127 1203 1159 gregem,
1227 1110 1231 1175 J

258 1173 331 1204 Ant
348 1169 376 1203 si
397 1169 521 1202 melius
539 1181 582 1201 ne
598 1168 664 1212 ipsi
682 1168 798 1202 sciunt
815 1167 960 1213 quidem
973 1193 982 1206 ,
1011 1167 1132 1200 sinant

259 1220 455 1254 Tolerabili
474 1232 538 1253 nos
557 1219 735 1263 principio
753 1219 894 1251 interim
914 1218 1018 1252 utier.

257 1273 449 1317 Rebusque
466 1271 502 1303 in
522 1271 643 1304 arduis
659 1271 813 1304 voluisse
829 1269 874 1304 sit
892 1270 988 1304 satis.

259 1325 366 1369 Quod
387 1324 413 1357 si
433 1322 512 1368 quis
533 1324 575 1355 ad
597 1329 751 1355 veterem
770 1322 947 1355 rationem
966 1319 1052 1354 haec
1069 1319 1188 1364 exigit,
1227 1359 1229 1362 v

258 1376 331 1411 l'x‘ec
351 1387 423 1408 esse
441 1376 644 1407 conandum
666 1380 789 1418 putat,
805 1374 914 1419 ·quod
937 1385 1010 1405 non
1031 1384 1140 1417 queas

258 1428 459 1465 Praestare,
485 1438 618 1471 quaeso
636 1437 713 1465 vos,
740 1437 803 1458 cur
821 1425 1013 1471 quicquam
1034 1423 1202 1457 discimus
1226 1421 1229 1432 ¹

259 1480 393 1512 Rerum
415 1479 598 1517 omnium,
626 1490 705 1510 cum
725 1477 844 1510 vincat
861 1477 966 1520 longe
986 1475 1201 1521 antiquitas,

258 1531 401 1575 'Nosque
419 1529 605 1573 veniamus
621 1541 821 1574 nunquam,
840 1541 911 1573 quo
929 1524 1201 1561 contendimus?

256 1584 304 1616 At
320 1582 348 1615 si
363 1587 520 1613 meretur
536 1581 677 1614 laudem
698 1580 811 1613 multo
834 1579 1025 1612 maximam
1037 1605 1046 1617 ,
1225 1580 1228 1611 i

256 1633 349 1678 Qui,
375 1638 413 1665 ut
432 1632 568 1664 excolat
588 1632 766 1675 linguam,
794 1631 893 1663 dedit
915 1641 1062 1674 operam
1079 1640 1200 1667 suam,
1226 1655 1227 1664 ,

257 1685 327 1718 Seu
345 1683 479 1717 Graeca
498 1695 558 1716 seu
579 1682 704 1715 Latina
724 1682 858 1716 discere
877 1681 1026 1726 placuit,

257 1736 330 1770 Nec
347 1741 556 1768 consecutus
575 1741 695 1766 tannen
713 1740 783 1774 est,
812 1734 908 1779 quod
930 1731 1200 1777 praestituerat,

258 1787 294 1821 Si
313 1799 417 1820 nemo
436 1785 515 1819 duci
536 1785 623 1818 vitio
642 1791 809 1830 oportere
831 1790 994 1817 autumat

259 1838 383 1884 (Quod
402 1837 603 1871 institutum
619 1850 758 1871 summa
777 1837 881 1870 laude
898 1847 1013 1880 nuper
1029 1833 1096 1879 est)

279 1964 353 1986 dem.
389 1963 433 1993 qni
459 1963 600 1993 prologum
628 1962 662 1985 ibi
687 1962 810 1992 proxime
829 1962 1039 1992 praecedentem
1060 1960 1086 1983 iu
1106 1961 1200 1984 Eunu-

1312 141 1552 176 Declamitare
1564 169 1573 182 ,
1601 143 1861 189 materiamque
1878 143 1995 177 dicere

1309 191 1350 225 In
1368 193 1531 238 publico,
1557 206 1621 227 nec
1643 207 1716 228 esse
1732 207 1811 239 spes
1828 200 1947 228 tamen
1965 201 2100 239 potest,

1309 243 1359 276 lta
1379 251 1418 278 ut
1434 246 1574 278 deceret
1592 246 1722 279 facere:
1752 245 1867 291 curm)
1882 273 1890 285 ,
1919 247 2015 292 quod
2035 247 2195 281 omnium

1311 294 1373 328 Est
1391 296 1531 330 calculis
1552 297 1742 341 probatum
1755 323 1764 337 ‚
1793 297 1892 331 cuius
1910 295 2057 342 pulcher
2079 306 2130 333 est

1312 346 1491 387 Conatus,
1520 348 1773 388 inveniuntur,
1802 349 1863 395 qui
1880 349 2036 382 lacerent
2055 348 2170 393 opus?

1310 396 1382 430 lam
1401 411 1485 431 vero
1498 425 1506 438 ,
1536 399 1597 444 qui
1616 399 1735 443 pueris
1755 400 1881 433 melius
1897 398 1984 433 haec
2003 401 2185 441 dictitant,

1311 448 1494 493 Quoniam
1515 451 1632 484 minus
1647 457 1791 494 peccato
1808 451 1854 484 sit
1868 451 1984 491 locus,
2013 464 2137 496 agere,

1310 499 1384 534 Nec
1401 513 1493 541 esse,
1521 514 1583 535 cur
1603 502 1753 535 velimus
1769 502 1881 546 inepti
1899 515 1971 536 esse
1990 515 2074 543 nos,

1309 551 1380 585 Eos
1401 564 1464 597 ego
1477 579 1487 593 ,
1514 553 1725 586 calumniari
1744 554 1887 598 quando
1907 560 2048 595 amant,

1309 601 1407 636 Nihil
1426 616 1569 644 moror,
1597 604 1645 644 si,
1673 610 1890 649 spectatores
1909 605 2056 649 optimi,

1308 653 1473 688 Studium
1492 656 1666 700 probatur
1681 655 1781 689 vo'bis
1798 662 1832 689 et
1848 656 2022 690 industria

1309 704 1355 738 Et
1373 718 1481 751 opera
1494 733 1502 746 ,
1532 720 1638 752 quam
1659 719 1724 741 nos
1742 705 1825 740 huic
1842 707 1895 740 rei
1910 707 2140 747 navavimus,

1309 755 1386 791 Istis
1402 758 1511 803 sui²‘⁴')
1530 759 1630 802 pueri
1648 759 1798 791 recitent
1814 758 2020 803 parasiticas
2034 785 2042 797 ‚

1308 809 1394 852 Apti
1413 809 1542 855 quibus
1560 811 1708 844 fortasse
1724 816 1824 850 sunt,
1852 808 2102 855 fabellulasw).

1310 859 1376 892 Hic
1394 861 1485 893 forte
1502 859 1685 904 pulchrius
1702 869 1772 901 est,
1801 868 1872 894 tam
1892 861 2012 895 civiles
2029 861 2127 893 iocos

1309 909 1502 958 Ludosque
1518 918 1589 945 tam
1608 914 1765 947 urbanos
1783 913 1818 946 in
1835 925 1975 947 scenam
1993 910 2166 945 adferrier

1307 963 1363 995 Ab
1379 963 1421 997 iis
1439 976 1600 1010 qnoque,
1629 965 1756 998 melius
1773 965 1880 1009 paulo
1903 964 1964 1010 qui
1981 963 2201 1007 intelligant,

1310 1014 1548 1060 Quorumque
1564 1022 1680 1059 gestus
1698 1014 1795 1049 haud
1812 1018 1857 1049 ad
1876 1017 1982 1049 verba
2001 1015 2139 1059 singula

1307 1065 1517 1100 Formarier
1534 1079 1673 1101 necesse
1693 1067 1758 1107 sit,
1786 1080 1876 1112 quos
1892 1067 1943 1100 nil
1963 1067 2081 1100 minus

1307 1116 1456 1152 Venisse
1472 1131 1580 1164 quam
1599 1118 1772 1152 meditato
1781 1119 1829 1165 ⁶²²)
1846 1118 2084 1152 arbitremini.

1307 1169 1375 1202 Sed
1396 1182 1458 1203 cur
1475 1171 1604 1204 abutor
1620 1176 1772 1204 vestram
1792 1168 2106 1204 benevolentiam?

1308 1220 1404 1254 Dum
1422 1228 1474 1255 tot
1493 1222 1669 1267 pudendis
1687 1223 1846 1257 versibus
1864 1235 1927 1256 vos
1943 1223 2058 1256 obruo
2070 1248 2079 1261 ,

1307 1272 1396 1306 Cum
1423 1273 1491 1307 iam
1508 1274 1644 1314 velitis,
1671 1280 1725 1307 sat
1738 1274 1831 1314 scio,
1859 1270 2154 1315 communiterff)

1312 1324 1384 1357 Pro
1402 1325 1537 1360 viribus
1558 1326 1681 1359 iuvare
1700 1338 1878 1372 quemque
1895 1338 1951 1360 res
1968 1325 2040 1360 suis

1307 1376 1493 1417 Publicas,
1521 1378 1705 1423 bonasque
1723 1389 1938 1422 promovere
1957 1377 2104 1410 litteras.

1304 1427 1524 1463 Ardentibus
1541 1429 1632 1463 votis
1652 1429 1747 1463 Deos
1767 1428 1980 1473 precemini,

1307 1479 1414 1524 Quod
1432 1481 1515 1512 dnm
1533 1481 1734 1519 studemus,
1762 1481 1934 1514 consulite
1953 1491 2087 1526 quaeso
2104 1478 2211 1518 boni,

1306 1529 1399 1570 Nec,
1426 1531 1453 1564 si
1472 1531 1556 1575 quid
1575 1532 1813 1575 expectationi
1831 1544 1905 1564 non
1921 1531 2006 1565 satis

1307 1580 1454 1615 Vestrae
1472 1582 1634 1628 faciat‘ffl)
1647 1610 1656 1623 ,
1685 1583 1801 1629 iniqui
1816 1583 2006 1628 explodite.

1279 1656 1465 1692 Scholia
1507 1666 1548 1693 et
1581 1659 1859 1704 Argumenta
1898 1661 1941 1693 in
1977 1659 2222 1705 prologum

1496 1711 1798 1758 singulasque
1834 1724 2000 1746 scenas.

1656 1778 1844 1823 Prologus.

1355 1837 1416 1871 Vs.
1438 1838 1469 1872 1.
1504 1840 1714 1884 Postquam]
1742 1838 1924 1873 Narratio.
2036 1835 2096 1871 Vs.
2114 1835 2150 1870 6.
2176 1835 2248 1870 Βῖ-

1226 1869 1227 1872 =
1251 1886 1366 1936 phili]
1403 1887 1571 1933 Diphilus
1595 1898 1698 1934 poeta
1724 1891 1880 1924 comicus
1903 1889 1980 1923 suit.
2106 1886 2162 1921 Vs.
2189 1886 2248 1920 11.

1258 1942 1402 1974 Verbum
1426 1944 1467 1974 de
1490 1943 1614 1987 verbm]
1649 1942 1784 1976 Graeca
1810 1941 1941 1974 Latino
1975 1939 2057 1973 stilo
2092 1937 2247 1972 ornavit.

278 2000 353 2020 cinnn
374 1998 502 2027 scripsit,
537 1999 570 2021 de
596 1999 674 2020 cuius
703 1997 811 2027 prologi
839 1996 1017 2026 inscriptione
1037 1996 1098 2018 vide
1116 2001 1201 2025 supra
1225 2022 1227 2030 Ι
1253 1990 1312 2025 Vs,
1326 1992 1384 2026 15,
1399 1995 1529 2027 Dicunt
1543 1991 1723 2040 malevoli-J
1742 1993 1822 2027 Alia
1837 1990 2063 2038 defensioffl),
2114 1988 2248 2024 V5018‚

280 2040 295 2061 p
322 2032 380 2055 716.
408 2035 497 2055 notant
518 2033 591 2059 iz),
628 2033 653 2054 iu
682 2032 744 2055 Mel.
772 2033 839 2060 Opn.
868 2032 950 2054 nasu.
969 2032 1020 2059 ΝΖ,
1058 2030 1201 2054 Gratnusii
1225 2059 1227 2067 Ι

279 2067 388 2092 collect,
409 2068 572 2096 Epiaramm.
593 2067 675 2096 MeL,
705 2066 826 2089 Terentii
853 2066 934 2088 Editt.
954 2065 1026 2088 1540.
1041 2065 1086 2093 11.,
1115 2065 1199 2088 1543..

282 2101 372 2129 154ῌ,,
393 2102 467 2124 1551.
488 2104 514 2124 et
533 2102 681 2125 mcc-ianae
699 2101 872 2124 collectionis
893 2101 975 2123 'sonno
989 2099 1020 2123 11.

248 2143 290 2171 14)
311 2143 421 2171 adstiti]
441 2143 482 2166 sic
502 2151 597 2167 onmes
617 2145 681 2167 illae
702 2144 783 2167 Editt.
805 2145 917 2173 excepto
938 2143 1046 2167 Riccio.
1080 2143 1123 2172 qui
1150 2149 1199 2166 ex-

279 2178 368 2201 hibet:
395 2179 438 2201 hic
458 2179 557 2202 adsuti.

246 2220 291 2251 15)
312 2219 375 2252 ego]
403 2221 444 2243 sic
469 2221 578 2248 Prologi
597 2221 678 2251 aliq.,
709 2221 772 2244 Mel.
791 2221 858 2250 01η).
882 2220 963 2245 nasu.
983 2220 1034 2246 V.,
1059 2221 1200 2251 Grauius„

279 2255 371 2285 Ricc.;
392 2255 418 2278 111
433 2255 543 2280 Terent.
562 2256 786 2285 1«;(1111.1510.Β.,
808 2255 892 2281 1513„
916 2255 998 2283 1518,
1022 2255 1094 2279 1551.
1115 2255 1199 2279 deest.

246 2299 292 2327 16)
311 2299 474 2328 improbari]
495 2298 535 2321 sic
554 2305 649 2321 ornnes
668 2299 734 2322 illac
754 2299 837 2323 Editt.
860 2300 971 2328 praeter
990 2298 1130 2326 Riccitun,
1157 2299 1202 2329 qui

279 2335 375 2357 habet:
403 2333 585 2363 irnprobarin'.

247 2377 291 2405 17)
313 2375 363 2406 Qui
382 2389 416 2393 —
436 2377 495 2406 qui]
515 2376 555 2399 sic
575 2382 670 2398 onmes
690 2376 754 2399 illae
772 2376 854 2400 Editt.
874 2378 985 2406 praeter
1005 2376 1137 2406 Ricciutn,
1156 2376 1201 2407 qui

277 2412 398 2434 exhibet:
427 2411 503 2440 Quod
523 2422 556 2428 -
575 2410 654 2441 quod.

248 2454 294 2481 18)
315 2453 445 2485 iudicant]
468 2455 507 2477 sic
522 2454 633 2481 Proloai
647 2454 765 2483 aliquot:
786 2454 847 2477 Mel.
865 2455 931 2483 opp.
950 2455 1031 2478 Rasil.
1049 2455 1094 2481 V..
1115 2455 1200 2479 Grat-

281 2489 339 2512 hus.
367 2491 394 2511 et
412 2490 523 2512 Terent.
550 2488 632 2514 l-Jditt.
650 2489 724 2513 1540.
743 2490 788 2517 B.,
818 2490 909 2519 154³„
943 2490 1032 2514 1⁵16..
1062 2490 1135 2513 1551,
1156 2490 1200 2513 111-

279 2523 379 2545 dicant.

246 2564 292 2595 19)
312 2565 432 2589 indicant
452 2572 534 2589 voces
555 2572 603 2596 per
624 2567 774 2595 barbaros]
794 2567 887 2590 horum
908 2567 968 2590 loco
983 2566 1090 2590 aiecius
1105 2568 1199 2591 habet:

281 2600 411 2622 inducunt
432 2607 514 2623 voces
536 2602 735 2631 pei-barbaram,

243 2643 292 2670 20)
312 2642 439 2675 facimus]
467 2644 507 2667 sic
532 2650 628 2668 omncs
655 2644 719 2668 illae
742 2644 824 2669 Edltt.
853 2646 962 2674 praeter
983 2645 1119 2675 Ricoium,
1156 2644 1200 2673 qui

281 2677 403 2701 exhibet:
433 2678 518 2701 aiunt.

1287 2075 1336 2107 21)
1356 2078 1420 2105 cur]
1442 2076 1466 2100 in
1488 2077 1619 2101 Grattius.
1638 2076 1746 2100 collect.
1767 2076 1851 2099 deest.

1286 2119 1334 2150 22)
1354 2119 1412 2148 sui]
1432 2120 1473 2142 sic
1493 2119 1604 2148 Prologi
1628 2119 1749 2148 aliqu0t;
1781 2119 1844 2144 Mel.
1865 2119 1933 2149 Opp.
1954 2117 2039 2142 Basil.
2058 2117 2093 2142 V.
2113 2117 2141 2140 et
2159 2117 2245 2141 Grat-

1321 2155 1398 2179 liuS.:
1424 2153 1498 2183 Μῦες
1526 2153 1650 2177 nicetus:
1677 2159 1753 2176 suas.

1287 2197 1334 2225 23)
1356 2197 1421 2220 {stis
1447 2196 1490 2219 sui
1509 2209 1542 2212 —
1562 2196 1735 2224 fain-uultis]
1767 2196 1861 2219 horum
1889 2195 2003 2218 duorum
2030 2200 2161 2218 versuum
2184 2194 2246 2218 loco

1324 2230 1445 2255 Terentii
1465 2230 1547 2253 Editt.
1565 2230 1636 2253 1540.
1653 2232 1696 2259 Β..
1719 2231 1809 2258 1513,,
1840 2231 1913 2254 1548.
1926 2247 1933 2256 ,
1962 2230 2035 2253 1551,
2057 2229 2158 2253 habent
2176 2229 2248 2252 hunc

1323 2272 1422 2290 unum:
1449 2265 1530 2294 Istis,
1550 2265 1610 2287 suis
1632 2265 1706 2295 pueri
1727 2265 1849 2288 recitent
1869 2264 2027 2289 fabellulas.

1287 2310 1334 2339 24)
1355 2308 1500 2336 meditato]
1532 2308 1571 2331 sic
1603 2308 1715 2338 Prologi
1745 2308 1864 2338 aliquot,
1904 2307 1967 2330 Mel.
1994 2307 2062 2338 01111.
2090 2306 2172 2330 nasu.
2197 2306 2244 2336 V„

1324 2343 1470 2369 Grathus.;
1498 2343 1607 2366 Terent.
1623 2343 1705 2367 Editt.
1723 2343 1796 2366 ¹540.
1813 2343 1852 2372 11.,
1875 2341 1961 2370 1543„
1984 2342 2070 2373 1548„
2092 2341 2166 2365 1551.
2186 2346 2243 2364 me-

1323 2377 1436 2407 ditatim
1456 2377 1580 2400 nicetus:
1602 2377 1758 2402 meditatos.

1286 2419 1334 2451 25)
1355 2418 1548 2451 communiter]
1580 2420 1621 2443 sic
1652 2426 1746 2444 omnes
1778 2420 1843 2444 illae
1868 2419 1950 2443 Editt.
1977 2421 2087 2449 praeter
2110 2417 2244 2448 nicetam,

1323 2455 1367 2485 qui
1387 2455 1482 2478 hahet:
1508 2455 1629 2478 comiter.

1285 2497 1333 2524 26)
1354 2496 1452 2523 saciat]
1472 2496 1513 2519 sic
1533 2496 1645 2524 Prologi
1663 2496 1782 2526 aliquot,
1803 2496 1865 2519 Mel.
1887 2495 1954 2525 Opp.
1973 2494 2056 2518 Basit.
2077 2493 2131 2524 V.;
2156 2493 2243 2518 Grat-

1319 2532 1396 2561 hus„
1425 2532 1535 2554 Terent.
1555 2531 1638 2554 Eunt.
1657 2531 1729 2554 1510.
1746 2532 1789 2561 13.‚
1812 2530 1902 2560 1543„
1924 2530 2014 2559 1548.,
2035 2529 2112 2553 ¹551.
2130 2532 2158 2552 et
2177 2528 2242 2552 Ric-

1319 2566 1394 2589 cius:
1421 2565 1512 2590 saciet.

1284 2609 1332 2636 27)
1355 2609 1477 2632 Verbum
1495 2609 1529 2633 de
1548 2608 1634 2633 verbo
1646 2605 1836 2639 —defensio.]
1857 2606 1898 2630 sic
1912 2607 1995 2631 Editt.
2012 2606 2136 2637 154011,
2156 2605 2243 2638 1513„

1323 2643 1414 2674 1543„
1440 2644 1529 2671 1551.;
1562 2644 1609 2666 Ed.
1630 2643 1695 2666 15⁴6
1729 2643 1848 2666 Verbum
1867 2642 1902 2667 de
1922 2643 2034 2670 verba]
2059 2641 2123 2665 Alia
2145 2640 2241 2666 defen-

1321 2677 1374 2703 sio.
1400 2678 1508 2706 (verbis
1527 2677 1698 2702 intermediis
1716 2675 1853 2707 omissis).
