2341 2973
198 112 275 151 527

197 200 309 245 telligi
332 199 500 238 fluvium,
529 209 682 243 eumque
706 197 881 242 appellari
908 197 1043 231 Graece
1065 196 1192 232 ἵππον.

197 252 281 287 Non
297 258 348 284 est
373 250 467 283 enim
488 249 698 284 inusitatum
717 247 785 282 hoc
808 261 942 282 nomen
958 247 1077 285 fluvii;
1107 260 1192 281 nam

197 310 323 338 autore
349 301 546 342 Strabone,
571 302 668 346 apud
687 299 839 335 Colchos
863 300 981 334 influit
1004 300 1042 332 in
1058 297 1193 333 Phasin

197 354 312 388 amnis
328 353 476 387 nomine
493 353 644 398 Hippos.

530 439 562 472 T
572 451 590 472 r
599 451 616 472 e
626 452 641 472 s
675 438 704 471 P
714 449 732 470 a
743 449 760 470 r
769 449 786 470 c
796 449 813 470 a
824 449 854 471 e.

248 500 309 535 Vs.
328 498 415 535 654.
448 501 676 544 Triplicesque
691 500 786 532 Deae
800 503 859 532 tua
871 496 932 539 fila
948 497 1123 530 resolvent.

298 559 407 593 Extat
424 561 518 603 apud
534 558 722 591 Platonem
748 556 784 588 in
808 556 951 598 dialogo
977 557 1019 588 de
1037 553 1193 599 republi-
1218 574 1220 583 ÷

197 624 236 645 ca
253 610 299 659 54)
325 611 379 644 vel
405 612 447 643 de
471 609 585 648 iust0‚
619 605 901 653 pulcherrimum
920 607 1128 650 figmentum
1149 606 1192 638 de
1219 627 1220 654 3

196 664 336 702 Parcis,
370 661 554 707 quomodo
583 660 620 692 in
644 658 777 692 throno
801 658 1029 693 Necessitatis
1049 684 1058 698 ‚
1094 656 1192 690 cuius
1219 661 1221 701 ᾗ

196 715 289 748 filiae
314 715 516 757 finguntur,
552 712 699 745 sedeant
723 710 864 756 aequali
893 709 986 742 inter
1012 721 1048 743 se
1077 707 1192 752 spatio
1219 709 1221 739 ἓ

197 766 411 805 collocatae,
448 762 669 797 vestimentis
704 762 812 802 albis,
855 761 971 805 capite
1007 764 1221 805 coronato‚'¹

195 817 386 862 digitisque
402 821 596 861 torqueant
613 815 730 847 fusum
750 820 784 846 et
800 824 950 857 pensum
975 810 1194 845 necessitatis
1220 822 1221 829 ¹

197 882 239 903 ex
256 871 448 902 adamante
469 868 622 904 sactum3
658 866 843 910 quomodo
871 864 956 897 item
981 864 1026 895 ad
1050 860 1195 895 harmo-
1221 882 1222 886 =

196 921 296 954 niam
324 919 413 953 coeli
439 924 570 952 canant
601 916 815 961 praeterita,
852 913 1055 960 praesentia
1082 920 1117 946 et
1141 914 1194 946 fu·

357 970 511 1003 Animae
548 981 632 1002 vero
666 968 891 1002 nascentium
922 966 1116 1000 ascendant
1151 965 1195 997 ad
1222 993 1224 1002 ,

197 1022 370 1057 thronum
397 1020 643 1060 Necessitatis‚
684 1019 806 1064 ibique
833 1018 1034 1052 sortiantur
1056 1017 1129 1050 fata
1155 1028 1197 1049 ex
1222 1021 1224 1027 ¹

198 979 291 1006 [Urit.

198 1075 347 1121 genibus
366 1071 532 1106 Lachesis
553 1077 707 1115 sumpta.

302 1126 370 1159 Sed
397 1138 462 1159 nos
496 1123 636 1157 omissis
670 1118 884 1167 labyrinthis
911 1118 1197 1164 disputationum

198 1180 241 1212 de
265 1177 503 1216 Necessitate,
538 1175 690 1208 dicimus
713 1175 827 1206 satum
855 1172 1053 1216 significare
1077 1168 1198 1214 provi-

200 1229 359 1264 dentiam
384 1228 568 1267 divinam,
597 1238 689 1272 quae
714 1226 810 1258 bona
837 1229 1045 1263 conservat,
1072 1222 1199 1266 guber-

199 1288 263 1315 nat
288 1287 323 1314 et
346 1281 514 1319 adiuvat,
542 1279 637 1311 mala
666 1276 833 1322 reprimit
858 1288 898 1309 ac
921 1275 1032 1313 tollit;
1068 1280 1102 1306 et
1128 1272 1198 1306 alio

201 1334 311 1367 modo
329 1333 402 1377 agit
427 1332 464 1364 in
483 1330 640 1363 motibus
659 1329 750 1362 coeli
768 1334 802 1361 et
819 1328 1100 1365 elementorum,
1128 1324 1199 1357 alio
1227 1359 1228 1368 ἵ

200 1386 309 1419 modo
328 1385 364 1417 in
379 1382 568 1417 hominum
586 1380 846 1425 gubernatione
858 1406 867 1420 ‚
895 1379 1024 1425 quibus
1041 1389 1115 1410 non
1134 1376 1201 1409 eri·
1227 1416 1229 1426 x

200 1439 298 1483 pitur
315 1437 460 1469 libertas
478 1433 692 1472 voluntatis,
716 1433 775 1466 sed
794 1431 887 1464 iusto
906 1429 1038 1464 iudicio
1056 1428 1203 1461 adiuvat
1228 1463 1230 1474 ᾗ

202 1489 300 1523 Deus
328 1489 459 1527 iustos,
504 1492 538 1518 et
567 1484 699 1518 deserit
728 1489 848 1517 sontes
861 1510 869 1523 ‚
906 1488 946 1516 ut
971 1494 1031 1515 eos
1062 1480 1202 1525 puniat.

202 1540 360 1576 Nomina
380 1539 446 1572 tria
462 1537 663 1582 significant
681 1536 844 1568 ordinem
865 1535 1067 1567 actionum:
1097 1533 1202 1566 Κλω-

204 1590 268 1628 θώ
293 1598 345 1625 est
370 1603 389 1623 a
411 1590 612 1628 volvendo,
639 1588 676 1620 id
698 1593 767 1627 est,
792 1587 889 1619 Deus
914 1586 1019 1619 ofl'ert
1044 1584 1203 1628 primum
1230 1577 1231 1581 Ἰ

206 1644 432 1682 occasiones,
459 1647 499 1675 ut
512 1639 688 1684 Pompeio
707 1638 857 1671 offertur
878 1636 1017 1670 occasio
1034 1634 1205 1668 movendi

204 1695 308 1735 belli,
335 1701 370 1727 et
387 1691 636 1726 moderatione
654 1702 717 1724 sua
736 1689 945 1722 retinendae
964 1687 1071 1732 pacis.
1119 1683 1205 1720 Λά-

203 1758 304 1794 χεσις
329 1752 380 1780 est
403 1746 477 1789 ipse
502 1749 669 1782 eventus,
704 1753 784 1774 cum
810 1740 924 1773 movit
949 1740 1080 1772 bellum
1097 1738 1206 1771 Pom-

205 1799 327 1844 peius,
364 1798 435 1829 iam
461 1795 620 1840 periculo
647 1805 682 1828 se
707 1792 894 1837 implicuit.
948 1790 1132 1835 ’Ἀτροπος
1156 1795 1208 1823 est

208 1848 463 1887 immutabilis,
499 1847 535 1879 id
563 1852 633 1886 est,
667 1846 798 1877 factum
824 1844 994 1876 infectum
1023 1842 1101 1875 fieri
1132 1853 1207 1874 non

208 1908 336 1948 potest.
381 1901 578 1944 Postquam
597 1897 796 1942 periculum
814 1896 1023 1929 accersitum
1042 1900 1113 1933 est,
1135 1893 1206 1926 iam

209 1953 336 1987 haeret
360 1951 566 1996 implicitus.

442 2027 610 2072 Apollo
645 2025 691 2058 in
729 2030 973 2069 pastorem.

262 2088 341 2123 Vss.
359 2088 432 2122 680
452 2100 502 2132 sq.
532 2088 620 2120 Illud
642 2091 718 2120 erut
732 2090 880 2128 tempus,
916 2096 979 2130 quo
1000 2088 1033 2118 te
1056 2083 1209 2126 pastoria

626 2139 724 2181 pellis

270 2193 373 2226 Turi!
385 2217 394 2230 ,
423 2202 567 2235 onusque
580 2189 649 2232 fuit
666 2190 803 2222 buculus
818 2189 992 2231 sylvestris
1004 2186 1048 2228 ἦ)
1068 2186 1185 2218 olivae.

318 2251 449 2296 Apollo
481 2250 553 2283 sive
578 2250 639 2282 Sol
664 2249 808 2293 lingitur
840 2254 981 2292 pastor,
1022 2252 1060 2278 ut
1095 2243 1211 2290 inquit

221 2303 390 2338 Iovianus
406 2302 610 2335 Pontanus:

287 2363 364 2394 Quod
384 2361 498 2393 pascat,
518 2359 645 2391 quicquid
663 2361 712 2385 sub
730 2359 801 2385 coeti
819 2357 946 2384 nascitur
965 2356 1033 2383 oris.

483 2433 646 2466 Battus
685 2430 727 2462 in
766 2442 934 2464 saxum.

320 2494 419 2527 Batti
436 2493 557 2526 fabula
575 2493 679 2524 docet
696 2491 819 2523 fraude
841 2489 1017 2523 sermonis
1036 2500 1076 2520 ac
1096 2487 1213 2532 periu-

219 2548 275 2581 rio
309 2546 573 2579 abstinendum.
651 2542 735 2576 Fuit
767 2548 886 2574 autem
918 2542 1045 2574 Battus
1074 2540 1215 2583 ineptus

255 2642 302 2671 51)
332 2640 401 2662 Plat,
428 2639 460 2662 de
489 2638 592 2669 republ.
611 2637 647 2662 X.
665 2637 747 2667 (Opp.
774 2635 815 2660 cd.
837 2636 869 2660 11.
891 2635 983 2664 Stcplt.
1014 2634 1043 2658 T.
1059 2633 1091 2657 11.
1111 2640 1136 2664 p.
1154 2633 1215 2662 617,

255 2683 313 2739 553'
330 2674 451 2733 fiai-‘ans
470 2708 637 2736 .s›y1m÷.str1·sj
659 2706 699 2731 sie
718 2706 802 2732 Editt.
821 2705 913 2736 15:³52,
935 2704 1030 2733 1559.;
1065 2702 1147 2728 ονω.
1168 2703 1216 2727 κα.

292 2744 400 2769 Mitsch.
420 2744 554 2768 baculum
570 2744 715 2768 silvestre.

768 109 892 146 PHIL.
928 108 1041 144 MEL.
1069 108 1274 144 SCRIPTA
1306 107 1646 145 PHILOLOGICA.

1233 1874 1234 1884 ¹
1262 1864 1324 1910 qui
1346 1875 1430 1898 suae
1459 1862 1617 1896 confidit.

2169 106 2245 145 528

1248 202 1375 241 poeta,
1421 195 1520 231 cuius
1557 196 1720 230 odiosam
1749 195 2004 243 loquacitatem
2038 192 2096 228 hic
2125 201 2246 235 notat;

1247 260 1333 281 nam
1353 248 1390 281 in
1411 247 1486 282 eius
1503 249 1662 283 versibus
1677 249 1801 281 eadem
1819 248 1927 280 verba
1944 258 2049 291 saepe
2066 246 2248 280 iteraban-

1248 305 1321 334 tur.
1391 298 1515 345 ltaque
1538 300 1583 333 ad
1609 300 1878 345 exprimendam
1902 298 2138 342 battologiam
2163 310 2249 333 usus

1249 357 1304 385 est
1321 348 1376 385 his
1393 350 1666 396 repetitionibus
1691 351 1785 396 (Vss.
1801 351 1876 387 702
1892 350 1981 398 sq.):

2030 410 2101 445 Sub
2127 411 2200 444 illis

1303 463 1502 505 Montibus,
1531 465 1663 509 inquit,
1692 469 1792 497 erant
1809 462 1875 508 ⁵⁰),
1903 467 1935 496 et
1954 467 2055 496 erant
2075 462 2135 496 sub
2158 471 2252 495 mon·

1573 515 1664 548 tibus
1678 515 1760 548 illis.

1248 583 1277 617 It
1293 583 1456 629 em(Vss.
1476 582 1552 617 704
1567 582 1655 629 sq.):

1641 648 1673 677 et
1692 655 1742 677 me
1760 645 1844 678 milei
1888 643 2033 688 perfide,
2060 640 2204 687 prodis?

1301 696 1362 729 Me
1384 696 1468 728 mihi
1482 691 1627 738 prodis?
1653 697 1714 729 ait.
1854 671 1862 689 ³

1511 793 1664 827 Pallas
1696 806 1772 827 cur
1807 800 1992 828 armata.

1309 862 1369 896 Vs.
1388 861 1474 897 752.
1520 865 1629 896 Vertit
1649 865 1693 896 ad
1709 864 1798 896 hanc
1815 865 1904 897 torvi
1923 865 2000 898 Dea
2016 863 2134 897 bellica
2151 862 2253 895 lumi-

1581 916 1636 947 m's
1659 916 1753 947 orbes
1770 914 1827 960 ⁵⁷).

1361 981 1481 1014 Pallas
1502 981 1648 1025 fingitur
1679 982 1787 1015 simul
1817 989 1852 1015 et
1880 982 2078 1026 sapientiae
2107 987 2142 1014 et
2170 979 2256 1014 belli

1251 1033 1328 1067 Dea
1344 1060 1354 1074 ‚
1382 1039 1422 1066 ut
1449 1032 1689 1076 significetur,
1716 1045 1781 1066 nec
1808 1033 2022 1078 sapientiam
2042 1045 2062 1065 a
2078 1032 2254 1077 potentia,

1252 1097 1318 1118 nec
1356 1084 1556 1129 potentiam
1588 1096 1609 1116 a
1649 1084 1826 1128 sapientia
1863 1084 2061 1118 seIunctam
2090 1096 2162 1117 esse
2194 1084 2255 1116 de-

1251 1137 1356 1170 bere:
1385 1135 1562 1182 siquidem
1586 1136 1748 1179 potentia
1772 1136 1848 1169 sine
1865 1135 2040 1180 sapientia
2061 1135 2161 1168 obest
2175 1134 2255 1179 plu·

1252 1189 1387 1222 rimum
1402 1214 1410 1228 ‚
1449 1193 1483 1220 et
1505 1186 1682 1232 sapientia
1708 1187 1783 1221 sine
1806 1186 1968 1232 potentia
1991 1184 2084 1219 nihil
2108 1191 2171 1219 aut
2191 1197 2255 1230 pa-

1253 1252 1334 1274 rum
1356 1239 1514 1284 prodest.

1609 1312 1669 1346 De
1705 1311 1901 1347 Invidia.

1310 1383 1386 1417 Vss.
1407 1382 1482 1416 760
1504 1395 1555 1428 sq.
1602 1385 1767 1416 Protinus
1791 1383 1945 1415 Invidiae
1975 1383 2074 1424 m'yro
2097 1379 2255 1425 squalen-

1673 1435 1723 1467 ίὶιι
1752 1434 1827 1466 tabo

1313 1489 1414 1520 Tecta
1435 1487 1529 1528 petit.

1362 1554 1516 1597 Elegans
1540 1559 1591 1586 est
1607 1551 1768 1585 Invidiae
1794 1551 2080 1595 prosopopoeia,
2109 1561 2179 1595 qua
2203 1549 2257 1582 in-

1258 1606 1427 1639 vidorum
1455 1610 1605 1644 natura,
1650 1603 1796 1636 affectus
1831 1609 1866 1635 et
1898 1613 2017 1635 mores
2051 1600 2257 1635 describun-

1259 1664 1330 1692 tur.
1391 1656 1515 1689 Prima
1540 1654 1700 1688 Invidiae
1732 1653 1842 1699 ipsius
1873 1654 2003 1686 domus
2034 1652 2073 1685 in
2105 1651 2258 1686 vallibus

1260 1709 1363 1749 imis,
1391 1707 1566 1751 significat
1582 1704 1665 1740 huic
1685 1706 1815 1739 morbo
1843 1703 2018 1738 obnoxios
2044 1716 2118 1738 esse
2140 1701 2258 1736 homi-

1259 1773 1322 1794 nes
1359 1772 1434 1792 non
1468 1759 1625 1798 excelso,
1667 1758 1728 1791 sed
1751 1755 1879 1791 humili
1903 1756 2026 1789 animo
2055 1754 2258 1800 praeditos;

1260 1824 1367 1845 nemo
1385 1811 1481 1844 enim
1493 1837 1502 1851 ‚
1528 1816 1569 1843 ut
1587 1810 1658 1843 dici
1672 1810 1781 1849 solet,
1809 1808 1955 1843 alterius
1971 1806 2097 1841 virtuti
2111 1806 2260 1847 invidet,

1678 1860 1820 1894 Docent
1843 1866 1962 1893 antem
1990 1857 2149 1903 physici,
2191 1856 2258 1892 hos

1261 1917 1475 1961 plerumque
1492 1912 1621 1947 humili
1638 1925 1678 1946 ac
1695 1912 1741 1957 58)
1764 1913 1901 1945 deiecto
1919 1910 2042 1943 animo
2061 1922 2154 1950 esse,
2180 1908 2260 1956 qui-

1262 1969 1327 2001 bus
1354 1966 1498 2011 sanguis
1522 1965 1615 1999 inest
1637 1964 1820 2007 frigidior:
1850 1963 1931 1995 ideo
1954 1968 1989 1995 et
2011 1960 2171 1994 Invidiae
2196 1961 2260 1995 do-

1263 2032 1343 2054 mus
1367 2025 1418 2052 est
1444 2017 1554 2050 tristis
1581 2023 1616 2049 et
1642 2015 1763 2060 ignavi
1788 2014 1994 2059 plenissima
2018 2012 2182 2058 frigoris,
2226 2018 2261 2046 et

1265 2083 1357 2117 quae
1387 2069 1463 2113 (Vs.
1481 2067 1585 2114 764.)

1315 2133 1398 2176 lyne
1414 2135 1506 2164 vacet
1521 2127 1569 2173 59)
1585 2139 1732 2171 semper,
1761 2128 1907 2171 cale'yine
1921 2137 2050 2169 semper
2064 2126 2221 2159 abundet.

1265 2192 1404 2225 Deinde
1424 2191 1506 2235 quia
1525 2189 1648 2221 virtuti
1668 2201 1707 2220 ac
1727 2188 1923 2232 sapientiae
1943 2200 2022 2220 curn
2048 2185 2184 2218 invidia
2207 2184 2262 2217 ni-

1266 2242 1318 2277 hil
1342 2249 1393 2277 est
1418 2240 1645 2280 commercii,
1682 2238 1776 2273 hanc
1804 2239 1849 2272 ob
1875 2250 2018 2272 causam
2042 2237 2161 2271 Pallas
2186 2248 2263 2270 non

1267 2296 1379 2328 intrat
1402 2292 1512 2337 ipsius
1535 2292 1664 2332 limen,
1699 2293 1760 2325 sed
1782 2297 1901 2335 postes
1934 2296 2092 2324 extrema
2118 2288 2263 2333 cuspide

1266 2347 1403 2392 pulsat,
1430 2342 1498 2378 hoc
1516 2350 1586 2385 est,
1615 2344 1728 2388 ipsam
1747 2348 1952 2377 commovet
1966 2340 2152 2375 invidiam.
2199 2339 2265 2373 His

1267 2398 1364 2432 enim
1387 2397 1514 2436 rebus,
1549 2396 1680 2429 virtute
1705 2408 1745 2429 ac
1769 2394 1964 2439 sapientia,
2006 2393 2097 2428 solet
2126 2391 2265 2425 invidia

1268 2449 1453 2483 concitari.
1507 2448 1697 2482 Postremo
1716 2447 1897 2490 eleganter
1919 2444 2132 2480 describitur
2153 2443 2265 2488 ipsius

1268 2503 1385 2535 forma
1404 2501 1448 2533 ab
1468 2500 1596 2534 effectu
1626 2500 1702 2545 (Vs.
1720 2497 1842 2545 775.):

1304 2604 1351 2636 56)
1371 2602 1470 2635 erant]
1490 2602 1530 2627 sic
1549 2601 1630 2626 Editt.
1649 2601 1743 2632 1555„
1764 2600 1856 2630 1559.;
1885 2597 1965 2623 Ovid.
1984 2598 2035 2623 Ed.
2054 2597 2150 2622 Misch.
2168 2597 2265 2623 erant.

1304 2648 1352 2680 57)
1373 2646 1469 2679 orbes]
1491 2646 1532 2670 sie
1551 2645 1633 2669 Editt.
1649 2644 1741 2675 1555„
1762 2643 1853 2673 1559.;
1875 2642 1952 2667 Ovid.
1972 2642 2021 2667 Ed.
2034 2642 2144 2668 Mitsch.
2161 2641 2264 2667 orbem.

1305 2692 1353 2723 58)
1373 2692 1419 2719 ae]
1440 2691 1490 2714 Ed.
1508 2689 1583 2713 ¹559.
1603 2687 1700 2712 mendo
1720 2688 1848 2718 typogn:
1867 2692 1893 2712 a.

1306 2733 1354 2765 59)
1374 2732 1470 2765 vacet]
1492 2732 1533 2757 sic
1553 2730 1745 2761 Editts1555„
1766 2730 1858 2761 1559.;
1885 2727 1963 2754 ovid.
1982 2728 2033 2753 Ed.
2046 2727 2154 2753 Mitsch.
2167 2728 2266 2754 vacat.
