2341 2973
204 108 277 143 103

201 206 349 239 precans
365 193 459 227 Deos
477 194 556 238 em]
609 194 705 230 ffiltte
722 195 825 238 fflOss',
849 199 911 232 bug
939 207 972 231 et
1000 197 1049 232 bit
1070 196 1192 241 berung

201 245 305 291 belffe.

301 296 360 329 Vs.
386 293 471 329 359.

530 295 612 329 Non
639 298 740 330 valde
773 297 975 331 manifestes
1002 304 1059 331 tua
1083 298 1192 338 mala,

200 347 334 380 malum
368 353 418 380 est
452 348 666 393 ostendere]
730 349 793 382 Est
817 350 991 394 quaedam
1017 349 1191 392 sapientia

199 404 315 441 tegere
343 398 504 432 adversa.
556 400 665 435 Qenn
694 401 779 436 einer
807 401 906 444 Iiegr.
947 399 979 442 so
1007 399 1120 445 sdyeust
1148 401 1192 445 ie:
1217 429 1219 454 t

198 451 332 485 hermon
361 448 433 493 mtff
457 449 512 493 jm.
566 450 736 484 Salomon
753 452 813 495 27);
850 450 962 484 Iustus
994 451 1112 495 lapsus
1134 464 1192 485 co·
1217 459 1219 494 ξ

196 512 274 533 ram
300 501 411 544 impio
433 507 485 534 est
508 501 586 535 sons
614 502 783 546 limpidus
810 503 1041 536 conturbatus
1066 515 1190 536 coen0.
1217 495 1219 531 !

197 550 333 585 Omnes
369 553 603 596 gnomologos
637 553 747 585 vincit
775 553 958 587 Salomon.
1011 553 1190 597 Semei2s)

195 602 348 636 laetatur
373 603 409 635 in
428 604 628 636 calamitate
646 603 813 644 Davidis,
841 611 892 638 est
908 603 1191 651 ἐπιχαιρέκακος.
1217 622 1218 634 ¹

197 653 303 687 Tales
321 654 424 686 multi
449 661 549 694 sunt,
577 655 682 687 etiam
701 668 853 700 quorum
875 662 925 690 est
943 656 1134 690 eminentia
1154 656 1191 688 in
1217 637 1219 700 ζ

197 717 409 750 quacunque
433 717 490 745 re,
517 712 637 738 tamen
653 713 703 740 est
718 707 837 740 multis
859 707 1047 750 gaudium,
1076 719 1192 753 quan-
1217 704 1218 753 ]

196 757 241 789 do
269 754 505 789 humiliantur
524 763 558 790 et
579 758 789 802 puniuntur.
1216 757 1218 791 i

297 806 357 840 Vs.
374 807 459 841 360.
488 807 606 842 Habes
622 821 768 853 paucos,
793 809 929 849 anxios,
947 810 1075 848 tristes,
1094 820 1191 841 moe-
1216 802 1218 846 l

196 864 267 892 stos
285 858 321 890 in
339 858 540 892 calamitate
564 861 651 905 tua.]
704 860 883 894 Pindarus
898 860 961 905 9’9):
1216 849 1218 897 i

301 907 352 944 Τὸ
380 909 515 944 οἰκεῖον
538 909 670 954 πιέζει,
700 910 905 958 ἀλλοτρίων
931 910 974 946 οὐ
993 909 1103 956 μέλει.

194 961 305 995 Pauci
336 968 516 1006 anguntur
543 964 586 996 de
615 963 802 1007 Ungaricis
835 963 1095 996 calamitatibus
1126 968 1190 996 etc.
1216 964 1218 998 ἔ

194 1012 246 1046 lta
271 1014 309 1046 fit
335 1013 370 1045 in
396 1014 488 1053 vita,
519 1021 568 1047 est
591 1016 782 1059 descriptio
805 1027 904 1049 casus
923 1026 984 1048 seu
1008 1020 1165 1047 eventus.
1216 1016 1218 1063 J

297 1063 374 1098 Vss.
390 1065 462 1098 361
475 1065 620 1100 -363.
665 1066 737 1099 Cor
752 1066 821 1098 viri
837 1066 1031 1105 minuitur,
1059 1071 1110 1098 est
1125 1065 1191 1096 im-

195 1115 373 1156 becillius,
399 1117 620 1160 languidius,
656 1118 843 1161 languefit,
878 1116 939 1162 qui
969 1122 1020 1150 est
1046 1116 1190 1148 affectus

195 1178 325 1210 magno
352 1167 467 1207 malo,
494 1169 618 1202 crescit
641 1168 801 1208 animus,
827 1169 971 1214 quando
997 1167 1189 1201 ulciscitur.

194 1217 291 1251 Bene
318 1218 513 1264 alloquaris
538 1218 761 1268 inimicum,]
790 1220 825 1253 id
852 1226 923 1258 est,
957 1231 1032 1252 non
1056 1224 1189 1252 certato

195 1269 383 1309 conviciis,
410 1271 502 1302 facto
520 1271 648 1314 punias
663 1272 737 1305 sine
758 1271 945 1304 virulentia
960 1297 969 1310 ,
995 1269 1080 1313 {onst
1093 1269 1190 1315 beist&

194 1320 326 1366 sd2eltcn
355 1323 420 1357 unb
439 1321 544 1366 niebtss
561 1323 653 1367 tbun.
707 1322 746 1355 In
763 1322 833 1355 vita
852 1322 1091 1355 Timoleontis
1107 1321 1190 1354 Plu-

195 1371 380 1418 tarcl1i³⁰):
411 1373 515 1406 Multi
537 1376 649 1418 magis
669 1375 924 1407 exacerbantur
944 1373 1059 1406 verbis
1082 1384 1188 1417 quam

193 1423 295 1457 factis
319 1425 511 1459 atrocibus.
566 1425 649 1459 Non
677 1432 728 1459 est
750 1432 823 1458 tam
848 1424 958 1457 facilis
981 1423 1190 1456 reconcilia-

194 1475 265 1515 tio,
293 1474 374 1520 quia
401 1482 481 1519 post
507 1477 736 1509 acerbitatem
771 1476 1014 1509 conviciorum
1039 1475 1086 1507 ita
1111 1486 1190 1507 sau-

195 1526 335 1559 ciantur
353 1527 485 1566 animi,
512 1534 551 1560 ut
568 1528 638 1561 sint
657 1528 920 1572 implacabiles,
944 1527 1091 1559 vulnera
1109 1531 1191 1559 sunt

194 1577 426 1617 insanabilia,
460 1576 534 1613 ὑπὸ
563 1576 685 1626 λόγων
711 1581 853 1624 μᾶλλον
880 1576 903 1623 ἢ
930 1576 1102 1623 πράξεων
1124 1589 1190 1611 πο-

193 1631 329 1673 νηρῶν.
385 1629 539 1673 Quidam
564 1631 713 1670 nobilis,
742 1644 820 1663 cum
845 1631 1035 1662 ederentur
1059 1628 1188 1671 scripta

194 1679 449 1712 conviciatoria
478 1681 699 1725 principum,
728 1682 831 1714 dixit:
861 1680 922 1724 Sd)
938 1680 1003 1724 bab
1030 1689 1096 1715 bon
1116 1680 1190 1713 mei:
1216 1686 1218 1714 ὲ

194 1741 266 1765 nem
285 1730 394 1766 ,santet
423 1732 557 1776 gebb'tt.
586 1734 637 1767 ein
654 1733 756 1776 &einh
773 1743 850 1777 mag
870 1734 1033 1773 brennen,
1063 1731 1096 1775 ja
1116 1741 1189 1765 tau:

193 1781 328 1829 beau),
357 1793 390 1817 et
419 1786 476 1827 geb
504 1794 566 1819 nut
594 1784 677 1830 nid>t
705 1784 884 1829 sebettmort
913 1787 990 1819 αιιὸ.

297 1841 356 1876 Vs.
376 1843 462 1877 364.
494 1841 606 1878 Τῖσαί
630 1844 770 1891 μινῖνῆἶ
800 1845 831 1877 id
852 1851 920 1883 est,
946 1844 1074 1888 punias
1089 1842 1187 1876 illum
1215 1844 1217 1877 ἒ

193 1894 267 1928 sine
295 1894 365 1927 ulla
395 1895 632 1929 excusatione.

296 1944 355 1978 Vs.
378 1945 464 1980 365.
518 1945 652 1980 Cohibe
670 1954 846 1985 mentem,
873 1946 1020 1979 comitas
1046 1945 1190 1978 comite-

194 2001 252 2029 tur
280 1996 474 2042 linguam,]
492 1998 523 2031 id
547 2004 615 2038 est,
645 1999 703 2044 qui
724 1998 918 2044 alloquitur
936 1996 1098 2030 homines
1115 1996 1190 2029 sine

195 2049 397 2092 asperitate.
1215 2060 1217 2076 ι

299 2099 433 2132 'l'imidi
466 2100 580 2133 solent
613 2101 826 2140 conviciari,
861 2099 936 2145 (Vs.
956 2099 1060 2145 866.)
1096 2099 1191 2131 timi-

196 2151 323 2183 dorum
352 2158 402 2184 est
427 2163 487 2183 cor
512 2152 744 2196 iracundius]
806 2152 954 2195 Semper
980 2150 1083 2183 multi
1108 2156 1190 2184 sunt

196 2202 466 2241 obtrectatores,
510 2203 591 2247 quia
628 2201 735 2235 bomo
766 2209 893 2236 natura
925 2208 976 2235 est
1017 2201 1187 2247 quiddam

195 2251 410 2300 φθονερὸν,
435 2254 468 2286 id
500 2260 568 2293 est,
596 2253 753 2287 invidum
787 2255 822 2287 in
845 2252 911 2287 hac
936 2253 1188 2286 imbecillitate.

228 2388 276 2416 27)
295 2388 376 2413 νων.
395 2388 440 2419 25,
458 2388 500 2412 26.

231 2439 278 2466 28)
298 2438 399 2471 Somni]
421 2439 460 2462 sic
480 2438 580 2469 scripsi
601 2438 679 2470 (vide
701 2438 724 2462 ².
737 2441 808 2462 sam.
829 2439 874 2469 ¹6,
894 2439 911 2462 5
931 2440 1021 2470 sqq.);
1040 2439 1088 2462 Ed.
1113 2439 1186 2463 1560,

265 2475 352 2499 mate:
373 2474 489 2497 semeia.

230 2524 278 2551 29)
299 2525 376 2548 conr.
396 2525 470 2548 Piud.
491 2526 564 2548 Nem.
587 2527 610 2553 1,
629 2524 663 2548 53
677 2532 717 2554 sq.

231 2574 278 2606 30)
299 2575 436 2599 Plutarch.
456 2577 549 2600 Timol.
571 2584 592 2600 e.
613 2576 655 2601 ³2.

230 2626 280 2654 21)
298 2627 409 2655 reuben]
431 2628 479 2652 Ed.
503 2628 577 2651 1560.
597 2627 680 2653 tebni.

231 2677 278 2709 32)
298 2677 360 2709 μιν]
381 2678 420 2700 sit;
440 2679 578 2709 bidjam).
600 2681 626 2702 et.
642 2680 761 2707 Theogu.
783 2678 1085 2704 Edfitt.1561—15‘st.2
1104 2679 1187 2703 Editt.
1213 2674 1216 2694 l

268 2716 368 2735 recent.
391 2720 439 2735 νιν.

783 109 904 145 PHIL.
942 110 1054 144 MEL.
1089 109 1289 144 SCRIPTA
1318 109 1652 147 PHILOLOGICA.

1216 1067 1217 1079 ¹
1245 1078 1262 1099 a
1287 1066 1364 1101 Deo
1377 1066 1405 1115 ‚]
1432 1069 1467 1101 id
1498 1075 1568 1108 est,
1603 1070 1645 1101 de
1677 1067 1766 1103 Deo.

2167 115 2241 150 104

1348 196 1428 231 Vss.
1441 196 1514 231 369
1524 210 1576 242 sq.
1610 196 1892 243 Reprehendunt
1911 212 1965 232 me
1983 199 2067 248 em]
2098 202 2240 237 Rfim'oen

1217 266 1218 290 ᾗ
1245 250 1306 283 mit
1333 248 1415 293 nicht
1443 249 1504 284 alle
1535 249 1669 293 ticbten'
1695 249 1726 293 so
1752 250 1868 285 mosten
1895 252 1957 287 mit
1985 252 2057 297 bod)
2086 253 2148 288 alle
2163 252 2240 298 rich:

1247 303 1299 335 ten
1317 299 1377 346 33).

1346 350 1421 384 Vss.
1439 350 1508 384 371
1523 363 1574 395 sq.
1627 351 1709 385 Non
1729 365 1784 385 me
1801 353 1978 385 nolentem
1996 366 2156 398 pungens
2175 355 2241 390 sub

1245 414 1387 435 currum
1407 401 1520 444 adige,
1544 399 1689 436 trahens
1705 404 1807 436 valde
1823 405 1867 437 ad
1885 403 2111 452 amicitiam.]
2140 405 2240 451 Quos

1247 453 1360 486 credis
1398 454 1486 485 fidos
1498 453 1630 496 effuge,
1659 460 1755 487 tutus
1779 455 1858 488 eris.

1350 503 1426 537 Vss.
1448 504 1522 537 373
1541 517 1617 549 sqq.
1671 507 1746 539 Ζεῦ
1773 504 1856 551 φίλε
1879 505 1963 553 etc.]
2019 507 2173 552 Querela
2195 508 2240 541 de

1244 555 1484 599 providentia.
1538 554 1689 600 Iupiter,
1722 567 1784 588 cur
1810 569 1882 589 non
1907 558 2032 592 tribuis
2057 559 2150 592 bona
2177 559 2240 592 bo-

1244 606 1318 646 nis,
1347 606 1439 638 mala
1465 606 1591 640 malis?
1651 606 1724 640 Nos
1748 607 1876 641 scimus
1903 608 2097 643 Ecclesiam
2127 610 2240 653 magis

1245 658 1438 691 subiectam
1470 658 1585 697 cruci,
1621 664 1660 691 ut
1689 665 1856 702 agnoscat
1889 667 2090 703 peccatum,
2131 661 2239 694 etiam

1245 709 1327 754 quia
1359 709 1521 742 diabolus
1553 709 1665 752 magis
1702 721 1778 742 eam
1807 710 1994 745 excruciat.
2075 712 2239 745 Tandem

1244 760 1370 793 melius
1397 760 1463 792 erit
1486 760 1604 800 iustis,
1641 761 1705 794 etsi
1730 761 1951 806 aliquamdiu
1975 762 2189 806 affligantur.

1347 810 1406 845 Vs.
1425 810 1511 845 377.
1541 809 1729 859 ἂλιτροὺς]
1759 812 1794 844 id
1819 818 1889 853 est,
1917 813 2078 848 iniustos.

1343 862 1421 896 Vss.
1446 862 1520 896 379
1541 875 1594 908 sq.
1648 862 1684 896 Si
1711 875 1788 896 mea
1815 876 1913 897 mens
1942 865 2048 897 fuerit
2073 875 2174 899 versa
2195 864 2241 897 ad

1216 918 1218 950 j
1244 913 1434 954 iustitiam,
1463 914 1695 954 modestiam,
1723 915 1795 948 sive
1820 916 1863 948 ad
1886 915 2096 950 iniustitiam
2123 913 2241 949 homi-

1243 976 1328 998 num
1357 965 1682 1009 obtemperantium
1701 966 1839 1000 iniustis
1868 967 2046 1010 operibus.

1344 1016 1420 1050 Vss.
1441 1017 1668 1051 381—383.
1721 1015 1819 1051 Nihil
1843 1024 1936 1051 certe
1958 1024 2009 1052 est
2033 1016 2240 1051 hominibus

1827 1068 1966 1102 Tamen
1991 1067 2125 1103 habent
2151 1068 2240 1101 mali

1245 1118 1387 1152 divitias
1406 1119 1563 1159 illaesas,
1591 1120 1765 1162 integras,
1785 1120 1860 1153 sine
1882 1119 2048 1168 damna]
2090 1120 2239 1153 Senten-

1244 1169 1292 1202 tia
1320 1176 1371 1204 est
1389 1176 1511 1203 contra
1530 1170 1808 1215 providentiam.
1852 1171 1919 1204 Sed
1937 1170 2123 1215 responsio
2140 1170 2240 1214 prin-

1245 1221 1367 1264 cipalis
1393 1228 1443 1255 est
1467 1223 1510 1254 ad
1538 1220 1623 1260 hoc,
1667 1222 1763 1266 quod
1793 1227 1901 1255 restet
1932 1222 2029 1255 aliud
2056 1221 2239 1262 iudicium,

1242 1272 1304 1305 ubi
1333 1272 1542 1305 liberabitur
1572 1271 1741 1307 Ecclesia.
1810 1272 1982 1305 Salomon
1997 1272 2062 1318 3’*);
2105 1272 2239 1306 Omnia

1244 1323 1394 1355 adducet
1420 1323 1516 1356 Deus
1546 1325 1590 1356 ad
1625 1323 1794 1356 iudicium
1828 1322 2078 1369 (κεκριμένον)
2108 1323 2241 1356 scilicet

1244 1387 1285 1407 ex
1310 1374 1369 1406 illa
1395 1374 1530 1417 specie,
1557 1374 1784 1418 spectaculis,
1813 1380 1962 1414 eventu,
1990 1374 2050 1407 sed
2069 1374 2172 1408 nobis
2189 1379 2241 1407 est

1245 1431 1379 1458 certum
1406 1438 1445 1457 ex
1471 1426 1579 1457 verbo
1605 1425 1692 1464 Dei,
1721 1425 1756 1457 id
1783 1432 1852 1466 est,
1877 1422 1987 1458 homo
2012 1437 2087 1458 non
2111 1425 2173 1459 scit
2198 1436 2240 1458 ex

1244 1477 1349 1510 rebus
1371 1476 1534 1510 secundis
1561 1477 1615 1509 vel
1634 1476 1810 1516 adversis,
1837 1489 1881 1509 an
1899 1478 2037 1520 placeat
2054 1476 2150 1514 Deo;
2179 1476 2241 1509 sed

1245 1541 1286 1562 ex
1321 1528 1428 1560 verbo
1462 1527 1529 1560 Dei
1560 1528 1642 1566 scit,
1677 1534 1715 1560 ut
1750 1528 1866 1561 omnis
1899 1526 2033 1562 habens
2064 1528 2239 1572 pollutam

1244 1579 1496 1613 conscientiam
1525 1579 1589 1611 scit
1613 1591 1648 1612 se
1671 1579 1855 1622 displicere
1872 1578 1948 1612 Deo
1967 1586 2030 1613 etc.

1293 1630 1353 1663 Vs.
1371 1630 1445 1664 383
1471 1628 1638 1677 ἔχουσιν]
1663 1630 1794 1663 scilicet
1819 1629 1914 1663 mali.

1293 1682 1369 1715 Vss.
1387 1681 1460 1715 383
1476 1694 1528 1726 sq.
1581 1681 1651 1713 Alii
1675 1681 1734 1726 qui
1763 1686 1885 1713 arcent
1909 1681 2067 1713 animum
2093 1693 2112 1712 a
2137 1679 2240 1714 malis

1242 1734 1361 1771 factis,
1399 1733 1449 1765 illi
1476 1730 1607 1765 babent
1634 1739 1787 1765 matrem
1822 1729 2084 1778 paupertatis,]
2119 1730 2154 1764 id
2177 1737 2240 1772 est,

1243 1784 1565 1828 impossibilitatem
1593 1789 1686 1816 recte
1715 1783 1880 1817 faciendi.

1344 1835 1404 1869 Vs.
1422 1833 1508 1869 385.
1562 1835 1663 1879 Quae
1688 1840 1879 1878 paupertas
1905 1833 2001 1866 ducit
2020 1832 2179 1866 animum
2202 1832 2240 1865 in

1243 1884 1402 1934 delicta]
1455 1886 1658 1931 Utrumque
1681 1885 1855 1929 significat
1876 1880 2086 1929 ἀμηχανία,
2112 1890 2146 1917 et
2168 1890 2241 1917 stu-

1243 1951 1368 1984 porem
1399 1945 1432 1971 et
1456 1937 1778 1982 impossibilitatem
1807 1941 1900 1969 recte
1923 1935 2088 1969 faciendi.
2140 1934 2240 1968 Salo-

1216 1987 1217 1990 *
1243 2003 1329 2023 mon
1345 1988 1407 2036 35);
1452 1989 1525 2023 Nec
1557 1988 1699 2022 divitias
1728 2000 1791 2021 nec
1822 1993 2071 2031 paupertatem
2099 1986 2240 2021 dederis

1244 2040 1332 2075 mihi
1356 2053 1400 2073 ne
1427 2047 1491 2073 etc.
1546 2040 1616 2072 Res
1639 2041 1810 2073 secundas
1839 2039 2030 2071 comitatur
2059 2038 2240 2082 negligen-

1245 2094 1310 2133 tia,
1351 2092 1542 2125 comitatur
1579 2091 1684 2123 etiam
1720 2095 1966 2134 paupertatem
1998 2090 2238 2130 mendacium,

1244 2144 1326 2190 quia
1355 2149 1531 2187 coguntur
1552 2154 1727 2186 pauperes
1751 2154 1786 2175 se
1813 2141 1991 2173 inflectere
2016 2141 2061 2173 ad
2086 2140 2186 2174 alios.

1343 2194 1420 2229 Vss.
1437 2192 1666 2228 387—391.
1718 2192 1859 2225 Potenti
1876 2191 2104 2232 necessitate,
2133 2193 2240 2226 audet

1243 2257 1317 2279 non
1344 2247 1463 2280 volens
1483 2245 1592 2278 multa
1612 2246 1784 2277 dedecora
1804 2245 1916 2284 serre,
1944 2244 2069 2277 cedens
2085 2255 2239 2288 pauper-

1214 2318 1216 2330 ,-
1243 2298 1326 2338 tati,
1363 2309 1452 2343 quae
1477 2297 1585 2329 multa
1620 2295 1736 2340 turpia
1765 2297 1868 2329 docet
1898 2295 2102 2335 mendacia,
2137 2296 2237 2328 dece-

1244 2350 1402 2393 ptiones,
1431 2348 1649 2393 perniciosas
1673 2348 1762 2381 lites.
1814 2345 1913 2382 Nihil
1946 2347 2085 2379 videtur
2108 2346 2140 2379 ei
2163 2357 2238 2379 ma-

1243 2400 1349 2448 lum.]
1404 2401 1602 2444 Paupertas
1627 2400 1798 2439 ostendit,
1828 2399 1942 2444 qualis
1972 2404 2098 2431 natura
2123 2397 2237 2431 cuius-

1243 2465 1311 2498 que
1329 2453 1391 2490 sit;
1414 2458 1465 2485 est
1481 2452 1666 2485 correctio.
1719 2450 1830 2484 Bonis
1848 2450 1954 2483 etiam
1972 2449 2007 2481 in
2026 2454 2237 2495 paupertate

1242 2506 1331 2537 bene
1356 2513 1426 2543 est,
1455 2505 1599 2548 quaudo
1629 2508 1819 2547 paupertas
1842 2501 1936 2545 capit
1959 2513 2051 2534 eum.

1248 2568 1252 2570 >
1275 2588 1322 2620 33)
1343 2589 1400 2612 Hoc
1420 2587 1595 2617 proverbium
1617 2585 1698 2610 etiam
1726 2585 1844 2610 afferunt
1862 2582 1985 2608 Eiselein
2012 2584 2028 2607 1.
2050 2584 2066 2608 l.
2088 2590 2111 2613 p.
2131 2583 2188 2608 1¹⁶.
2208 2583 2236 2606 et

1312 2624 1436 2647 δίνη-ουκ
1459 2623 1475 2645 Ι,
1496 2623 1511 2645 1.
1532 2630 1556 2652 p.
1572 2622 1613 2645 71.
1634 2627 1674 2647 nr.
1693 2621 1765 2645 1560.

1275 2668 1322 2695 ³4)
1342 2666 1528 2690 lecctcaiastes
1551 2666 1598 2694 ¹2,
1621 2665 1660 2688 Η.

1276 2710 1324 2737 ³5)
1344 2709 1425 2733 Prov.
1445 2709 1497 2735 30,
1516 2710 1539 2732 Β.
