2341 2973
236 109 312 144 687

237 201 400 240 pertum,
426 191 487 225 ubi
507 189 667 224 carmina
692 190 875 223 incondita
900 190 1038 234 saepius
1064 190 1229 222 decanta-

236 249 334 278 bant.
409 243 472 276 Est
499 248 619 276 autem
646 242 797 286 duplex,
841 242 977 275 versilis
1012 248 1045 274 et
1079 241 1230 275 ductilis.

236 295 383 330 Versilis
400 306 500 328 scena
521 300 590 334 est,
618 305 708 338 quae
726 293 842 326 subito
862 299 936 325 tota
955 290 1129 325 machinis
1154 292 1231 338 qui-

237 349 386 381 busdam
405 345 699 385 convertebatur,
729 351 762 377 et
789 345 894 376 aliam
920 344 1080 387 picturae
1104 344 1230 376 faciem

237 398 455 433 ostendebat.
523 396 675 429 Ductilis
704 407 789 428 vero
817 395 937 428 tractis
971 395 1139 428 tabulatis
1165 393 1231 427 hac

238 458 344 495 atque
364 449 444 481 ill'ac
463 448 615 492 speciem
635 447 794 490 picturae
818 447 980 479 nudabat
1007 446 1230 479 interiorem.

236 502 444 536 Notandum
464 506 497 532 et
512 497 592 538 hoc,
621 498 718 542 quod
735 498 772 529 in
787 509 890 530 scena
909 503 1011 530 erant
1030 503 1230 542 paegmata,

237 553 534 597 peripetasmata,
570 549 716 588 aulaea,
748 549 986 592 pantomimi,
1023 561 1230 593 praecones,

236 603 417 641 tibicines,
446 599 662 639 citharoedi,
691 599 910 639 cornicines,
939 598 1145 640 choraules,
1174 612 1231 632 or-

237 654 395 699 ganarii,
427 650 694 697 symphoniaci,
731 652 914 695 tragoedi,
958 652 1141 692 comoedi,
1176 652 1230 683 su-

237 705 417 744 nambuli,
445 702 607 747 podarii,
635 709 668 735 et
686 702 831 736 similes.

452 788 513 821 De
542 788 777 822 divisione
813 793 1006 821 actuum.

341 858 535 892 Comoedia
554 863 654 890 vetus
672 857 846 901 paulatim
867 869 908 889 ex
931 867 1084 889 numero
1108 866 1229 899 perso-

237 922 365 943 narum
385 916 487 942 aucta
503 909 539 941 in
557 908 715 953 quinque
731 914 828 942 actus
841 935 849 948 ,
876 919 992 953 neque
1008 907 1141 951 plures,
1168 919 1229 939 ne-

238 974 306 1007 que
327 961 510 1004 pauciores
525 959 708 1004 processit.
763 959 832 992 Sed
850 958 1022 1003 paulatiin
1043 964 1228 991 attenuato

237 1012 367 1051 ch'oro,
395 1013 442 1044 ita
462 1012 503 1043 ad
522 1023 653 1043 novam
673 1010 857 1054 pervenit,
883 1015 1010 1043 utnon
1027 1010 1136 1042 modo
1154 1022 1229 1042 non

235 1065 277 1097 sit
298 1062 438 1102 chorus,
466 1063 524 1095 sed
536 1062 567 1106 4)
584 1074 628 1093 ne
644 1062 742 1095 locus
760 1062 904 1106 quidem
924 1061 975 1094 illi
991 1061 1228 1106 relinquatur.

237 1116 467 1159 Quapropter
485 1119 581 1145 actus
599 1112 730 1158 (quiin
755 1113 939 1145 comoedia
965 1113 1063 1158 sunt)
1088 1112 1228 1145 difficile

236 1172 287 1199 est
306 1178 408 1198 nosse
434 1165 469 1196 in
490 1163 628 1197 Latinis
653 1164 800 1203 fabulis,
836 1164 975 1197 sublato
999 1162 1130 1203 choro,
1167 1164 1227 1209 qui

235 1230 270 1251 se
289 1216 550 1260 interponendo
571 1221 667 1248 actus
684 1216 935 1259 distinguebat.
996 1214 1082 1248 Erat
1109 1221 1226 1248 autem

236 1266 365 1301 chorus
384 1280 424 1300 ex
442 1267 604 1311 pluribus
621 1268 666 1299 ad
689 1267 811 1299 tibiam
835 1267 1106 1300 concinentibus
1132 1279 1227 1300 com-

234 1320 390 1364 positus,
418 1331 491 1351 non
517 1324 616 1350 actor
634 1318 781 1351 alicuius
798 1319 910 1363 partis
934 1318 972 1350 in
997 1318 1139 1357 fabula,
1166 1319 1226 1352 sed

236 1371 329 1403 velut
349 1371 453 1403 iudex
476 1381 691 1414 censorque,
727 1369 806 1415 qui,
839 1369 929 1403 sicut
956 1376 1049 1402 recte
1076 1370 1168 1402 facta
1194 1377 1228 1403 et

233 1420 382 1455 honesta
400 1422 549 1465 probat,
576 1420 645 1459 ita,
671 1433 762 1466 quae
781 1420 906 1454 vitiosa
924 1427 957 1453 et
972 1421 1115 1454 scelesta
1133 1428 1226 1461 sunt,

235 1473 424 1517 reprobat,
458 1473 505 1504 ita
526 1478 667 1511 tamen,
704 1479 743 1505 ut
767 1478 863 1506 actus
888 1484 963 1505 non
988 1473 1227 1517 interrumpe-

233 1531 307 1563 ret,
346 1525 403 1557 sed
432 1536 494 1567 per
521 1523 708 1556 intervalla
736 1524 920 1557 finitorum
945 1530 1089 1557 actuum
1123 1537 1225 1558 suum

237 1582 380 1609 cantum
401 1575 658 1618 interponeret.

417 1659 477 1692 D‘e
506 1659 739 1693 divisione
768 1659 1045 1692 comoediae.

341 1727 377 1759 lu
410 1727 568 1772 quinque
592 1733 710 1770 partes
739 1726 911 1759 dividitur
945 1727 1146 1760 comoedia:
1191 1728 1226 1760 in

234 1785 505 1823 argumentum,
534 1779 744 1822 prologum,
774 1776 983 1821 prothesim,
1011 1778 1172 1822 epitasim
1194 1786 1227 1812 et
1252 1799 1254 1814 ;

567 1831 830 1873 Argumentum
857 1836 907 1862 est
932 1830 1039 1863 totius
1069 1832 1226 1873 agendae
1252 1845 1254 1848 ·

235 1828 498 1874 catastrophen.

234 1883 373 1915 fabulae.
393 1880 575 1920 narratio,
610 1893 700 1925 quae
718 1881 796 1912 ficta
818 1887 886 1920 est,
920 1882 978 1914 sed
1005 1888 1123 1914 tamen
1151 1883 1226 1915 fieri

235 1934 361 1977 potuit.
424 1932 599 1975 Prologus
619 1930 792 1976 praefatio
813 1933 988 1976 quaedam
1009 1939 1059 1965 est
1074 1934 1226 1974 fabulae,

234 1985 271 2016 in
290 1998 360 2029 quo
379 1984 453 2017 solo
474 1984 553 2016 licet
574 1990 722 2027 propter
744 1990 994 2025 argumentum
1020 1984 1153 2029 aliquid
1182 1987 1224 2018 ad

232 2036 406 2080 populum
419 2062 427 2074 ,
456 2035 509 2067 vel
527 2048 566 2068 ex
582 2041 727 2079 poetae,
756 2035 810 2067 vel
829 2047 869 2067 rx
888 2035 1017 2068 actoris
1035 2038 1225 2069 commodo

234 2086 345 2132 loqui.
401 2086 527 2119 Diffi-rt
544 2093 661 2119 autem
681 2086 851 2130 prologus
869 2098 886 2118 a
907 2087 1082 2130 prologiO.
1133 2088 1225 2121 Nam

234 2138 405 2182 prologus
436 2144 505 2175 est,
547 2138 607 2169 ubi
639 2144 742 2181 poeta
769 2144 974 2178 excusatur,
1017 2145 1077 2171 aut
1107 2139 1224 2172 sabula

234 2189 526 2225 c0111=ncn‹tatnr;
548 2189 750 2232 prologium
770 2201 874 2229 vero,
903 2202 983 2222 cum
1010 2196 1147 2223 tantum
1170 2203 1226 2224 ar-

233 2246 441 2285 gumentum
481 2240 701 2273 describitur.
779 2239 962 2274 Prothcsis
999 2248 1049 2274 est
1088 2242 1224 2285 primus

233 2298 330 2325 actus
361 2291 523 2330 fabulae,
566 2304 636 2336 quo
667 2303 748 2334 pars
781 2293 982 2335 argumenti
1018 2293 1224 2337 explicatur,

232 2356 315 2386 pars
332 2343 500 2375 reticetur
518 2343 560 2374 ad
582 2342 702 2386 populi
720 2344 1000 2387 expectationem
1020 2347 1223 2379 tenendam.

232 2394 386 2438 Epitasis
407 2394 662 2427 incrementum
684 2406 937 2441 processusque
955 2397 1140 2430 turbarum
1161 2403 1223 2437 est,

233 2458 272 2477 ac
305 2446 413 2478 totius
440 2446 566 2478 modus
590 2446 733 2478 erroris.
803 2446 1038 2492 Catastrophe
1065 2455 1115 2481 est
1140 2461 1224 2481 con-

233 2496 348 2529 versio
366 2508 484 2529 rerum
504 2498 546 2529 ad
567 2497 740 2529 iucundos
767 2498 898 2537 exitus,
937 2500 1108 2542 patefacta
1139 2512 1223 2532 cun-

231 2547 295 2580 ctis
320 2548 522 2589 cognitione
548 2554 740 2590 gestorum.
802 2548 846 2581 Et
870 2547 956 2582 haec
982 2551 1065 2584 satis
1095 2552 1137 2583 de
1166 2563 1223 2583 co—

231 2598 384 2632 moedia.
440 2598 541 2632 Nunc
561 2600 603 2632 de
620 2606 734 2632 metro
752 2599 904 2633 iambico
923 2614 987 2645 pro
1009 2608 1180 2646 tempore.

266 2715 296 2739 4)
318 2713 378 2745 scd]
400 2716 447 2739 Ed.
468 2716 539 2740 ¹5¹6.
563 2718 657 2742 mendo
680 2720 807 2750 typoginz
838 2726 877 2742 se.

814 104 935 138 PHIL.
970 103 1080 137 MEL.
1116 103 1318 141 SCRIPTA
1352 103 1688 138 PHILOLOGICA.

1252 1769 1254 1780 '¹
1281 1768 1392 1794 metra
1413 1774 1453 1794 ex
1471 1761 1543 1795 XII.

2205 106 2280 141 688

1544 189 1604 223 De
1633 196 1780 223 metro
1809 190 2020 224 iambico.

1388 256 1562 291 Iambicos
1581 264 1615 290 et
1631 256 1795 292 heroicos
1820 264 1942 302 poetas
1968 258 2091 292 scribit
2104 258 2281 293 Aristote-

1284 308 1333 341 les
1351 308 1511 342 omnium
1528 309 1634 343 fuisse
1653 309 1932 355 antiquissimos,
1957 322 2173 356 carmenque
2190 311 2280 344 iam-

1286 359 1403 392 bicum
1422 360 1578 404 primum
1601 366 1848 394 tetrametrum
1870 360 1994 401 fuisse,
2032 367 2066 394 et
2082 361 2170 410 illud
2185 369 2280 408 saty-

1285 410 1378 443 ricae
1407 418 1441 443 et
1466 411 1647 444 saltationi
1680 412 1791 455 magis
1829 413 2137 445 accommodatam
2164 414 2280 457 expri-

1284 474 1381 495 mere
1406 462 1555 506 poesim.
1617 463 1725 507 Quod
1753 469 1870 496 autem
1896 463 2090 497 iambicum
2113 470 2194 497 ante
2219 462 2280 497 he-

1284 514 1421 546 roicum
1440 514 1567 554 fuerit,
1594 515 1648 547 vel
1665 526 1707 547 ex
1723 526 1764 547 eo
1781 514 1903 555 nobis,
1931 515 2278 560 inquitAristoteles,

1285 565 1365 597 licet
1388 565 1541 605 intueri,
1575 566 1672 610 quod
1697 565 1790 598 inter
1813 565 2033 611 loquendum
2058 567 2163 611 plura
2190 567 2280 599 iam-

1283 616 1360 649 bica
1380 616 1484 650 nobis
1502 623 1628 660 sponte
1648 629 1721 650 sese
1739 616 1914 657 offerunt,
1943 624 1977 650 et
1992 618 2202 664 neutiquam
2223 630 2279 651 ac-

1285 667 1410 700 cersita
1456 674 1688 706 succurrunt;
1734 665 1877 700 heroica
1910 680 1995 701 vero
2031 681 2139 713 quam
2171 669 2279 703 raris-

1283 719 1392 759 sime,
1435 725 1469 751 et
1494 731 1534 752 ea
1560 720 1635 763 ipsa
1662 719 1884 753 summissius
1910 719 2082 764 loquendi
2107 721 2279 754 excedunt

1283 768 1524 804 harmoniam.
1578 770 1706 814 Coepit
1726 782 1744 803 a
1768 770 1997 807 contumeliis
2020 770 2165 816 quidem
2189 772 2279 804 iam-

1282 821 1391 861 bum,
1427 822 1522 854 unde
1549 828 1582 854 et
1607 834 1741 855 nomen
1775 822 1932 855 creditur
1963 819 2140 856 habuisse.
2210 822 2279 856 Sed

1283 870 1569 917 Polystephanus
1586 885 1719 906 nomen
1737 874 1876 907 duxisse
1893 873 2072 907 existimat
2096 874 2140 907 ab
2157 873 2278 907 lambe

1283 924 1410 956 ancilla
1422 924 1609 965 Metaeira,
1638 924 1894 969 Hippotoontis
1912 937 2036 965 uxore,
2065 937 2171 970 quae,
2197 937 2278 959 cum

1284 975 1428 1008 vidisset
1458 976 1670 1019 popularem
1703 978 1905 1022 quandam,
1949 976 2036 1009 alias
2067 977 2278 1017 iocularem,

1282 1032 1457 1060 moestam
1476 1026 1684 1068 mulierem,
1712 1028 1886 1061 ioculares
1902 1029 2075 1073 quosdam
2095 1034 2129 1061 et
2144 1028 2278 1062 ridicu-

1282 1078 1335 1111 los
1355 1078 1397 1111 de
1414 1078 1488 1121 ipsa
1515 1078 1717 1123 composuit
1739 1091 1880 1119 versus,
1916 1091 1934 1111 a
1964 1090 2034 1124 qua
2060 1079 2179 1125 inquit
2203 1091 2279 1112 car-

1283 1141 1365 1161 men
1388 1128 1598 1163 Iambicum.
1673 1130 1830 1174 Quidam
1863 1130 1951 1163 illud
1983 1130 2027 1162 ab
2059 1128 2276 1164 Archilocho

1283 1180 1456 1224 orig-inem
1483 1179 1647 1214 habuisse
1671 1182 1807 1219 scrunt;
1847 1181 2056 1215 Aristoteles
2078 1187 2198 1215 tamen
2223 1194 2278 1214 ar-

1280 1232 1435 1265 bitratur
1466 1233 1673 1273 inventum,
1715 1235 1811 1278 quod
1834 1233 1913 1276 plus
1937 1232 2085 1267 caeteris
2114 1233 2275 1278 pedibus,

1253 1307 1255 1327 Α,
1283 1284 1449 1318 omnibus
1466 1290 1640 1328 congruat
1657 1284 1895 1318 sermonibus.

1609 1386 1670 1419 De
1699 1386 1952 1420 divisione.

2207 1452 2275 1487 hoc

1384 1454 1499 1486 Metra
1536 1453 1686 1487 iambica
1713 1461 1774 1487 aut
1800 1461 1883 1488 sunt
1917 1460 2163 1493 monometra,

1252 1527 1254 1531 -
1282 1511 1351 1545 est,
1396 1517 1487 1550 quae
1518 1511 1681 1538 constant
1707 1517 1747 1537 ex
1770 1506 1909 1539 duobus
1932 1506 2082 1550 pedibus
2106 1505 2275 1549 simplici-

1280 1557 1362 1593 bus;
1399 1556 1454 1588 vel
1471 1556 1622 1589 dimetra
1640 1568 1681 1589 ex
1699 1563 1869 1601 quatuor;
1896 1558 1951 1590 vel
1971 1557 2132 1590 trimetra
2145 1584 2154 1598 ,
2182 1569 2274 1602 quae

1280 1607 1651 1654 senigconcluduntur
1669 1608 1836 1651 pedibus;
1872 1620 1956 1641 nam
1983 1608 2138 1642 brevitas
2162 1608 2275 1642 iambi

1252 1700 1254 1703 r
1281 1659 1415 1699 effecit,
1443 1665 1481 1692 ut
1500 1660 1571 1692 duo
1592 1659 1698 1703 pedes
1716 1671 1781 1702 pro
1800 1672 1873 1693 uno
1890 1658 2108 1698 habeantur;
2143 1659 2198 1693 vel
2224 1666 2274 1693 te-

1281 1716 1450 1743 trametra
1470 1722 1511 1743 ex
1536 1716 1634 1748 octo;
1669 1717 1894 1754 pentametra
1922 1724 1962 1745 ex
1987 1712 2128 1750 decem3
2164 1708 2271 1744 hexa-

1597 1761 1665 1795 Sed
1685 1769 1906 1806 pentametra
1926 1770 1960 1796 et
1984 1761 2190 1796 hexametra
2214 1773 2272 1795 ra-

1735 1813 1845 1857 Igitur
1863 1815 2033 1848 trimetris
2052 1821 2086 1847 et
2106 1820 2272 1848 tetrame-

1980 1865 2116 1899 Rursus
2140 1871 2272 1898 metro-

1280 1813 1418 1846 rissime
1437 1813 1681 1846 inveniuntur.

1280 1865 1343 1897 tris
1370 1865 1575 1910 frequenter
1602 1871 1752 1898 utuntur
1776 1866 1912 1900 comici.

1252 1936 1254 1939 v
1280 1928 1359 1949 rum
1394 1916 1491 1949 aliud
1527 1922 1578 1950 est
1607 1917 1893 1957 acatalecticum,
1930 1917 1964 1949 id
1993 1923 2062 1957 est,
2098 1916 2154 1949 cui
2181 1914 2271 1949 nihil

1280 1969 1396 2005 deest;
1440 1967 1537 2000 aliud
1564 1968 1826 2007 catalecticum,
1871 1966 1938 2000 hoc
1964 1973 2032 2007 est,
2075 1967 2131 2001 cui
2157 1968 2271 2005 deest;

1280 2019 1374 2051 aliud
1393 2017 1768 2063 brachycatalecticum
1782 2045 1790 2058 ,
1822 2019 1880 2051 ubi
1897 2019 2030 2063 syllaba
2050 2019 2104 2051 vel
2131 2025 2270 2063 tempus

1280 2071 1393 2107 deest;
1423 2068 1780 2114 hypercatalecticum
1805 2082 1910 2110 vero,
1946 2070 2007 2103 ubi
2028 2076 2189 2114 superest
2215 2070 2271 2102 vel

1279 2122 1413 2166 syllaba
1434 2121 1488 2153 vel
1506 2134 1565 2165 pes
1584 2121 1771 2161 dimidius,
1806 2128 1912 2167 atque
1940 2119 1994 2155 his
2019 2121 2185 2155 omnibus
2212 2132 2270 2165 ge—

1280 2173 1423 2207 neribus
1441 2173 1566 2205 comici
1583 2178 1744 2206 utuntur.

1432 2275 1492 2308 De
1520 2275 1715 2319 pedibus
1744 2274 1931 2308 iambici
1958 2274 2105 2308 metri.

1380 2342 1509 2376 Scribit
1540 2340 1782 2387 Hephaestion
1814 2342 2006 2376 iambicum
2040 2348 2193 2375 metrum
2230 2340 2268 2373 in

1278 2394 1422 2438 regione
1442 2394 1592 2438 impari,
1621 2392 1687 2427 hoc
1712 2400 1781 2434 est,
1810 2393 1948 2438 prima,
1976 2393 2102 2433 tertia,
2130 2392 2268 2438 quinta,

1278 2452 1350 2485 aut,
1378 2447 1404 2479 si
1426 2445 1566 2489 longius
1583 2447 1813 2490 producatur,
1841 2444 2003 2489 septima,
2022 2456 2118 2477 nona
2137 2443 2268 2490 (quan-

1277 2497 1470 2542 doquidem
1496 2499 1590 2541 apud
1615 2497 1770 2530 comicos
1792 2495 1973 2529 invenitur
1997 2497 2040 2528 ad
2063 2496 2182 2529 decem
2211 2507 2268 2528 us-

1277 2561 1345 2596 que
1364 2550 1470 2593 pedes
1494 2547 1699 2595 pervenire)
1723 2548 1878 2580 iambum
1904 2547 2099 2591 suscipere,
2142 2552 2176 2579 et
2204 2558 2267 2590 per

1276 2601 1530 2634 resolutionem
1554 2600 1681 2643 longae
1706 2599 1862 2644 syllabae
1887 2598 1995 2630 iambi
2024 2598 2059 2631 in
2085 2598 2172 2631 duas
2189 2598 2268 2630 bre-

1278 2664 1357 2691 ves,
1385 2652 1514 2684 ibidem
1535 2649 1775 2688 tribrachuun
1810 2649 1998 2682 admittere
2026 2649 2133 2683 etiam
2159 2660 2266 2693 spon-

1277 2704 1381 2736 deum
1412 2705 1454 2736 ad
1481 2704 1692 2736 tal-dandam
1726 2701 1833 2734 iambi
1868 2701 2103 2741 celeritatem,
2146 2706 2180 2734 et
2203 2711 2267 2745 per
