2421 3005
129 92 203 130 357

231 187 290 222 Vs.
309 185 398 221 349.
434 189 481 221 At
505 198 590 226 non,
619 198 685 232 qua
710 183 796 232 etc.]
825 182 992 230 Scythiae
1014 191 1134 230 pasto-

126 254 201 282 res,
229 245 265 273 et
282 250 416 284 pascua
436 238 493 284 ¹⁸).

228 291 306 326 Vss.
324 291 398 324 381
417 304 495 336 sqq.
523 291 622 324 Talis
636 290 851 334 Hyperboreo
869 289 951 334 etc.]
977 287 1131 322 Divisio.

226 342 305 378 Vss.
323 341 401 377 404
418 355 497 388 sqq.
522 344 595 377 Nec
615 341 680 375 tibi
702 354 786 376 cura
812 352 937 375 canum
952 340 1034 385 etc.]
1063 339 1130 374 Ca-

122 408 185 431 nes
201 394 322 429 alendi
339 393 397 436 ¹⁹).

223 447 302 481 Vss.
327 445 403 481 416
425 458 503 491 sqq.
545 446 656 488 Saepe
687 448 748 480 sub
780 446 930 479 immotis
953 444 1037 489 etc.]
1073 443 1127 477 De

118 499 356 545 serpentibus.
970 500 977 505 “

220 550 281 585 Vs.
300 549 388 585 434.
417 561 579 596 asperque
594 550 670 594 siti]
699 549 783 584 Sitis
800 555 1021 593 serpentum.

219 601 298 637 Vss.
318 600 396 637 440
422 614 500 648 sqq.
550 603 677 645 Turpis
706 614 778 637 oves
804 606 914 635 tentat
940 598 1026 648 etc.]
1070 598 1124 633 De

116 656 240 690 ovium
258 653 390 689 scabie.

215 705 277 742 Vs,
290 704 378 741 458.
408 711 507 752 atque
525 711 624 741 artus
638 706 835 749 depascitur
845 700 928 751 etc.]
948 702 1002 737 De
1018 702 1121 738 febri.

216 757 277 793 Vs.
297 756 384 793 474.
413 755 561 805 Norica]
590 757 765 792 Noricum
783 756 844 803 ²⁰).

215 809 294 845 Vss.
315 808 391 845 492
406 822 484 856 sqq.
518 812 569 843 Ac
593 811 656 843 vix
678 810 845 854 suppositi
870 808 954 852 etc.]
993 806 1120 841 Elevat

111 862 345 898 autoritatem
363 861 620 906 auspiciorum.

215 914 294 950 Vss.
310 912 385 949 498
400 925 479 959 sqq.
508 913 655 947 Labitur
672 911 800 956 infelix
809 909 897 960 etc.]
917 911 969 946 De
988 911 1118 945 morbo

102 978 301 1013 aequorum.

194 1017 291 1077 sts.
318 1015 394 1052 514
419 1030 497 1063 sqq.

109 1076 233 1105 tauris.

552 1018 633 1050 Ecce
676 1022 788 1051 aulem
819 1019 906 1051 duro
938 1017 1020 1062 etc.]
1064 1015 1117 1049 De

284 1178 333 1212 In
364 1177 632 1221 Georgicon
667 1176 838 1210 librum
872 1175 932 1212 lv.

214 1255 293 1296 Vss,
321 1256 338 1288 1
365 1267 418 1301 sq.
458 1257 626 1290 Protenus
657 1256 747 1288 aerii
770 1254 852 1298 etc.]
896 1254 1117 1300 propositio,

111 1307 168 1342 cui
184 1306 377 1340 admiscuit
391 1307 656 1340 dedicationem
677 1305 808 1350 operis.

212 1358 290 1393 Vss.
306 1358 330 1392 3
346 1370 425 1403 sqq.
462 1359 682 1391 Admiranda
705 1358 769 1390 tibi
793 1354 880 1403 etc.]
909 1356 1116 1401 Amplifica-

110 1410 160 1444 tio
177 1422 244 1455 per
262 1407 508 1454 metaphoras.

209 1461 288 1497 Vss.
308 1462 331 1495 8
348 1474 425 1507 sqq.
456 1462 634 1504 Principio
651 1462 744 1494 sedes
759 1461 879 1504 apibus
897 1461 979 1506 etc.]
998 1459 1115 1496 Locus

108 1513 250 1560 apiarii.

210 1564 289 1599 Vss.
314 1565 364 1600 33
386 1577 465 1611 sqq.
501 1567 582 1608 Ipsa
608 1569 721 1599 autem
741 1577 799 1599 seu
827 1566 1009 1599 corticibus
1033 1567 1115 1612 etc.]

107 1617 305 1664 Quomodo
323 1617 395 1650 sint
412 1616 569 1650 alvearia
586 1616 762 1651 facienda.

208 1668 288 1703 Vss.
311 1665 359 1702 51
387 1681 466 1714 sqq.
501 1668 591 1709 Quid
611 1674 764 1712 superest
787 1669 871 1714 etc.]
908 1667 1113 1715 Descriptio

107 1726 290 1807 aesmtxlsz-s.
308 1771 358 1806 67
374 1783 452 1817 sqq.
480 1773 548 1807 Sin
562 1776 674 1806 autem
689 1773 734 1806 ad
747 1784 898 1816 puqnam
913 1769 996 1819 etc.]
1013 1772 1113 1818 Quo—

103 1825 217 1859 modo
236 1823 330 1858 bella
352 1829 490 1867 gerant.

209 1875 288 1911 Vss.
305 1874 366 1910 74.
394 1877 601 1922 Spiculaque
623 1882 799 1910 exacuunt
820 1873 907 1924 etc.]
936 1875 1013 1910 Rex
1030 1887 1113 1910 acu-

106 1928 162 1962 leo
185 1934 293 1963 caret.

141 2072 188 2104 18)
207 2072 265 2097 Hoc
285 2073 374 2097 schol.
392 2071 420 2096 in
441 2073 488 2097 Ed.
505 2073 720 2106 ¹547.,logitur;
756 2073 783 2098 in
803 2073 887 2098 Editt.
909 2073 986 2100 1533.
999 2091 1007 2106 ‚
1037 2072 1112 2098 ¹535.

176 2108 266 2132 deest.

141 2157 189 2190 19)
217 2158 309 2183 Canes
335 2158 452 2188 alendi]
480 2159 521 2184 sie
545 2159 630 2186 Editt.
647 2160 724 2187 1533.
739 2177 747 2191 ‚
775 2160 868 2191 15:354
894 2160 943 2184 Ed.
960 2160 1035 2186 1547.
1055 2160 1112 2186 Ca-

174 2199 241 2217 num
260 2198 339 2218 cura.

140 2245 369 2307 ἓθὲᾶΝὲι-ἰίξωπᾶ
396 2249 436 2274 sic
465 2249 658 2277 Editt.15³3..
693 2250 787 2282 1535.;
814 2251 863 2277 Ed.
880 2251 956 2277 1547.
983 2253 1112 2277 Noricum

216 2289 233 2306 v
253 2289 267 2307 r
299 2302 303 2307 .

597 88 818 125 LXXXVIH.
870 87 1160 125 ENARRATIO
1197 87 1486 126 GEORGICON
1522 90 1733 128 VIRGILII.

2118 96 2193 133 358

1294 183 1371 219 Vss.
1392 186 1442 221 80
1456 198 1534 232 sqq.
1566 188 1838 234 Praecipitesque
1854 191 1981 225 eadunt
1996 191 2079 235 etc.]
2108 190 2193 225 Am-

1188 235 1373 280 plificatio.

1274 287 1368 332 -Vss.
1382 289 1454 324 103
1463 302 1542 336 sqq.
1569 293 1619 325 At
1633 304 1735 337 qceecm
1751 294 1879 326 incerta
1896 294 1978 339 etc.]
1994 292 2190 338 Quomodo

1184 339 1286 373 domi
1300 341 1538 383 detinendae,
1565 355 1610 376 ne
1629 344 1787 378 avolent.

1181 442 1204 475 b
1234 442 1244 475 l
1288 391 1367 428 Vss.
1395 392 1468 428 149
1491 406 1570 440 sqq.
1610 397 1712 430 Nunc
1733 408 1794 439 aye
1817 393 1904 443 etc.]
1931 395 2114 432 Admiscet
2139 398 2190 432 fa-

1207 454 1230 476 u
1248 454 1319 477 am.

1287 494 1365 530 Vss.
1391 495 1463 531 158
1478 509 1556 544 sqq.
1584 501 1743 546 Namque
1758 499 1850 533 aliae
1864 500 1953 533 victa
1970 501 2053 542 etc.]
2083 499 2190 535 Indu-

1179 545 1289 579 striae
1307 547 1516 592 descriptio.

1283 597 1360 633 Vss.
1383 600 1458 635 170
1472 613 1551 647 sqq.
1585 603 1638 635 Ac
1664 602 1766 635 veluti
1794 603 1895 636 lentis
1919 602 2002 647 etc.]
2032 601 2188 648 Compa-

1177 649 1285 684 ratio.

1280 700 1360 737 Vss.
1381 702 1454 737 174
1471 715 1524 749 sq.
1552 704 1612 738 Illi
1634 706 1725 738 inter
1747 716 1817 739 sese
1834 706 1916 751 etc.]
1944 704 2008 740 His
2030 705 2187 740 versicu—

1175 753 1218 788 lis
1236 753 1352 788 utitur
1371 760 1406 788 et
1425 755 1463 788 in
1480 756 1515 790 8.
1531 755 1713 789 Aeneidos
1729 755 1788 799 21).

1280 805 1359 841 Vss.
1380 805 1453 841 195
1470 820 1523 854 sq.
1551 811 1594 842 Ut
1618 808 1754 851 cymbae
1772 809 1950 843 instabiles
1968 806 2050 858 etc.]
2079 809 2186 844 Com-

1173 857 1330 902 paratio.

1277 909 1356 944 Vss.
1374 909 1449 944 197
1469 923 1548 958 sqq.
1591 912 1693 946 Illum
1723 914 1805 945 adeo
1823 912 1993 955 placuisse
2015 913 2097 958 etc.]
2130 912 2183 948 De

1173 968 1257 996 ortu
1277 973 1400 1007 apum.

1281 1014 1359 1049 Vss.
1379 1014 1456 1050 208
1479 1027 1558 1062 sqq.
1600 1018 1648 1050 At
1673 1028 1779 1059 yemis
1803 1018 2011 1062 immortale]
2045 1017 2185 1052 Alludit

1173 1067 1219 1100 ad
1237 1067 1463 1112 frequentem
1482 1068 1721 1102 mutationem
1739 1068 1991 1112 imperiorum.

1277 1118 1355 1154 Vss.
1378 1117 1454 1154 219
1478 1131 1556 1166 sqq.
1592 1122 1658 1155 His
1681 1122 1821 1165 quidam
1846 1122 1957 1165 siquis
1981 1121 2063 1166 etc.]
2096 1120 2182 1155 Am-

1172 1169 1358 1214 plificatio.

1276 1221 1354 1258 Vss.
1370 1223 1447 1258 223
1469 1235 1548 1269 sqq.
1584 1226 1677 1258 Hinc
1698 1227 1840 1267 pecudes
1866 1227 1948 1270 etc.]
1990 1224 2096 1259 Unde
2129 1237 2185 1261 res

1172 1280 1370 1309 nascantur
1396 1280 1430 1308 et
1455 1276 1633 1309 occidant.

1275 1326 1354 1361 Vss.
1370 1326 1446 1362 228
1466 1339 1545 1373 sqq.
1574 1329 1617 1363 Si
1640 1330 1774 1373 (licando
1796 1330 1908 1362 sedem
1924 1326 2011 1376 etc.]
2040 1327 2095 1362 De
2113 1328 2186 1362 exi-

1172 1378 1305 1411 mendo
1325 1378 1442 1414 melle.

1273 1437 1334 1473 Vs.
1351 1438 1440 1475 231.
1468 1441 1535 1474 Bis
1549 1443 1711 1485 yravidos
1729 1443 1810 1487 etc.]
1839 1441 1892 1475 De
1912 1441 2111 1476 casu-andis
2134 1442 2185 1475 al-

1172 1490 1353 1526 vearibus.

1275 1550 1354 1586 Vss.
1381 1552 1470 1589 244.
1513 1556 1745 1601 Immunisque
1780 1557 1900 1590 sedens
1927 1554 2013 1605 etc.]
2053 1555 2181 1591 Aliena

1170 1601 1290 1637 vivere
1309 1606 1464 1650 quadra.

1274 1663 1335 1699 Vs.
1360 1666 1438 1703 392
1462 1680 1515 1713 sq.
1559 1670 1651 1702 novit
1674 1680 1818 1714 namque
1848 1671 1964 1704 omnia
1981 1671 2065 1716 etc.]
2108 1670 2183 1704 Ho-

1170 1715 1262 1748 meri
1280 1714 1319 1751 11.
1337 1730 1372 1752 α.
1388 1718 1434 1762 2²)
1453 1718 1493 1759 ὃς
1507 1717 1581 1766 ᾔδη
1599 1716 1645 1755 τά
1663 1718 1692 1754 τ’
1714 1717 1840 1765 ἐόντα,
1868 1718 1916 1757 τά
1932 1720 1960 1757 τ’
1980 1719 2177 1769 ἐσσόμενα,

1169 1763 1242 1814 πρό
1260 1766 1289 1802 τ’
1309 1767 1432 1805 ἐόντα.

1275 1827 1353 1864 Vss.
1369 1829 1446 1865 475
1458 1854 1503 1860 —
1516 1830 1603 1866 477.
1638 1833 1778 1866 Matres
1792 1839 1892 1879 atque
1906 1836 1975 1869 viri
1993 1833 2080 1883 etc.]
2103 1834 2177 1870 Hos

1170 1880 1364 1917 versiculos
1384 1883 1543 1930 reperies
1560 1883 1596 1916 in
1617 1882 1652 1918 6.
1670 1884 1760 1918 Aen.
1777 1883 1836 1926 ¹²³).

1201 2042 1251 2075 21)
1276 2042 1304 2068 iu
1325 2043 1351 2068 8.
1370 2044 1536 2074 Aeneidos]
1566 2045 1609 2069 sic
1635 2045 1753 2076 scripsi3
1781 2045 1961 2076 reperiuntur
1980 2047 2053 2074 enim
2070 2049 2098 2074 hi
2117 2056 2172 2074 vss.

1236 2078 1266 2102 iu
1292 2079 1373 2110 Virg.
1393 2081 1461 2104 Aen.
1474 2081 1560 2109 vul.
1586 2080 1638 2104 452
1652 2087 1710 2111 sq.;
1744 2080 1826 2106 Editt.
1850 2082 1943 2115 153³.‚
1976 2084 2070 2116 1535„
2100 2085 2177 2111 154⁷.

1236 2114 1310 2138 male
1329 2114 1446 2139 hahent:
1466 2114 1494 2139 in
1514 2115 1633 2146 septimo
1652 2114 1799 2140 Aeneidos.

1199 2164 1248 2197 22)
1269 2166 1348 2191 nom.
1368 2167 1400 2192 ιι.
1416 2166 1437 2198 1,
1454 2166 1497 2192 νο.

1198 2217 1248 2250 23)
1268 2218 1458 2250 Reperiuntur
1476 2219 1503 2243 hi
1522 2221 1582 2244 tres
1603 2227 1660 2245 vas.
1680 2220 1709 2246 in
1726 2221 1806 2253 Virg.
1821 2223 1892 2249 Aen.
1907 2223 1957 2255 VI,
1971 2223 2174 2248 306—308.--

1233 2253 1403 2312 ggecStsehol.
1429 2255 1457 2278 in
1483 2255 1568 2280 Editt.
1595 2255 1689 2288 153³..
1724 2256 1799 2282 1535.
1831 2259 1941 2289 exstat,
1970 2258 1999 2283 in
2024 2259 2073 2283 Ed.
2097 2259 2164 2284 154⁷

1660 2762 1757 2802 23*
