2341 2973
179 137 255 174 515

183 223 330 270 exponit
346 220 600 268 etymologiam
617 218 724 254 huius
742 217 919 253 vocabuli.
969 216 1020 249 Ac
1036 215 1181 260 fingitur

183 276 309 311 nuntia
330 273 498 314 Iunonis,
528 285 569 306 eo
590 273 687 319 quod
707 270 879 316 praedicit
897 275 931 302 et
947 267 1089 301 nuntiat
1105 267 1183 311 plu-

185 328 278 365 vias;
312 338 396 359 nam
422 337 504 365 aer,
541 325 578 357 in
603 336 675 370 quo
702 328 879 366 coguntur
897 321 1049 359 imbres,
1077 316 1183 351 luno-

185 379 241 412 nis
258 378 406 411 nomine
423 382 670 415 consecratur,
699 380 785 408 teste
801 372 940 406 Lucilio
957 371 1072 404 Balbo
1089 370 1183 414 apud

189 430 413 465 Ciceronem.

470 537 669 571 Tridens
698 533 914 580 Neptuni.

245 616 304 651 Vs.
322 615 409 651 283.
435 616 510 657 Ipse
526 613 674 648 tridente
693 623 753 645 suo
769 616 897 644 ferram
909 609 1087 652 percussit.

273 676 441 720 Neptuno
461 672 671 706 attribuitur
687 670 823 704 tridens
841 675 989 714 propter
1006 674 1077 700 tres
1095 665 1191 699 orbis

196 736 376 762 terrarum
396 731 534 770 partes,
569 735 657 770 quas
675 722 787 755 ambit
806 721 993 759 Oceanus,
1021 731 1061 751 ac
1077 729 1191 763 quon—

198 781 269 812 iam
290 779 325 810 in
346 777 432 811 locis
456 775 647 810 maritimis
672 786 777 818 saepe
802 774 893 806 fiunt
916 778 1033 804 terrae
1061 775 1193 807 motus,

199 838 233 864 et
255 842 334 864 cum
362 835 478 862 terrae
506 833 607 860 motu
631 825 906 863 inundationes,
942 823 1023 855 ideo
1048 820 1194 863 fingitur

198 883 387 927 Neptunus
405 885 593 913 concutere
612 884 745 911 terram
763 888 827 910 suo
844 875 998 908 tridente
1010 899 1018 913 ‚
1046 873 1142 905 unde
1161 877 1195 904 et

200 934 403 979 appellatur
422 928 671 978 ἐννοσίγαιος,
708 929 805 974 quod
822 934 955 960 terram
978 923 1129 970 quatiat.

608 1038 792 1071 Triton.

255 1121 313 1154 Vs.
331 1119 417 1154 333.
446 1117 644 1153 Caeruleum
665 1117 809 1150 Tritona
826 1119 918 1148 vocat
937 1119 1001 1147 etc.

280 1179 427 1214 Tiberio
439 1177 582 1212 Caesari
600 1175 657 1221 (ut
674 1176 797 1210 scribit
815 1175 953 1209 Plinius
962 1171 1033 1219 3¹))
1054 1171 1196 1206 nuntia-

202 1240 277 1267 tum
295 1232 361 1266 fuit
378 1230 558 1275 legatione
574 1229 617 1261 ab
630 1228 980 1273 Ulyssiponensibus,
1007 1224 1196 1258 Tritonem

201 1285 271 1319 illis
288 1284 402 1318 visum
421 1289 455 1315 et
472 1281 635 1314 auditum
657 1280 693 1312 in
710 1292 818 1325 specu
835 1276 971 1312 concha
998 1282 1199 1316 canentem,

203 1348 264 1377 ea,
291 1347 360 1381 qua
378 1333 557 1373 noscitur,
585 1333 716 1366 forma.
768 1331 832 1365 Est
850 1337 969 1364 autem
995 1335 1197 1362 monstrum

202 1388 383 1421 marinum
397 1413 406 1427 ‚
434 1384 620 1429 superiore
640 1390 741 1428 parte
761 1382 923 1427 corporis
948 1382 1106 1415 referens
1128 1380 1200 1413 effi-

203 1440 296 1485 giem
323 1438 389 1471 viri
402 1465 411 1479 ‚
452 1436 623 1470 inferiore
655 1442 774 1468 autem
807 1435 938 1479 piscem
952 1461 960 1474 ‚
1000 1433 1119 1466 colore
1150 1437 1202 1465 est

203 1491 390 1530 caeruleo,
436 1495 471 1522 et
496 1494 650 1521 testaceo
676 1484 947 1532 conchyliorum
975 1485 1201 1529 operimento

202 1541 344 1577 horret:
390 1542 425 1574 id
461 1540 558 1586 quod
595 1539 730 1572 indicat
756 1538 927 1578 Ovidius,
969 1550 1049 1570 cum
1084 1535 1202 1582 inquit

204 1594 298 1640 (Vss.
318 1594 393 1629 332
409 1592 499 1638 sq.):

358 1655 514 1687 humeros
529 1655 648 1686 imzato
664 1653 791 1684 murice
806 1655 928 1684 tectum

259 1705 456 1741 Caeruleum
477 1706 621 1738 Tritona
641 1708 745 1736 vocat.

204 1766 371 1811 Fingitur
400 1764 544 1798 tubicen
577 1762 758 1807 Neptuni,
803 1760 865 1807 qui
899 1767 1073 1805 tanquam
1102 1756 1203 1801 signo

206 1821 290 1853 dato
309 1817 408 1851 sedet
422 1816 566 1855 fluctus,
596 1814 680 1861 quia
699 1820 733 1847 et
751 1811 886 1846 concha
906 1811 1012 1851 canit,
1042 1815 1075 1842 et
1093 1820 1204 1855 quan-

206 1872 252 1904 do
287 1869 431 1903 auditur
468 1868 525 1901 vel
560 1872 732 1912 apparet,
776 1871 860 1898 tunc
892 1861 1078 1909 portendit
1109 1867 1206 1893 tran-

208 1922 422 1968 quillitatem
453 1919 577 1954 maris.
655 1917 748 1951 Hinc
781 1916 877 1950 Dido
911 1917 947 1949 in
983 1913 1133 1959 epistola
1160 1913 1204 1945 ad

208 1974 387 2008 Aeneam:

313 2041 369 2066 lam
390 2039 465 2065 venti
484 2040 600 2071 ponent:
629 2039 775 2069 strataque
793 2036 946 2068 aequaliter
967 2035 1039 2059 unda

315 2085 459 2109 Caeruleis
479 2084 574 2108 Triton
594 2089 644 2113 per
663 2088 739 2106 mare
759 2083 852 2105 curret
874 2080 961 2110 equis.

419 2188 563 2222 Terra
594 2187 790 2221 omnium
821 2197 999 2230 parens.

264 2267 324 2301 Vs.
343 2266 431 2302 393.
459 2268 593 2310 Maqna
609 2278 735 2309 pareus
751 2271 845 2299 terra
862 2268 913 2297 est
936 2268 1001 2295 etr.

278 2327 393 2361 Terra
413 2326 576 2359 omnium
595 2338 723 2369 parens
742 2324 883 2364 (licitur,
901 2322 997 2368 quod
1015 2320 1209 2355 seminibus

214 2379 335 2414 omnia
354 2380 471 2423 pariat
490 2384 524 2411 et
547 2378 674 2410 fundat
700 2389 741 2409 ex
765 2389 857 2420 sese,
893 2374 1020 2418 stirpes
1045 2373 1206 2417 amplexa

214 2432 286 2464 alat
304 2437 338 2464 et
354 2436 502 2474 augeat;
530 2429 614 2462 item
634 2428 729 2474 quod
754 2439 876 2460 omnes
902 2426 1103 2459 animantes
1125 2426 1209 2457 edu-

214 2489 287 2523 cet,
315 2484 482 2515 educatos
500 2482 605 2514 rebus
622 2479 788 2513 omnihus
812 2484 983 2512 sustentet
1006 2489 1046 2509 ac
1072 2477 1209 2513 soveat;

214 2534 435 2580 recipiatque
466 2533 504 2566 in
535 2545 571 2566 se
601 2531 796 2565 morientes
820 2542 943 2563 omnes
968 2541 1008 2561 ac
1036 2534 1208 2574 tanquam

216 2585 352 2631 gremio
378 2585 587 2620 abscondat.

252 2766 299 2793 31)
319 2764 388 2789 Ptin.
403 2764 462 2787 Nat.
478 2762 548 2786 nist.
566 2762 615 2789 lx.
635 2768 657 2786 c.
673 2762 696 2784 l.
717 2760 766 2784 Ed.
782 2759 885 2783 Franz,
904 2759 940 2786 (e.
956 2756 979 2780 5.
1001 2756 1084 2780 Editt.
1100 2752 1210 2784 antiq).

763 132 886 168 PHIL.
922 129 1034 165 MEL.
1070 126 1273 164 SCRIPTA
1310 125 1651 161 PHILOLOGICA.

2158 118 2234 155 516

1404 212 1621 247 Homines
1651 224 1669 245 e
1697 210 1901 255 lapidum
1930 209 2063 242 iactu.

1288 288 1367 324 Vss.
1387 288 1462 324 414
1480 303 1534 334 sq.
1576 291 1660 324 Inde
1680 302 1789 333 genus
1809 290 1933 322 durum
1957 299 2091 328 sumus,
2130 297 2236 329 expe-

1651 343 1810 386 riensque
1829 340 2002 379 laborum,

1293 394 1336 425 Et
1354 393 1550 425 documenta
1568 393 1707 433 damus,
1735 404 1801 438 qua
1817 394 1923 425 simus
1938 391 2070 434 origine
2087 391 2172 424 nati.

1344 459 1400 492 Ad
1432 459 1703 503 significandam
1734 460 1846 493 animi
1880 458 2115 504 corporisque
2140 456 2239 491 duri-

1243 509 1347 551 tiem,
1374 523 1482 555 quam
1500 508 1695 552 habemus,
1723 517 1850 556 poetae
1871 512 2052 545 finxerunt
2074 507 2239 543 homines

1243 563 1286 595 de
1303 561 1483 606 lapidibus
1502 575 1574 596 esse
1601 569 1711 597 ortos.
1764 562 1922 596 Fabulae
1948 561 2115 607 praebuit
2140 571 2241 594 occa-

1244 613 1380 647 sionem
1399 613 1596 647 similitudo
1613 613 1789 653 nominis;
1819 616 1884 653 λᾶς
1900 614 1995 647 enim
2013 614 2109 658 apud
2130 613 2242 647 Grae-

1246 677 1304 699 cos
1332 665 1488 709 lapidem
1514 665 1701 710 significat.
1769 665 1893 699 Potest
1914 665 2021 698 etiam
2042 664 2169 698 referri
2191 664 2242 696 fa-

1245 716 1328 749 bula
1347 718 1390 749 ad
1409 715 1616 756 historiam3
1642 717 1834 751 verisimile
1855 723 1906 750 est
1932 717 2047 757 enim,
2077 714 2243 749 homines

1246 768 1308 801 diu
1326 775 1408 812 post
1425 769 1599 802 diluvium
1617 767 1796 802 habitasse
1819 768 1972 813 sparsim
2000 768 2037 801 in
2060 767 2244 800 montibus

1248 825 1282 852 et
1313 819 1427 853 saxeis
1462 820 1651 864 speluncis.
1719 820 1979 854 Deucalionem
2006 831 2092 853 vero
2121 829 2245 853 rursus

1248 870 1442 905 instituisse
1463 878 1583 905 coetus
1602 873 1647 905 ad
1672 873 1878 906 condendas
1903 872 2029 911 urbes,
2065 877 2173 916 atque
2196 869 2245 902 ita

1249 934 1431 966 reparasse
1447 920 1612 957 homines
1628 924 1807 968 lapidibus
1824 930 1921 956 retro
1944 922 2064 962 iactis,
2091 920 2160 955 hoc
2184 926 2248 960 est,

1249 973 1427 1018 speluncis
1459 975 1610 1015 relictis,
1652 975 1759 1021 idque
1788 973 1975 1008 Themidis
2007 985 2126 1008 suasu.
2184 972 2249 1006 Est

1251 1031 1369 1058 autem
1396 1024 1544 1060 Themis
1578 1027 1634 1059 lex
1661 1039 1724 1060 seu
1758 1027 1812 1060 ius
1844 1033 2018 1066 naturae,
2060 1026 2160 1058 cuius
2194 1024 2249 1056 in-

1251 1077 1383 1111 stinctu
1403 1077 1516 1111 civilis
1533 1077 1626 1110 vitae
1645 1077 1823 1112 institutio
1844 1084 1895 1112 est
1912 1077 2070 1111 inventa.

1299 1187 1485 1224 Themis
1513 1202 1592 1224 cur
1621 1190 1921 1224 oraculorum
1951 1185 2212 1235 praese532).

1357 1266 1506 1302 Themis
1526 1268 1674 1313 fingitur
1699 1267 1950 1307 oraculorum,
1979 1265 2047 1300 hoc
2071 1272 2142 1307 est,
2169 1264 2251 1298 reli-

1254 1320 1370 1365 gionis
1387 1333 1543 1365 praeses.
1596 1320 1689 1354 Nam
1707 1319 1801 1353 ratio
1820 1320 1856 1352 in
1875 1325 2006 1352 natura
2028 1318 2155 1357 insita,
2182 1322 2252 1350 sta-

1253 1372 1322 1406 tuit
1338 1385 1410 1407 esse
1429 1372 1545 1405 Deum
1558 1398 1567 1412 ,
1596 1378 1630 1405 et
1645 1371 1814 1417 pietatem
1833 1383 1915 1416 erga
1936 1383 2018 1405 eum
2045 1368 2251 1403 colendam:

1254 1422 1418 1470 hancque
1464 1424 1677 1458 sententiam
1719 1424 1841 1456 animo
1888 1421 1990 1467 quasi
2023 1420 2253 1464 insculptam,

1255 1482 1376 1509 tuetur
1395 1476 1556 1509 omnium
1574 1475 1733 1519 gentium
1760 1474 1968 1513 consensio,
2003 1484 2095 1519 quae
2121 1471 2178 1517 (ut
2200 1470 2254 1503 in-

1256 1527 1334 1574 quit
1353 1527 1496 1573 Cicero)
1514 1527 1569 1560 lex
1584 1533 1735 1560 naturae
1753 1526 1911 1570 putanda
1930 1531 1993 1559 est.

1654 1628 1683 1661 P
1694 1640 1715 1673 y
1726 1634 1738 1660 t
1748 1625 1771 1660 h
1784 1640 1803 1660 o
1813 1639 1849 1660 n.

1308 1707 1368 1741 Vs.
1387 1706 1473 1740 438.
1502 1707 1570 1740 Sed
1588 1711 1624 1739 tu
1633 1704 1679 1751 33)
1699 1717 1841 1751 quoque,
1869 1705 2022 1737 mam'me
2036 1702 2182 1748 Python.

1361 1774 1508 1821 Python
1541 1775 1671 1814 draco,
1713 1780 1795 1818 post
1822 1773 1999 1806 diluvium
2030 1783 2072 1806 ex
2106 1768 2256 1804 humida

1259 1836 1355 1863 terra
1390 1834 1515 1867 natus,
1564 1826 1740 1871 significat
1772 1827 1985 1858 immensam
2019 1821 2258 1857 exhalationis

1260 1882 1352 1921 vim,
1393 1892 1485 1926 quae
1511 1879 1627 1912 extitit
1649 1884 1731 1923 post
1756 1876 2053 1915 inundationem,
2094 1875 2210 1907 donec
2238 1885 2256 1906 a

1260 1934 1333 1968 sole
1351 1937 1634 1966 consumeretur.
1686 1929 1726 1963 In
1749 1927 1841 1962 hanc
1858 1927 2072 1962 sententiam
2089 1923 2258 1959 Iovianus

1261 1986 1449 2019 Pontanus
1471 1983 1619 2027 exponit
1642 1979 1735 2015 hanc
1760 1981 1919 2014 fabulam
1949 1979 1986 2011 in
2017 1990 2081 2012 sua
2108 1976 2260 2016 Urania,

1261 2037 1321 2071 ubi
1340 2037 1388 2071 sic
1406 2035 1541 2081 inquit:

1367 2096 1432 2120 Tum
1452 2094 1537 2118 tellus
1555 2091 1652 2123 gravis
1673 2090 1775 2119 imbre,
1795 2092 1822 2114 et
1841 2090 1928 2114 adhuc
1947 2087 2143 2119 stagnantibus
2162 2086 2242 2111 undis

1367 2138 1501 2167 Humida,
1527 2136 1626 2160 anhela
1638 2152 1645 2165 ‚
1669 2141 1756 2163 vagos
1777 2134 1894 2158 tollebat
1912 2133 1947 2157 ad
1965 2132 2082 2156 aethera
2099 2131 2207 2161 tortus,

1368 2182 1517 2205 involvens
1535 2179 1639 2203 coelum
1660 2179 1731 2201 nube
1754 2179 1780 2200 et
1799 2176 1918 2208 caligine
1937 2181 2030 2206 opaca.

1367 2225 1417 2249 Hic
1435 2224 1483 2247 ille
1501 2222 1627 2246 immanis
1648 2222 1764 2252 Python.

1262 2270 1403 2304 Dicitur
1439 2274 1557 2301 autem
1588 2265 1733 2312 Python
1762 2278 1781 2298 a
1817 2263 2006 2310 putredine
2041 2275 2103 2297 seu
2137 2266 2258 2306 putre-

1262 2322 1435 2358 factione3
1480 2332 1563 2352 nam
1598 2314 1714 2353 πυθώ
1744 2317 1921 2361 significat
1945 2313 2257 2361 putrefactionem.

1263 2373 1308 2407 Et
1324 2372 1406 2419 quia
1425 2372 1477 2405 sol
1499 2371 1678 2405 consumit
1700 2382 1845 2402 omnem
1875 2367 2102 2413 putredinem
2129 2371 2259 2403 terrae,

1264 2426 1410 2470 eiusque
1429 2436 1446 2456 c
1465 2423 1597 2457 circulo
1619 2422 1774 2455 emicant
1800 2421 1892 2454 radii
1916 2421 1953 2453 in
1979 2418 2128 2452 modum
2153 2415 2259 2460 sagit-

1265 2484 1405 2516 tarum,
1449 2476 1529 2509 ideo
1555 2474 1687 2519 Apollo
1719 2473 1864 2518 fingitur
1896 2471 2095 2504 interficere
2123 2465 2260 2513 sagittis

1263 2527 1444 2564 Pvthona.

1298 2693 1347 2722 32)
1369 2694 1442 2716 llaec
1465 2691 1593 2722 spectant
1612 2689 1646 2713 ad
1667 2688 1745 2713 Ονίιί,
1767 2688 1830 2711 Met.
1852 2687 1872 2713 l,
1892 2686 1950 2710 321.

1300 2754 1348 2782 33)
1369 2755 1416 2781 (ιιι
1438 2752 1477 2775 sic
1497 2751 1688 2776 Editt.1555..
1711 2750 1802 2775 1559.;
1830 2748 1908 2773 Ovid.
1933 2747 1979 2771 Ed.
1999 2745 2104 2770 Mitsch.
2124 2744 2162 2769 te.
