2341 2973
190 91 265 129 715
801 84 922 120 PHlL.

193 180 377 226 magnifice
402 179 443 210 de
470 188 506 210 se
530 175 690 209 sentiunt
716 185 755 206 ac
783 172 1008 217 praedicant:
1056 171 1187 216 ubique

193 232 306 266 videri
325 231 450 263 volunt
467 239 636 272 regnare,
672 227 710 258 in
735 225 847 265 aulis,
880 225 915 255 in
941 222 1118 262 consiliis,
1153 222 1189 254 in

194 286 298 318 rebus
324 281 490 314 omnibus
516 278 699 324 gerendis,
744 275 954 321 praesertim
980 274 1040 307 ubi
1065 286 1100 307 se
1127 285 1190 318 pu-

193 342 269 369 tant
290 335 323 367 in
345 339 422 366 tuto
441 345 525 366 esse.

295 403 339 435 Hi
359 403 394 435 in
411 400 560 446 privatis
585 397 736 442 negotiis
763 395 903 429 ridiculi
931 401 1032 431 sunt,
1068 399 1107 427 ut
1132 391 1190 425 hic

192 458 228 490 in
250 456 369 489 sabula
389 452 551 489 Thraso,
584 458 618 483 et
635 450 729 493 apud
749 448 918 480 Plautum
936 446 1038 479 Miles
1058 445 1190 489 glorio-

193 521 269 545 sus;
306 507 367 540 sed
395 506 431 537 in
459 502 639 547 republica
661 500 851 545 siquando
871 499 1072 542 imperant,
1110 509 1189 541 per-

192 558 339 598 niciosi,
369 564 402 590 et
429 561 576 600 propter
600 552 808 589 stultitiam,
849 556 882 583 et
905 555 1053 594 propter
1078 548 1190 581 ambi-

192 612 326 644 tionem
342 636 350 647 ,
379 607 493 654 qualis
508 605 772 650 propemodum
796 601 902 635 fuisse
920 600 1099 634 Antonius
1118 600 1188 632 Ro-

192 675 271 696 mae
295 661 456 699 videtur,
504 664 537 691 et
559 656 683 702 quales
708 667 803 688 nunc
827 659 980 698 regnant
1005 652 1109 685 multi
1137 651 1189 683 in-

191 714 284 747 docti
324 719 357 745 et
384 711 611 755 impudentes
644 706 809 740 homines
842 705 878 737 in
908 704 1050 748 templis
1089 710 1123 736 et
1154 703 1188 735 in

191 764 435 799 concionibus.

296 833 418 877 ltaque
437 831 626 873 diligenter
647 826 703 860 hic
723 826 989 871 cognoscendus
1007 829 1057 856 est
1073 820 1188 855 Thra-

193 900 252 925 so,
294 891 333 918 ut
364 883 479 916 odisse
507 879 751 924 arrogantiam
787 891 827 910 ac
853 877 1048 909 vanitatem
1076 874 1189 907 disca-

190 950 281 971 mus.
351 934 487 968 Rivalis
518 930 718 965 Thrasonis
747 929 892 973 fingitur
925 926 1069 971 ingenio
1104 925 1189 959 satis

192 992 289 1023 bono
307 1000 403 1026 esse,
431 987 490 1019 sed
520 984 566 1016 ita
594 983 803 1015 immutatus
824 991 947 1012 amore
972 977 1189 1017 meretricio,

190 1048 321 1075 utnon
344 1048 557 1082 cognoscas,
588 1034 725 1080 inquit,
763 1033 916 1066 eundem
945 1043 1029 1064 esse.
1091 1028 1189 1074 Quid

192 1099 311 1126 autem
348 1089 486 1133 turpius
522 1093 593 1126 est,
637 1098 744 1131 quam
774 1085 820 1117 ita
845 1083 939 1116 vinci
969 1093 1110 1121 amore,
1151 1087 1191 1113 ut

191 1143 294 1190 quasi
311 1148 478 1174 naturam
494 1144 656 1172 nostram
682 1136 817 1171 exuisse
846 1133 1058 1168 videamur?
1121 1132 1189 1166 Sed

190 1194 299 1229 habet
314 1193 449 1238 primas
461 1189 603 1224 Thraso
620 1189 656 1222 in
677 1187 743 1222 hac
762 1188 895 1227 fabula,
925 1186 981 1220 cui
1000 1186 1079 1219 ideo
1091 1185 1189 1218 Gna·

190 1246 338 1280 thonem
358 1244 477 1283 addit,
505 1249 544 1276 ut
559 1243 698 1275 fatuum
718 1247 752 1274 et
769 1240 942 1273 insulsum
968 1237 1188 1271 ardelionem

191 1298 321 1332 clarius
339 1296 566 1341 depingeret,
594 1293 810 1338 exagitatum
831 1297 865 1324 et
884 1290 1040 1324 derisum
1068 1289 1112 1322 ab
1137 1301 1190 1322 as-

192 1356 384 1385 sentatore.
453 1347 499 1380 Et
533 1345 617 1392 quia
653 1344 755 1391 quasi
791 1342 931 1388 gemina
969 1341 1087 1375 fabula
1127 1347 1189 1379 est,

190 1403 435 1436 discernamus
451 1398 609 1444 pericula
629 1404 663 1430 et
681 1396 794 1430 exitus
811 1395 996 1441 utriusque
1015 1392 1137 1438 partis.

294 1468 454 1504 Protasis
474 1473 545 1502 est:
574 1464 706 1506 Thais,
733 1471 772 1498 ut
795 1470 1007 1510 extorqueat
1031 1475 1049 1495 a
1076 1462 1189 1495 milite

190 1523 347 1569 puellam
365 1521 492 1560 civem,
520 1518 700 1564 promittit
716 1517 746 1550 ei
763 1530 798 1551 se
816 1517 973 1550 futuram
994 1515 1090 1559 apud
1108 1526 1188 1547 eum

191 1575 331 1620 aliquot
360 1573 453 1610 dies;
497 1571 606 1616 idque
636 1576 676 1602 ut
707 1569 879 1602 concedat
899 1566 1099 1606 Phaedria,
1132 1566 1190 1598 vix

191 1627 335 1660 tandem
356 1625 583 1668 impetratur.
638 1621 720 1654 Fuit
739 1620 832 1653 enim
855 1619 977 1652 rivalis
1004 1618 1190 1650 addendus

190 1676 371 1711 Thrasoni
391 1674 592 1720 potentior,
622 1673 755 1716 utplus
774 1678 862 1705 esset
890 1671 926 1702 in
952 1670 1069 1703 fabula
1097 1668 1190 1713 peri-

191 1730 353 1763 culorum
372 1734 406 1760 et
421 1725 614 1759 varietatis.

292 1796 448 1842 Epitasis
474 1802 540 1830 est:
580 1793 670 1827 Cum
698 1794 742 1825 ad
769 1791 917 1825 militem
946 1790 1043 1823 veuit
1066 1786 1190 1827 Thais,

191 1850 338 1884 accersit
356 1850 502 1882 fratrem
529 1846 689 1891 puellae,
726 1850 764 1877 ut
790 1857 870 1877 eum
898 1844 940 1876 de
968 1853 1092 1875 sorore
1118 1852 1191 1873 cer-

191 1903 319 1936 tiorem
338 1901 475 1934 reddat.
529 1896 672 1931 Thraso
687 1923 694 1936 ‚
717 1895 800 1942 quia
824 1901 925 1940 putat
949 1894 1014 1928 sibi
1040 1893 1189 1926 rivalem

190 1955 406 1991 adductum,
435 1947 691 1985 stomachatur.
729 1948 850 1993 Quare
868 1946 1017 1980 discedit
1034 1946 1078 1978 ab
1098 1944 1191 1977 irato

193 2004 317 2039 Thais.
378 2003 426 2036 lbi
447 2002 540 2036 redit
557 2001 657 2034 miles
684 2005 929 2044 oppugnatum
957 1998 1060 2031 aedes
1080 1994 1191 2029 Thai<

192 2058 266 2098 dis,
295 2068 425 2099 magno
444 2067 522 2088 cum
542 2053 709 2086 tumultu.

297 2121 533 2167 (Iatastrophe
549 2122 701 2155 ridicula
728 2128 796 2155 est:
834 2119 976 2153 Omissa
1005 2129 1191 2162 oppugna-
1218 2156 1220 2163 Ι

194 2177 292 2211 tione
304 2204 312 2217 ‚
335 2174 477 2209 Thraso
494 2176 532 2208 fit
549 2174 697 2218 supplex
713 2171 866 2211 Thaidi,
895 2178 929 2204 et
945 2167 1092 2204 Gnatho
1111 2181 1191 2202 eum

194 2229 245 2262 ita
270 2228 440 2262 describit
468 2224 687 2265 Phaedriae,
733 2231 772 2258 ut
803 2224 830 2258 is
858 2223 1032 2266 intelligat
1055 2221 1123 2254 sibi
1149 2220 1192 2253 ab

194 2279 264 2314 hoc
283 2280 385 2313 rivali
405 2277 496 2312 nihil
516 2290 588 2311 esse
613 2276 773 2321 periculi.
836 2276 957 2320 Quare
977 2274 1025 2307 sic
1046 2272 1193 2307 discedit

193 2332 314 2373 miles,
341 2338 381 2365 ut
396 2343 432 2365 se
450 2341 594 2377 quoque
620 2327 765 2361 haerere
784 2327 820 2359 in
837 2327 956 2372 aliqua
974 2331 1074 2370 parte
1097 2325 1193 2369 apud

196 2383 375 2418 Thaidem
399 2383 614 2420 arbitretur,
661 2386 766 2425 atque
790 2377 858 2412 hoc
886 2391 950 2411 suo
988 2388 1109 2410 errore
1141 2376 1194 2408 in—

196 2437 299 2469 terim
316 2434 426 2469 homo
445 2434 615 2473 stolidus,
642 2432 767 2464 beatus
785 2437 846 2464 est.

296 2503 418 2536 Altera
445 2500 602 2546 Epitasis
635 2504 700 2533 est:
740 2495 898 2531 Chaerea
930 2508 995 2541 pro
1016 2492 1193 2529 Eunucho

197 2556 243 2589 ad
259 2552 436 2589 Thaidem
454 2554 646 2592 deductus,
675 2550 802 2583 vitium
822 2549 927 2582 offert
946 2547 1087 2592 virgini.
1125 2546 1195 2580 Sed

197 2603 434 2650 Catastrophe
470 2606 561 2638 laeta
599 2610 660 2637 est.
740 2601 833 2636 Nam
870 2601 1007 2645 puella,
1055 2605 1195 2644 postea-

197 2671 305 2705 quam
334 2670 413 2691 eam
438 2656 665 2702 comperiunt
696 2666 768 2689 esse
803 2652 935 2691 civem,
978 2652 1083 2685 datur
1105 2662 1195 2684 uxor

197 2708 389 2744 Chaereae.

960 83 1072 118 MEL.
1109 83 1313 119 SCRIPTA
1349 83 1686 119 PfflLOLOGlCA.

2177 85 2250 120 716

1410 169 1637 216 Prologus
1664 170 1706 202 in
1735 168 2003 203 Eunuchum
2024 170 2082 216 ¹⁷).

1295 237 1440 270 Salvere
1458 237 1564 270 iubeo
1582 243 1801 282 spectatores
1820 237 1976 281 optimos
1988 264 1997 278 ‚

1296 288 1369 332 Qui
1385 301 1511 322 scenae
1530 290 1714 322 ornandae
1733 288 1935 322 confluxere
1958 290 2092 334 gratia,

1296 340 1437 373 Favere
1455 347 1578 374 nostra
1597 340 1714 374 studia
1731 347 1771 373 ut
1788 341 1940 374 excitent
1953 353 2017 374 suo
2031 368 2040 381 ,

1296 391 1473 437 Artesque
1491 390 1660 425 honestas
1678 397 1712 424 et
1724 391 1878 436 benigne
1896 391 2099 437 provehant
2111 420 2119 434 ‚

1296 444 1574 489 Autoritateque
1592 450 1630 476 ut
1650 449 1818 476 tueantur
1836 442 1931 477 hunc
1947 455 2089 489 gregem
2101 472 2109 485 ,

1301 494 1374 540 Qui
1395 495 1554 529 scenicos
1570 496 1674 528 ludos
1692 495 1868 528 industria
1888 508 1950 529 sua

1296 545 1468 580 Instruxit
1485 544 1552 580 hac
1571 547 1607 579 in
1624 547 1711 579 urbe
1728 546 1886 590 primus,
1912 553 1952 581 ut
1969 546 2055 581 iocis

1296 598 1511 644 Salihusque
1526 604 1721 643 personent
1738 596 1824 631 haec
1838 598 1977 643 pulpita
1996 598 2122 634 Atticis
2134 626 2142 637 ,

1296 649 1344 682 Et
1362 651 1537 684 barbaros
1556 651 1699 695 plorare
1717 650 1838 690 iussit,
1866 650 2004 684 fabulas

1295 702 1434 735 Effert-e
1454 703 1515 747 qui
1535 702 1705 735 vetabant
1721 702 1756 733 in
1771 701 2001 746 proscenium
2012 727 2022 742 ‚

1297 753 1400 798 Quae
1417 754 1584 787 cultiores
1603 754 1773 787 iuvenum
1790 765 1908 786 mores
1927 753 2130 787 redderent.

1296 804 1555 838 Terentianam
1575 817 1720 849 agemus
1739 802 1953 838 Eunuchum
1974 805 2103 844 modo,

1296 856 1399 901 Quae
1416 857 1553 891 fabulas
1568 857 1716 890 Latinas
1734 856 1845 889 vincit
1861 862 2019 890 caeteras

1297 908 1482 942 Sermonis
1499 908 1676 953 elegantia
1697 914 1729 941 et
1745 908 1881 942 facetiis
1893 935 1902 948 ,

1293 959 1360 992 Vel
1379 959 1453 1004 ipse
1470 973 1558 1006 quas
1577 960 1721 993 Momus
1739 959 1890 993 miretur
1908 972 1949 992 ac
1965 959 2113 1004 probet;

1296 1011 1434 1057 Illoque
1452 1012 1584 1046 sentiat
1599 1011 1727 1044 tinctas
1743 1012 1815 1044 sale
1826 1038 1835 1051 ,
1861 1024 1932 1057 quo
1951 1017 2065 1045 satam

1296 1064 1475 1096 Amorum
1493 1071 1527 1097 et
1543 1063 1793 1097 illecebrarum
1813 1069 1965 1096 matrem
1984 1063 2146 1096 omnium

1296 1115 1474 1148 Venerem
1490 1117 1622 1150 ferunt.
1675 1114 1744 1148 Sed
1760 1126 1955 1158 corrugare
1973 1114 2117 1148 tetricos

1298 1167 1486 1213 Quosdam
1503 1167 1630 1201 videtis
1648 1178 1773 1207 nares,
1801 1165 2051 1200 immodestiae

1295 1219 1342 1252 Hi
1361 1231 1427 1253 nos
1437 1218 1482 1265 ¹⁸)
1501 1225 1688 1259 accusant,
1716 1218 1753 1251 in
1771 1216 1952 1252 theatrum
1974 1218 2073 1264 quod
2089 1217 2185 1251 iocos

1296 1271 1466 1305 Proferre
1485 1272 1673 1305 liberiores
1689 1271 1798 1315 paulo
1817 1270 1894 1304 ausi
1913 1283 2037 1304 sumus
2049 1296 2058 1310 ‚

1296 1323 1491 1369 Moresque
1508 1323 1748 1357 criminantur
1763 1322 1884 1355 vitiari
1899 1322 2015 1356 bonos

1296 1375 1433 1409 Parum
1452 1376 1584 1410 severis
1600 1374 1702 1409 dictis
1719 1380 1825 1420 atque
1841 1373 1988 1408 lusibus.

1297 1427 1367 1461 Sed
1386 1440 1406 1460 o
1424 1439 1588 1463 censores
1608 1438 1752 1471 asperos
1770 1432 1803 1458 et
1820 1437 2034 1470 pergraves,

1297 1479 1389 1524 Qui,
1434 1481 1530 1524 quod
1556 1476 1826 1523 reprehendunt
1852 1477 1890 1509 in
1913 1474 2076 1516 theatro,
2120 1476 2247 1510 ludunt

1661 1529 1760 1562 domi
1772 1556 1781 1568 ‚

1296 1580 1345 1615 Et
1362 1581 1489 1615 Curios
1507 1581 1697 1621 simulant,
1723 1580 1851 1613 vivunt
1866 1576 2121 1613 Bacchanalia.

1297 1633 1446 1667 Ludunt
1463 1639 1611 1677 poetae;
1639 1639 1675 1666 at
1690 1632 1787 1666 lusus
1807 1631 1858 1664 illi
1877 1630 1970 1665 seria

1296 1684 1463 1724 Ducunt,
1491 1684 1669 1730 simulque
1687 1696 1832 1717 morum
1852 1684 2002 1716 tradunt
2019 1682 2155 1727 optima

1297 1737 1401 1770 Vitae
1418 1743 1608 1781 praecepta
1620 1763 1629 1776 ‚
1655 1741 1694 1769 ut
1710 1733 1802 1768 nihil
1819 1734 1948 1768 melius
1964 1734 2076 1768 Solon

1297 1788 1371 1823 Aut
1387 1789 1543 1823 sanctius
1559 1788 1689 1822 tabulis
1706 1786 1929 1832 inscripserit
1946 1785 2084 1823 aeneis;

1296 1841 1367 1875 Sed
1383 1853 1547 1885 asperam
1565 1846 1687 1873 tamen
1704 1840 1873 1873 virtutem
1893 1837 2067 1872 condiunt

1297 1893 1574 1928 Iucundioribus
1589 1892 1764 1926 illecebris
1775 1918 1784 1931 ‚
1812 1897 1851 1924 ut
1869 1890 1986 1924 solent

1299 1945 1453 1985 Medici,
1481 1945 1601 1978 daturi
1619 1944 1739 1989 pueris
1756 1949 1845 1976 tetra
1865 1939 2077 1987 absynthia,

1299 1998 1390 2032 Cum
1408 1997 1513 2030 melle
1534 1996 1628 2030 dulci
1648 2002 1682 2029 et
1696 1992 1866 2029 saccharo
1884 1993 2032 2027 irritant
2050 1991 2181 2036 gulam.

1298 2049 1493 2084 Facessant
1510 2061 1594 2093 ergo
1611 2046 1727 2093 iniqui
1745 2047 1896 2080 audaces
1912 2043 1997 2078 hinc
2015 2043 2160 2089 procul,

1297 2102 1348 2135 Ut
1365 2100 1596 2147 aequioribus
1610 2098 1794 2144 spectandi
1811 2099 1896 2131 dent
1914 2097 2044 2130 locum.

1297 2153 1373 2189 Nos
1390 2152 1523 2198 publici
1541 2151 1727 2196 nostrique
1745 2162 1849 2184 eausa
1867 2147 2051 2183 commodi

1299 2204 1559 2238 Terentianam
1579 2215 1724 2247 agemus
1740 2199 1956 2235 Eunuchum
1974 2199 2084 2233 modo
2096 2224 2104 2237 ‚

1299 2257 1379 2303 Qua
1396 2256 1588 2289 barbaram
1606 2253 1806 2289 Thrasonis
1825 2252 2071 2297 arrogantiam

1286 2391 1331 2419 17)
1354 2390 1403 2414 liic
1426 2391 1573 2420 prologus,
1604 2393 1681 2419 quem
1702 2386 1860 2410 Melanthon
1885 2386 1910 2409 d.
1930 2385 2046 2410 22.1an.
2069 2383 2144 2408 ¹525.
2172 2382 2247 2407 misit

1319 2426 1482 2449 Callicrario
1508 2430 1578 2453 suo,
1612 2424 1638 2446 in
1658 2421 1788 2452 Prologis
1814 2421 1921 2451 aliquot
1946 2420 1987 2443 sic
2010 2418 2162 2448 inscriptus
2187 2418 2246 2441 est:

1319 2460 1485 2489 „Prologus
1505 2460 1532 2483 in
1553 2458 1724 2482 Eunuchum:
1757 2456 1844 2480 loach.
1865 2451 2017 2479 Camera.’'
2044 2453 2142 2484 quibus
2167 2451 2247 2476 facile

1320 2495 1420 2525 aliquis
1438 2494 1465 2518 in
1485 2499 1611 2523 errorem
1631 2493 1762 2521 ducatur,
1794 2496 1856 2514 eum
1875 2496 1891 2513 a
1910 2489 2073 2514 camerario
2093 2493 2159 2511 esse
2175 2487 2247 2511 scri-

1321 2532 1406 2560 ptum.
1443 2530 1542 2554 Exstat
1563 2529 1710 2557 praeterea
1729 2527 1755 2549 in
1770 2525 1833 2548 Mei.
1851 2524 1918 2554 Opp.
1937 2523 2022 2548 Basil.
2042 2523 2095 2554 V.‚
2115 2522 2245 2547 Grattius.

1320 2566 1384 2590 coti.
1400 2565 1511 2595 Epigr„
1537 2564 1618 2593 Corp.
1632 2562 1693 2585 Rei.
1708 2562 1743 2586 Χ,
1754 2577 1761 2591 ‚
1782 2560 1892 2583 Terent.
1907 2558 1992 2583 Editt.
2012 2558 2086 2582 1540.
2102 2558 2142 2587 B„
2162 2556 2247 2585 1543„

1323 2601 1407 2630 1548„
1431 2600 1505 2623 1551.
1520 2611 1555 2616 -
1572 2598 1603 2621 ln
1617 2595 1757 2620 vincentii
1779 2595 1887 2618 collect.
1901 2593 2068 2624 Epigramm.
2082 2592 2146 2616 Mei.
2161 2590 2247 2615 deest-

1287 2644 1331 2674 18)
1350 2645 1417 2672 nos]
1444 2643 1485 2667 sic
1509 2642 1573 2667 Mel.
1594 2642 1662 2671 Opp.
1682 2639 1767 2664 Basil.
1784 2639 1835 2668 V.‚
1869 2637 1982 2667 Prolog.
2000 2636 2083 2666 aliq.‚
2117 2634 2247 2659 Gratim&

1322 2679 1348 2701 et
1373 2679 1483 2702 'rm-ent.
1510 2677 1594 2700 Mitt.
1622 2675 1696 2700 154⁰.
1719 2675 1764 2703 R,
1793 2671 1886 2701 1543.,
1916 2671 2006 2702 1548.,
2036 2670 2129 2700 1551.;
2166 2669 2247 2698 Coi-p.

1322 2713 1443 2738 Reform.
1461 2712 1512 2735 Χ.·,
1541 2717 1603 2736 vos,
