2341 2973
247 72 317 107 691

245 159 465 196 servatione;
494 158 625 197 dictus,
654 160 748 203 quod
769 172 809 192 eo
835 161 880 193 ita
908 161 1069 194 incedere
1092 163 1232 195 numeri

245 209 451 248 videantur,
497 209 597 242 sicuti
632 210 798 243 animalia
830 212 978 254 pedibus
1010 212 1232 254 gradiuntur.

243 260 311 293 Pes
332 266 467 293 constat
494 260 657 304 syllabis,
693 262 849 306 syllabae
875 263 1116 306 temporibus,
1145 270 1232 297 tem-

242 323 332 355 pora
351 323 434 344 vero
453 317 564 345 motu.
624 311 735 346 Pedes
761 319 821 346 aut
846 320 929 346 sunt
951 315 1103 347 duarum
1129 315 1233 360 sylla-

242 362 390 402 barum,
418 368 478 395 aut
495 362 622 401 trium,
651 369 710 395 aut
727 370 892 408 quatuor.
945 364 1077 405 Pedes,
1106 366 1168 411 qui
1192 379 1233 400 ex

242 413 381 446 duabus
401 413 544 458 syllabis
562 420 744 453 constant,
772 412 808 446 hi
827 415 1007 448 seruntur:

345 462 597 508 Pyrrhichius,
642 477 746 509 quem
785 465 845 497 alii
879 464 1121 507 Dibrachum,
1172 467 1232 500 alii

240 514 407 558 Aegeona
428 516 626 559 appellant,
654 516 792 549 duabus
815 524 954 550 constat
979 518 1165 559 brevibus,
1192 525 1232 552 ut

240 572 353 609 pater.

343 616 548 660 spondeus,
577 617 714 651 duabus
732 618 876 662 syllabis
898 619 1032 664 longis,
1060 619 1230 664 tempori-

239 667 304 700 bus
323 673 497 712 quatuor,
525 674 563 700 ut
582 668 716 701 Musae.

341 717 501 757 Iambus,
529 730 570 751 ex
586 719 686 751 brevi
704 726 737 752 et
752 720 857 765 longa
869 747 878 760 ,
905 727 944 753 ut
962 721 1046 753 dies.

343 767 569 809 Trochaeus,
596 783 701 815 quem
727 771 874 816 quidam
890 771 1069 805 Cboreum
1088 777 1229 811 vocant,

238 831 278 851 ex
294 819 399 864 longa
419 826 451 853 et
469 821 589 861 brevi,
614 828 651 854 ut
670 822 784 856 Musa.

549 903 607 937 De
637 905 917 950 trisyllabis.

338 970 508 1016 Dactylus
533 972 639 1004 trium
670 979 719 1006 est
741 974 980 1017 syllabarum,
1020 973 1082 1019 qui
1109 974 1225 1018 prima

236 1021 339 1066 longa
359 1029 391 1055 et
410 1023 547 1056 duabus
565 1030 703 1057 constat
719 1024 906 1065 brevibus,
934 1031 971 1058 ut
989 1026 1118 1058 secula.

336 1073 578 1117 Anapaestus,
632 1087 737 1120 quern
777 1076 920 1121 quidem
956 1076 1224 1121 Antidactylum

231 1131 505 1168 nuncuparunt,
549 1124 655 1158 habet
685 1127 772 1160 duas
802 1128 926 1161 breves
954 1134 987 1160 et
1013 1140 1121 1161 unam
1147 1128 1225 1160 lon-

231 1187 330 1219 gam,
358 1182 396 1208 ut
412 1177 572 1210 domino.

334 1225 573 1267 Tribrachus,
603 1240 707 1273 quem
728 1228 872 1274 quidam
890 1226 1223 1275 Brachysyllabum,

231 1276 291 1308 alii
308 1276 562 1319 Trinocbeon,
591 1280 753 1312 nonnulli
774 1280 1001 1325 Pygmaeona
1015 1307 1024 1320 ,
1061 1282 1222 1327 plerique

231 1327 336 1360 etiam
357 1328 535 1362 Choreum
562 1330 812 1375 nominant5),
846 1332 957 1365 tribus
982 1339 1120 1366 constat
1144 1333 1222 1366 bre-

230 1378 330 1413 vibus
350 1387 383 1412 et
403 1381 549 1414 totidem
569 1382 810 1426 temporibus,
839 1389 877 1415 ut
895 1383 1074 1417 dominus.

332 1429 642 1476 Amphibracbus,
671 1446 774 1478 quem
797 1434 855 1466 alii
873 1433 1032 1474 lanium,
1061 1435 1119 1468 alii
1138 1434 1221 1467 Sco-

229 1480 314 1514 lium
336 1491 485 1523 vocant,
514 1496 553 1517 ex
571 1484 669 1517 brevi
697 1492 730 1518 et
754 1485 859 1529 longa
884 1493 917 1519 et
940 1486 1061 1527 brevi,
1097 1492 1136 1519 ut
1159 1498 1220 1531 pa-

229 1538 379 1567 rentem.

331 1582 627 1628 Amphimacrus‚
666 1599 771 1631 quem
796 1586 856 1618 alii
880 1586 1140 1621 Fescenninum
1167 1588 1218 1621 di-

228 1646 330 1674 xere,
361 1636 419 1668 alii
437 1636 633 1678 Creticum,
662 1643 800 1671 constat
817 1650 856 1670 ex
874 1638 979 1682 longa
1007 1646 1040 1672 et
1062 1640 1162 1673 brevi
1186 1646 1219 1673 et
1245 1666 1247 1676 i

226 1685 355 1729 longa,
382 1694 418 1720 ut
436 1688 587 1721 nomini.

334 1736 529 1778 Bacchius,
573 1752 614 1773 ex
645 1739 745 1773 brevi
775 1746 808 1773 et
836 1740 973 1775 duabus
997 1741 1131 1785 longis,
1179 1748 1219 1775 ut

227 1799 354 1822 amori.

226 1896 264 1923 ut
287 1897 427 1926 natura.

485 1976 546 2009 De
576 1978 955 2023 quadrisyllabis.

276 2044 642 2086 proceleusmaticus,
685 2059 725 2079 ex
754 2053 910 2092 quatuor
943 2046 1130 2087 brevibus,
1176 2054 1215 2081 ut

438 2097 589 2131 anicula.

276 2146 523 2192 Dispondeus,
561 2149 757 2182 exduobus
781 2149 967 2193 spondeis,
1005 2149 1039 2181 id
1066 2155 1135 2189 cst,
1172 2162 1212 2183 ex

432 2205 586 2243 quatuor
603 2199 735 2243 longis,
764 2207 802 2232 ut
818 2200 1019 2234 fortunatis.

275 2248 484 2288 Diiamluis,
513 2262 552 2281 ex
570 2250 666 2282 brexi
686 2258 717 2284 et
741 2252 847 2295 longa
872 2258 904 2284 et
927 2252 1026 2284 brevi
1045 2251 1210 2296 ctlonga,

427 2307 465 2332 ut
482 2300 653 2344 Apollini.
1234 2326 1237 2338 ,

270 2349 527 2390 Ditrocbaeus,
558 2364 598 2385 ex
626 2353 750 2394 longa,
782 2353 902 2392 brevi,
935 2353 1060 2397 longa,
1094 2353 1207 2394 brevi,

423 2409 461 2435 ut
478 2403 692 2436 fulminabit.

269 2453 514 2497 Autispastus,
545 2467 584 2488 cx
603 2454 724 2487 lambo
743 2460 775 2486 et
791 2452 998 2495 Trocliaeo,
1016 2455 1049 2488 id
1069 2462 1138 2495 est,
1165 2469 1205 2489 cx

424 2506 521 2537 brevi
542 2513 573 2539 et
592 2506 711 2550 longa,
741 2505 843 2549 longa
864 2512 896 2538 et
915 2507 1024 2547 brexi,
1050 2513 1088 2540 ut
1106 2519 1204 2540 aina-
1230 2522 1232 2543 ῑ

424 2557 518 2590 bare.

824 74 945 109 PHIL.
981 75 1092 109 MEL.
1128 76 1327 111 SCRIPTA
1363 76 1700 112 PHILOLOGICA.

1233 2419 1234 2423 ¹
1260 2408 1402 2441 diendo.

1232 2462 1233 2470 ¹
1260 2459 1294 2490 in
1315 2472 1355 2491 eo
1372 2459 1538 2492 discendo
1559 2471 1598 2492 ac
1622 2459 1810 2493 ediscendo
1834 2459 2027 2503 plurimum
2054 2456 2161 2492 studii
2183 2468 2247 2501 po-

249 2675 279 2703 5)
302 2672 454 2704 nominant]
474 2675 522 2697 hoc
543 2676 653 2698 verbum
670 2674 727 2704 ipse
743 2674 896 2704 miser-ipsu
917 2674 941 2697 in
958 2675 1006 2697 Ed.
1019 2676 1091 2699 1516.
1111 2677 1200 2703 deest.

2201 81 2275 117 692

1334 160 1591 202 Choriambus‚
1634 176 1675 197 ex
1705 164 1834 206 longa,
1876 164 2012 198 duabus
2043 166 2208 201 brevibus
2240 173 2275 200 et

1485 214 1591 256 longa
1604 239 1613 253 ‚
1640 220 1679 247 ut
1695 214 1934 249 Dardanidae.

1334 263 1474 298 Ionicus
1503 265 1639 304 maior,
1683 278 1723 298 ex
1755 266 1892 299 duabus
1926 265 2040 310 longis
2065 272 2100 299 et
2125 268 2285 306 totidem,

1489 315 1656 348 brevibus
1668 343 1677 355 ,
1707 322 1746 349 ut
1761 317 1974 350 labentibus.

1336 365 1475 400 Ionicus
1496 366 1635 406 minor,
1664 379 1705 399 ex
1727 368 1864 401 duabus
1890 367 2057 401 brevibus
2081 375 2115 402 et
2137 370 2273 404 duabus

1494 417 1630 460 longis,
1656 424 1694 450 ut
1713 415 1998 463 lachrymabant.

1335 467 1459 500 Paeon
1476 468 1633 512 primus,
1660 481 1699 501 ex
1717 469 1822 512 longa
1841 476 1874 502 et
1893 470 2005 503 tribus
2022 470 2208 512 brevibus,
2234 478 2273 505 ut

1489 519 1659 552 nobilior.

1336 569 1458 602 Paeon
1479 571 1672 609 secundus,
1707 582 1748 602 ex
1772 570 1872 602 brevi
1895 577 1928 604 et
1949 571 2055 615 longa
2082 578 2116 605 et
2136 573 2272 607 duabus

1488 620 1654 654 brevibus
1665 647 1673 660 ,
1701 627 1741 654 ut
1756 620 1953 664 Cupidinis.

1334 671 1456 704 Paeon
1480 672 1623 710 tertius,
1659 684 1700 704 ex
1723 672 1861 706 duabus
1885 672 2070 713 brevibus,
2104 673 2209 717 longa
2239 679 2273 705 et

1493 723 1613 762 brevi,
1644 729 1680 756 ut
1697 721 1954 767 labyrinthum.

1333 772 1455 806 Paeon
1474 780 1640 818 quartus,
1668 786 1708 806 ex
1726 775 1839 807 tribus
1856 774 2023 809 brevibus
2047 780 2081 808 et
2101 784 2172 806 una
2194 773 2272 806 lon-

1490 836 1552 868 ga,
1578 831 1617 857 ut
1635 825 1812 859 animitas.

1331 873 1506 918 Epitritus
1524 875 1681 919 primus,
1706 888 1747 909 ex
1762 876 1862 909 brevi
1880 883 1914 909 et
1929 876 2042 910 tribus
2064 874 2200 919 longis,
2232 880 2273 908 ut

1485 927 1709 960 amavissent.

1331 974 1506 1020 Epitritus
1522 978 1714 1018 secundus,
1751 990 1791 1011 ex
1813 978 1918 1022 longa
1946 983 1980 1011 et
2001 977 2105 1011 brevi
2126 983 2160 1011 et
2185 977 2271 1010 dua-

1486 1029 1550 1061 bus
1566 1028 1698 1072 longis,
1725 1036 1764 1061 ut
1781 1029 1970 1062 serviendi.

1330 1076 1505 1122 Epitritus
1529 1079 1672 1119 tertius,
1708 1091 1749 1112 ex
1773 1081 1910 1113 duabus
1934 1079 2068 1123 longis,
2104 1079 2207 1112 brevi
2235 1085 2269 1112 et

1488 1130 1592 1174 longa
1605 1157 1614 1170 ,
1642 1137 1681 1163 ut
1697 1129 1917 1165 charissimo.

1326 1179 1501 1224 Epitritus
1521 1188 1680 1226 quartus,
1700 1194 1740 1215 ex
1757 1183 1870 1216 tribus
1886 1181 2001 1226 longis
2018 1187 2052 1215 et
2068 1192 2140 1214 una
2155 1180 2268 1221 brevi,

1482 1238 1521 1265 ut
1540 1233 1787 1268 confirmabat.

1505 1317 1603 1350 Alia
1633 1318 1969 1363 Prolegomena
1991 1318 2035 1364 ⁸).

1377 1384 1469 1418 Satis
1490 1392 1628 1418 constat
1645 1385 1817 1427 Terentio
1836 1384 1926 1418 nihil
1952 1397 2026 1419 esse
2049 1383 2208 1418 festivius
2232 1390 2266 1417 et

1275 1435 1385 1478 magis
1403 1437 1588 1479 proprium
1601 1463 1609 1476 ,
1639 1437 1698 1481 qui
1719 1443 1752 1469 et
1769 1437 1942 1480 gravitate
1960 1442 1994 1469 et
2010 1441 2084 1469 arte
2107 1435 2265 1480 reliquos

1274 1487 1428 1520 comicos
1455 1488 1549 1530 apud
1573 1486 1721 1521 Latinos
1745 1487 1844 1520 facile
1869 1487 1989 1520 vincit.
2058 1486 2150 1520 HuIc
2175 1484 2265 1518 nihil

1275 1537 1422 1570 omnino
1441 1539 1555 1577 deest,
1582 1540 1641 1571 sed
1661 1538 1802 1577 (nimia,
1830 1550 1920 1583 quae
1942 1539 2156 1582 praestanda
2183 1543 2265 1571 sunt

1273 1589 1429 1629 comico,
1471 1589 1705 1636 praestitit7).
1774 1589 1891 1622 Habet
1921 1589 1950 1622 is
1979 1589 2091 1622 multa
2124 1588 2264 1632 egregia

1273 1641 1431 1684 exempla
1450 1640 1607 1674 civilium
1625 1653 1767 1673 morum
1785 1647 1819 1673 et
1843 1638 2083 1673 humanorum
2106 1651 2265 1679 casuum,

1272 1692 1365 1724 uude
1401 1692 1571 1725 iudicium
1605 1699 1740 1725 certum
1768 1692 1840 1736 peti
1866 1697 1983 1736 potest
2007 1692 2050 1724 de
2071 1691 2177 1724 rebus
2198 1688 2263 1724 hu-

1272 1743 1397 1775 manis.
1465 1743 1556 1776 Nam
1584 1744 1645 1788 qui
1670 1743 1858 1786 diligenter
1883 1742 2089 1787 expenderit
2113 1740 2179 1775 hos
2208 1753 2263 1775 ca-

1271 1806 1347 1833 sus,
1391 1800 1423 1826 et
1448 1806 1682 1838 personarum
1709 1795 1843 1835 officia,
1881 1800 1914 1827 et
1938 1794 2106 1833 consilia,
2142 1794 2185 1826 de
2208 1804 2262 1826 re—

327 1839 634 1881 Palimbacchius,
674 1854 714 1874 ex
741 1842 878 1876 duabus
903 1843 1018 1887 longis
1045 1850 1079 1877 et
1103 1845 1216 1885 brevi,
1243 1861 1245 1888 9
1270 1845 1334 1878 lius
1365 1842 1530 1879 humanis
1560 1846 1772 1889 prudentius
1798 1853 1832 1879 et
1858 1846 1930 1889 ipse
1955 1845 2112 1878 iudicare
2140 1844 2260 1878 dIscet.

1242 1919 1244 1928 .
1270 1895 1407 1929 Deinde
1424 1903 1564 1940 praeter
1583 1898 1639 1930 illa
1662 1897 1821 1941 exempla
1842 1897 2045 1929 conducunt
2070 1896 2176 1929 etiam
2201 1906 2258 1928 co-

1270 1948 1431 1980 moediae
1463 1949 1507 1980 ad
1538 1949 1724 1981 emendate
1750 1948 1968 1992 loquendum
1997 1954 2031 1980 et
2056 1947 2101 1980 ad
2127 1957 2256 1990 paran-

1268 2000 1349 2031 dam
1371 1999 1727 2031 uberioremdicendi
1748 1999 1963 2032 facultatem.
2016 1998 2109 2033 Nam
2126 1998 2163 2030 in
2188 1995 2256 2030 hoc

1268 2063 1339 2082 uno
1367 2057 1491 2083 autore
1516 2051 1634 2082 videre
1657 2056 1708 2083 est
1733 2050 1932 2082 mirabilem
1960 2049 2100 2093 copiam
2129 2048 2165 2081 in
2192 2048 2255 2081 ali-

1267 2114 1334 2146 qua
1353 2113 1390 2134 re
1409 2101 1629 2145 explicanda,
1658 2101 1739 2133 item
1759 2101 1963 2143 diligentem
1982 2099 2252 2144 dispositionem

1267 2159 1578 2195 argunientorum;
1605 2159 1678 2184 tum
1707 2152 1812 2184 etiam
1841 2152 1877 2184 iu
1901 2151 2084 2186 sententiis
2108 2162 2148 2184 ac
2171 2150 2252 2184 sali-

1266 2204 1328 2236 bus
1347 2210 1442 2236 tanta
1463 2209 1511 2236 est
1532 2210 1715 2243 venustas,
1751 2210 1790 2236 ut
1816 2203 1926 2236 lectae
1952 2215 2024 2236 non
2049 2202 2157 2236 semel
2177 2201 2252 2245 pla-

1264 2261 1382 2291 ceant,
1419 2256 1477 2287 sed
1503 2267 1574 2298 quo
1600 2255 1710 2297 inagis
1735 2255 1917 2295 leguntur,
1959 2266 2000 2287 eo
2029 2253 2250 2287 venustiores

1263 2312 1447 2349 apparent.
1511 2306 1666 2338 Proinde
1700 2306 1877 2339 studiosos
1908 2306 2147 2339 adolescentes
2175 2315 2249 2336 non

1262 2357 1441 2400 poeniteat
1466 2356 1571 2390 ullius
1599 2369 1729 2400 operae
1756 2357 1791 2389 in
1816 2357 1986 2390 Terentio
2014 2356 2154 2400 saepius
2187 2366 2248 2387 au-

1457 2407 1547 2441 Nam
1577 2405 1632 2441 liic
1659 2414 1762 2440 autor
1786 2408 1934 2441 omuino
1960 2407 2086 2451 dignus
2112 2411 2180 2446 est,
2208 2411 2247 2438 ut

1289 2590 1318 2619 6)
1340 2591 1412 2614 naci:
1430 2593 1632 2619 Prolegonwna
1653 2593 1677 2615 iu
1699 2593 1782 2616 ffivcii
1803 2592 1965 2615 collectione
1986 2592 2242 2617 commentariorum

1325 2631 1382 2648 var.
1404 2626 1428 2649 in
1449 2627 1603 2650 Terentium
1624 2628 1696 2650 Toni.
1713 2628 1730 2650 Ι.
1752 2628 1799 2651 sol.
1815 2627 1944 2653 :ihu-6³
1965 2626 2150 2652 inveniuntur.

1288 2676 1318 2704 7)
1338 2677 1489 2709 praestitit]
1509 2678 1550 2701 siv.
1569 2680 1643 2702 recte
1663 2679 1710 2701 Ed.
1729 2678 1819 2709 {5754
1847 2679 1894 2702 Ed.
1915 2679 1986 2703 1568.
2009 2678 2138 2709 perstitit.
