2341 2973
212 90 283 126 531

268 173 593 210 Vss.135-137.
628 175 788 208 Ultima
819 185 983 216 semper

265 228 487 270 Espectandct
502 228 573 259 dies
588 227 735 265 homim‘,
761 228 899 270 dicique¹
911 226 1026 257 beatus

264 282 354 312 Aure
372 280 494 312 obitum
514 290 607 310 nemo
625 288 846 319 supremaque
861 276 986 318 funera
1004 275 1108 307 debet.

318 337 367 370 Ut
384 335 538 370 athletae
557 349 631 369 non
650 337 769 368 serunt
790 347 961 367 coronam
980 334 1046 366 nisi
1065 339 1209 377 peracto

213 389 424 422 certamine:
442 388 490 420 ita
500 400 606 421 nemo
619 386 848 431 consequitur
864 386 1006 418 laudem
1021 385 1210 425 felicitatis,

213 440 282 473 nisi
315 446 460 485 peracta
490 440 563 472 vita
598 444 746 483 propter
778 437 1061 470 vicissitudinem
1088 448 1209 469 rerum

212 489 452 525 humanarum
466 517 475 530 ‚
502 497 535 523 et
552 489 706 522 incertos
724 488 817 521 vitae
833 500 946 522 casus.
1001 488 1098 521 Haec
1123 500 1208 520 vero

213 543 387 577 sententia
413 541 627 575 adscribitur
650 539 794 579 soloni,
823 552 952 583 nempe
982 540 1088 573 finem
1116 540 1209 572 vitae

213 595 445 638 spectandum
467 604 562 632 esse,
596 604 636 624 ac
660 590 843 624 neminem
872 597 954 623 ante
981 591 1119 625 obitum
1140 591 1209 623 dici

213 647 359 678 beatum
398 645 543 677 debere:
590 655 660 688 qua
698 643 872 676 sententia
917 643 1014 686 apud
1047 642 1210 675 Herodo-

215 703 290 729 tum
314 696 361 740 66)
394 697 609 728 admonetur
637 693 789 727 Croesus
823 706 842 726 a
878 693 1032 734 Solone,
1074 706 1120 726 ne
1145 694 1211 726 im-

214 747 346 781 mensis
373 747 500 791 opibus
529 752 563 778 et
586 745 699 778 nimia
725 744 892 777 felicitate
917 746 1047 784 fretus,
1087 745 1212 777 efferat

216 798 398 838 animum,
426 810 532 843 seque
556 803 658 841 putet
680 797 825 829 beatum
857 808 949 835 esse,
985 808 1065 828 cum
1094 793 1211 828 adhuc

217 857 299 883 ante
319 850 455 884 obitum
482 849 514 881 ei
530 848 641 881 multa
669 847 781 881 tristia
809 847 952 880 evenire
976 846 1132 891 possint3
1176 846 1213 879 id

217 903 313 947 quod
332 901 438 934 etiam
460 899 599 933 accidit.
652 898 805 932 Croesus
824 899 918 931 enim
937 904 1060 942 postea
1078 910 1096 930 a
1116 897 1211 943 Cyro

217 959 340 997 captus
375 959 409 985 et
442 964 552 995 regno
581 956 704 983 exutus
733 956 801 987 est;
844 961 996 995 cumque
1022 949 1212 993 impositus

215 1016 305 1048 rogo
330 1010 363 1037 et
386 1003 456 1035 iam
484 1003 565 1046 igne
594 1002 806 1034 cremandus
825 1007 934 1040 esset,
963 1007 1047 1033 tunc
1066 1002 1211 1034 demum

218 1055 334 1099 coepit
362 1053 545 1086 recordari
570 1051 676 1085 huius
703 1052 899 1085 sententiae
921 1058 954 1085 et
977 1052 1156 1085 clamare:
1191 1064 1211 1083 o

218 1107 327 1139 Solon
340 1133 348 1145 ‚
375 1105 503 1138 Solon!
544 1103 711 1136 Meminit
729 1101 835 1137 huius
849 1103 1046 1137 sententiae
1064 1109 1097 1136 et
1112 1102 1213 1137 Iuve-

217 1158 308 1191 nalis
324 1157 390 1203 ⁶⁷),
419 1169 497 1189 cum
516 1155 652 1201 inquit:

447 1225 534 1254 quem
558 1225 615 1242 vox
638 1213 765 1242 facunda
789 1214 905 1242 Solonis

301 1260 463 1297 Respicere
487 1264 640 1286 extremae
657 1256 702 1296 68)
726 1255 808 1285 iussit
831 1257 924 1294 spatia
948 1256 1051 1284 ultima
1074 1256 1163 1285 vitae.

427 1343 628 1376 Actaeon
664 1341 709 1374 in
743 1353 921 1375 cervum
939 1341 999 1387 ⁶⁹).

321 1411 482 1445 Actaeon
505 1409 543 1442 in
571 1421 715 1442 cervum
741 1421 955 1448 conversus,
988 1409 1092 1442 docet
1116 1409 1215 1454 prin-

219 1463 312 1508 cipes
348 1462 618 1508 quodammodo
658 1472 784 1493 exuere
812 1461 973 1493 animum
1002 1458 1215 1501 humanum,

219 1527 259 1548 ac
276 1516 493 1558 degenerare
511 1513 548 1545 in
570 1518 739 1545 naturam
765 1511 937 1552 ferinam,
964 1512 1050 1545 dum
1075 1512 1215 1546 assidue

218 1566 256 1599 in
280 1566 388 1611 sylvis
413 1570 541 1609 agunt,
574 1564 695 1609 ibique
722 1575 800 1596 cum
825 1563 908 1596 feris
941 1562 1143 1604 luctantur,
1182 1570 1217 1597 et

219 1617 412 1660 assuefiunt
430 1615 608 1648 caedibus.
661 1614 841 1647 Dicuntur
859 1620 978 1646 autem
997 1615 1102 1658 vulgo
1128 1615 1216 1647 dila-

218 1669 313 1702 niari
332 1673 520 1700 venatores
539 1678 557 1698 a
577 1665 744 1705 canibus,
770 1678 848 1698 cum
875 1662 1046 1698 exhausto
1071 1672 1216 1710 sumptu

219 1721 256 1753 in
276 1720 412 1752 alendis
429 1718 576 1751 canibus
594 1718 708 1755 facto,
736 1717 948 1759 rediguntur
973 1717 1016 1749 ad
1042 1717 1215 1761 inopiam.

218 1771 388 1804 Meminit
404 1768 510 1803 huius
524 1769 666 1801 fabulae
684 1767 892 1812 Euripides;
926 1768 986 1800 sed
1010 1768 1116 1800 aliam
1135 1781 1216 1801 cau-

220 1836 294 1857 sam
315 1823 430 1855 adfert
447 1834 555 1866 quam
574 1819 746 1858 Ovidius,
771 1831 882 1864 quare
900 1818 1060 1852 Actaeon
1077 1819 1121 1853 sit
1140 1833 1216 1852 mu—

218 1881 313 1907 tatus
338 1874 375 1906 in
400 1885 556 1906 cervum.
611 1871 672 1903 Ait
697 1870 791 1903 enim
817 1883 897 1903 eum
922 1871 1031 1914 impie
1056 1871 1216 1905 locutum

220 1927 262 1958 de
286 1925 382 1965 Diis,
419 1937 497 1957 cum
523 1923 740 1967 gloriaretur
762 1934 797 1955 se
820 1922 1119 1966 praestantiorem
1144 1936 1217 1957 esse

219 1983 428 2009 venatorem
448 1976 521 2020 ipsa
539 1974 668 2007 Diana.
722 1973 829 2006 Extat
846 1974 943 2007 locus
963 1975 1057 2018 apud
1074 1974 1218 2019 Euripi-

220 2029 300 2061 dem
322 2027 358 2059 in
374 2025 523 2060 Bacchis
540 2025 605 2071 ⁷⁰),
631 2025 693 2058 ubi
713 2025 868 2058 Cadmus
886 2026 1047 2070 exemplo
1066 2026 1218 2059 Actaeo-

221 2079 277 2112 nis
301 2080 500 2112 admonens
524 2075 704 2117 Penthea,
733 2089 777 2109 ne
804 2077 891 2122 quid
919 2084 1132 2121 arroganter
1157 2085 1216 2111 aut

223 2130 333 2174 impie
351 2130 446 2163 dicat
464 2130 506 2162 de
524 2128 621 2169 Diis,
650 2129 697 2161 ita
718 2128 853 2174 inquit:

270 2188 383 2236 Ὁρᾷς
404 2187 468 2224 τὸν
487 2186 718 2228 Ἀκταίωνος
734 2188 871 2223 ἄθλιον
886 2184 1025 2234 μόρον,

262 2240 334 2276 “Ov
356 2237 532 2285 ὠμόσιτοι
549 2237 743 2279 σκύλακες,
773 2238 815 2278 ἃς
835 2240 1044 2285 ἐθρέψατο,

273 2289 552 2332 Διεσπάσανῖο,
582 2289 761 2336 κρείσσον’
786 2291 824 2325 ἐν
844 2289 1040 2337 κυνηγίαις

260 2341 477 2390 )Λρτίμιὸος
496 2340 589 2377 εἶναι
605 2339 860 2385 κομπάσαντ’,
889 2342 927 2375 ἐν
951 2338 1126 2389 ὀργάσιν,-

252 2463 300 2493 66)
322 2463 453 2487 Herodot.
474 2461 497 2493 1,
514 2462 556 2485 30.

253 2514 300 2544 67)
320 2515 412 2538 luven.
433 2515 490 2537 sat.
507 2512 544 2544 X,
560 2512 611 2537 274
626 2519 666 2542 sq.

253 2565 302 2595 68)
322 2567 476 2593 extremae]
497 2565 538 2588 sic
558 2565 640 2588 Editt.
659 2563 749 2595 1:255„
776 2563 878 2590 1559.;'

287 2601 320 2623 ad
341 2601 450 2630 longae.

903 2563 996 2587 luven.
1015 2563 1066 2587 Ed.
1085 2563 1217 2594 Rupert:

253 2650 300 2681 59)
323 2651 401 2675 Ovid.
421 2653 484 2675 Met.
500 2651 545 2682 111,
563 2651 720 2674 155—250.

256 2702 305 2735 70)
328 2703 421 2734 Eurip.
440 2704 535 2727 Bacch.
549 2702 708 2727 337—310.
730 2702 778 2726 Ed.
800 2703 913 2726 Bai-nes.

787 86 909 123 PHIL.
943 86 1056 121 MEL.
1099 86 1301 121 SCRIPTA
1335 83 1673 120 PHILOLOGICA.

1244 2487 1247 2515 ι

1243 2528 1247 2571 i

2184 84 2260 122 532

1266 171 1418 205 Ioannes
1446 170 1657 211 Dantiscus,
1701 171 1887 215 episcopus
1924 171 2167 211 Varmieusis,
2205 183 2261 205 so-

1264 224 1358 256 lebat
1386 235 1596 267 comparare
1633 222 1825 255 Actaeonis
1862 235 1965 256 canes
2001 223 2178 267 parisitis,
2220 234 2260 255 ac

1264 275 1421 314 dicebat,
1466 275 1558 307 idem
1596 274 1754 307 accidere
1783 273 2005 318 principibus
2037 287 2054 307 a
2081 274 2261 318 parasitis,

1265 327 1362 371 quod
1387 326 1561 358 Actaeoni
1586 337 1603 357 a
1633 325 1799 366 canibus,
1832 337 1961 370 nempe
1977 333 2016 359 ut
2041 326 2262 359 devorentur

1266 379 1308 410 ab
1335 378 1396 417 iis,
1424 389 1514 422 quos
1535 378 1646 410 alunt.
1708 376 1832 421 Itaque
1854 377 1890 409 in
1912 377 2111 422 principem
2139 376 2262 410 adula-

1264 429 1402 462 toribus
1427 434 1461 461 et
1484 426 1649 473 parasitis
1671 428 1943 469 circumfusum,
1986 428 2262 473 immodicisque

1264 480 1517 525 largitionibus
1557 480 1759 524 perditum,
1804 487 2014 525 competunt
2058 478 2097 512 hi
2138 491 2261 513 versus

1316 549 1409 597 (Vss,
1427 550 1503 586 249
1520 550 1607 596 sq.):
1640 551 1792 595 Undique
1813 552 2050 590 circumstant,
2078 551 2263 596 mersisque

1683 604 1720 635 in
1741 614 1875 644 corpore
1892 604 2013 635 rostris

1302 654 1506 687 Dilacercmt
1522 655 1695 686 dominum
1705 652 1792 696 falsi
1808 653 1853 698 ⁷¹)
1872 654 1931 686 sub
1950 655 2097 696 imagine
2112 654 2210 686 cervi.

1860 755 1873 766 a

1644 756 1816 789 Semele
1845 755 1902 799 τ·).

1369 822 1445 856 Etsi
1468 835 1597 867 magna
1623 836 1705 868 pars
1722 824 1974 857 narrationum
2000 824 2042 857 de
2063 823 2201 857 Cadmo
2228 828 2263 856 et

1268 873 1342 906 eius
1361 875 1513 917 posteris
1532 876 1897 909 commonefactiones
1915 876 1958 908 de
1975 875 2136 908 moribus
2154 874 2262 907 etiam

1268 925 1444 957 continet:
1474 931 1595 958 tamen
1611 924 1781 960 historiae
1799 927 1931 959 multae
1956 926 2139 959 involutae
2167 931 2262 965 sunt,

1267 982 1301 1008 et
1327 976 1458 1009 mixtae
1484 983 1567 1010 sunt
1584 977 1849 1011 admonitiones
1870 976 2058 1022 physicae,
2083 983 2124 1011 ut
2141 976 2264 1010 multis

1267 1027 1345 1060 aliis
1363 1027 1632 1061 narrationibus
1655 1035 1875 1062 concurrunt
1897 1027 2087 1069 historica,
2115 1026 2263 1072 physica

1268 1084 1302 1111 et
1327 1076 1454 1112 ethica.
1526 1078 1750 1113 Vocabulum
1776 1079 1932 1113 Cadmus
1961 1086 2057 1112 certo
2087 1080 2264 1123 significat

1268 1129 1512 1170 Orientalem,
1541 1131 1622 1173 quia
1647 1129 1704 1163 hic
1732 1132 1802 1164 dux
1827 1143 1869 1164 ex
1884 1129 2079 1164 Phoenicia
2106 1131 2264 1170 advenit,

1269 1188 1303 1214 et
1327 1182 1409 1214 inde
1437 1182 1574 1215 litteras
1602 1189 1636 1215 et
1657 1182 1839 1216 doctrinas
1868 1182 1905 1215 in
1923 1182 2113 1216 Boeotiam
2133 1182 2264 1216 attulit.

1268 1233 1404 1266 Semele
1423 1233 1595 1277 significat
1612 1234 1842 1267 simulacrum
1856 1261 1865 1273 ‚
1894 1240 1928 1266 et
1943 1232 2039 1267 haud
2055 1232 2162 1267 dubie
2175 1234 2265 1267 ritus

1269 1284 1355 1317 novi
1380 1297 1398 1317 a
1423 1284 1560 1318 Cadmo
1585 1286 1684 1318 allati
1708 1292 1801 1320 sunt.
1855 1284 1938 1319 Ideo
1961 1285 2108 1329 fingitur
2126 1285 2264 1319 Semele

1270 1342 1387 1368 amata
1418 1348 1491 1369 esse
1521 1348 1539 1368 a
1572 1335 1674 1378 love,
1713 1338 1749 1369 id
1776 1343 1847 1376 est,
1881 1349 1996 1370 novos
2025 1342 2059 1369 et
2085 1336 2265 1380 speciosos

1269 1388 1359 1421 ritus
1379 1394 1463 1420 tunc
1480 1395 1641 1432 receptos
1662 1401 1745 1422 esse.
1787 1387 2013 1421 Vocabulum
2034 1386 2098 1419 Ino
2116 1398 2266 1431 prorsus

1270 1439 1445 1483 significat
1468 1439 1583 1479 idem,
1616 1441 1712 1484 quod
1731 1439 1893 1472 Fortuna
1918 1438 2069 1471 Latinis.
2122 1437 2170 1471 Et
2192 1438 2266 1471 for-

1270 1490 1372 1524 tassis
1398 1490 1505 1522 etiam
1539 1503 1674 1523 nomen
1699 1490 1766 1523 fuit
1793 1502 1908 1523 novae
1932 1496 2070 1523 statuae
2093 1495 2127 1522 et
2151 1501 2267 1522 novo-

1269 1554 1350 1575 rum
1375 1541 1523 1575 rituum.
1588 1541 1661 1574 Aut
1684 1541 1897 1585 significavit
1922 1541 2073 1585 imperia
2097 1540 2268 1575 constitui

1270 1605 1344 1626 non
1370 1591 1537 1626 humanis
1567 1593 1741 1633 consiliis,
1783 1593 1843 1626 sed
1874 1592 2014 1626 arcanis
2044 1599 2078 1625 et
2100 1592 2268 1625 fatalibus

1271 1644 1384 1678 causis
1398 1671 1407 1685 ‚
1435 1657 1588 1690 quarum
1609 1650 1755 1677 eventus
1771 1644 1983 1677 nominatur
2000 1644 2158 1678 fortuna.

1387 1761 1594 1797 Bacchus
1630 1763 1675 1795 in
1708 1763 1913 1796 foemore
1948 1761 2072 1797 Iovis
2093 1763 2152 1809 ⁷³).

1375 1832 1664 1866 Consentaneum
1691 1838 1742 1865 est
1769 1831 1944 1864 Cadmum
1969 1838 2186 1866 monstrasse
2210 1844 2269 1865 ra-

1273 1884 1407 1918 tionem
1426 1884 1614 1928 plantandi
1631 1883 1737 1923 vites,
1766 1889 1800 1916 et
1818 1888 1929 1914 artem
1950 1883 2101 1926 putandi
2122 1889 2156 1916 et
2180 1895 2270 1917 uvas

1274 1935 1510 1980 exprimendi.
1562 1934 1607 1967 Et
1623 1935 1705 1980 quia
1729 1934 1939 1968 beneficium
1958 1933 2025 1967 Dei
2043 1946 2116 1968 esse
2131 1934 2269 1968 iudica-

1272 1990 1397 2029 batur,
1426 1987 1556 2020 dicitur
1571 1984 1731 2019 Bacchus
1757 1998 1798 2020 ex
1814 1985 1972 2026 Semele,
2006 1987 2042 2019 id
2068 1992 2136 2025 est,
2171 1986 2270 2020 cultu

1273 2040 1361 2080 Dei,
1397 2046 1502 2073 natus
1527 2050 1611 2072 esse.
1680 2038 1753 2071 Aut
1778 2036 1924 2082 physica
1955 2045 2039 2072 sunt
2069 2038 2267 2072 involucra.

1273 2093 1410 2126 Semele
1431 2098 1481 2125 est
1498 2097 1612 2129 terra,
1641 2101 1681 2122 ex
1698 2090 1796 2123 cuius
1816 2088 1967 2123 humore
1992 2095 2026 2123 et
2050 2089 2267 2134 pinguedine

1274 2144 1355 2178 vitis
1381 2146 1418 2177 fit
1442 2142 1628 2176 foecunda.
1703 2141 1752 2174 Ut
1787 2148 1905 2175 autem
1935 2147 2095 2176 crescant
2118 2153 2208 2175 uvae
2234 2147 2269 2174 et

1273 2201 1560 2242 percoquantur,
1600 2206 1704 2226 aereo
1736 2200 1769 2226 et
1800 2193 1901 2227 suavi
1936 2193 2053 2227 calore
2089 2193 2267 2226 fovendae

1273 2255 1367 2282 sunt.
1436 2245 1535 2279 Talis
1567 2251 1618 2279 est
1652 2244 1745 2279 Iovis
1780 2245 1896 2283 calor;
1933 2257 1973 2278 ac
2008 2257 2065 2278 res
2100 2244 2268 2284 ostendit,

1274 2300 1418 2344 quando
1436 2303 1654 2342 temperatus
1671 2303 1704 2330 et
1721 2297 1840 2331 suavis
1868 2297 1985 2337 calor,
2011 2302 2201 2342 postquam
2225 2307 2267 2328 ex

1274 2351 1404 2384 vitibus
1430 2362 1592 2393 gemmae
1619 2356 1762 2382 exortae
1787 2354 1889 2388 sunt,
1932 2348 2097 2387 accessit,
2138 2346 2267 2380 melius

1274 2402 1378 2447 coqui
1396 2415 1500 2442 uvas,
1529 2408 1562 2435 et
1583 2401 1679 2445 gigni
1697 2401 1778 2434 vina
1798 2400 1959 2434 meliora.

1310 2557 1357 2585 71‘)
1383 2559 1527 2583 dominum
1552 2557 1639 2591 salsi]
1674 2558 1714 2582 sic
1738 2557 1821 2582 Editt,
1846 2556 1937 2588 ¹555„
1974 2555 2067 2587 1559.;
2105 2554 2183 2580 ovid.
2213 2553 2264 2578 Ed.

1341 2595 1449 2619 Mitsch.
1466 2595 1541 2626 salsi
1559 2595 1714 2619 dominum.

1306 2646 1353 2678 72)
1374 2646 1453 2671 Ovid.
1473 2648 1537 2670 Met.
1552 2647 1599 2675 ln,
1615 2646 1667 2669 260
1682 2652 1739 2676 sqq.

1305 2699 1352 2730 73)
1372 2698 1450 2723 Ovid.
1469 2699 1535 2724 Met.
1552 2699 1598 2729 111,
1611 2697 1663 2722 310
1676 2704 1734 2728 sqq.
