2421 3005
75 91 152 128 709
367 87 471 124 XCII.

74 179 135 212 Vs.
153 180 189 213 2.
219 180 271 211 Tu
293 178 398 211 modo.
413 174 478 223 ⁵⁸)]
508 175 629 209 Mollis
653 182 685 209 et
709 175 840 208 blanda
870 174 986 208 oratio
1010 180 1072 207 est.

73 230 134 264 Vs.
155 229 212 264 18.
239 225 416 275 Proclivi]
445 228 594 261 Plautus
616 227 653 260 in
675 227 854 272 Captivis,
883 232 916 260 et
945 225 1075 259 Caesar
1100 216 1103 300 I

74 281 233 327 proclive
250 293 316 325 pro
343 281 467 320 facile,
495 279 704 324 simpliciter
728 279 828 313 dixit.
935 277 995 311 Vs.
1012 278 1073 313 21.

73 337 127 370 IVe
160 330 286 379 errem]
322 331 489 365 Deterret
518 329 729 365 Charinum.

73 382 277 431 ayendum]
331 383 489 417 Callidus
531 396 654 417 servus
703 382 860 416 dominis
906 382 1071 426 imperat.

74 436 134 472 Vs.
150 437 211 471 30.
236 433 338 483 Aya]
367 434 436 468 Vix
456 434 684 469 concedentis
703 441 764 469 est.

526 86 810 123 ENARRATIO
851 84 1217 122 COMOEDIARUM
1248 80 1491 117 TERENTH.

835 330 896 364 vs.
924 330 983 366 23.
1019 330 1075 363 Ad
1100 313 1103 366 Ϊ

1100 381 1101 385 ’
1128 379 1193 412 sim
1218 376 1364 411 habent.

1552 84 1583 116 1.
1612 80 1841 117 ANDRJAE.
2057 82 2127 116 710

1231 171 1291 204 Vs.
1312 172 1343 204 1.
1387 172 1428 203 ln
1453 170 1515 202 hac
1539 168 1736 213 habitasse]
1780 167 1930 202 Occasio
1958 175 2127 202 catastro-

1129 221 1233 268 phes;
1263 235 1347 256 nam
1362 233 1470 255 senex
1491 232 1574 253 casu
1598 220 1841 254 interveniens
1867 219 2011 254 discutit
2035 221 2128 265 peri-

1129 276 1260 308 culum.
1367 272 1427 307 Vs.
1446 273 1481 307 8.
1517 272 1644 315 Itane]
1677 269 1823 316 Chrysis
1849 271 1983 305 scilicet
2010 271 2127 316 periit.

1128 326 1189 361 Vs.
1220 327 1278 361 13.
1315 328 1407 360 Nam
1429 326 1503 368 pol,
1533 326 1564 358 se·
1588 320 1652 370 id]
1691 323 1787 356 Haec
1814 323 1953 367 singula
1981 321 2128 368 empha-

1496 375 1556 409 Vs.
1583 375 1645 410 ΞΟ.
1680 373 1964 421 Sycophantam]
2003 375 2036 408 id
2065 381 2129 414 est,

1129 430 1439 463 calumniatorem.
1576 426 1715 462 Vs.22.
1751 425 1959 474 Antiquum]
1990 427 2128 460 Scilicet

1098 492 1101 500 ³
1128 494 1265 515 morem
1288 488 1349 514 aut
1371 479 1568 525 ingenium.

281 519 390 553 Actus
409 517 468 554 IV,
496 519 609 554 Scena
631 518 687 554 ΙΙΙ.
716 519 865 564 Argum.

177 588 218 622 In
251 586 319 622 hac
349 601 454 622 scena
483 589 607 624 Davus
641 601 792 634 puerum
834 587 948 620 defert
990 592 1099 619 ante=

74 641 205 675 ostium
234 641 413 682 Simonis,
454 647 494 674 ut
522 642 571 675 ita
597 639 767 675 Chremes
798 640 1022 673 deterreatur
1052 650 1071 670 a

71 693 219 738 nuptiis.
272 692 319 726 Et
344 693 506 727 consistit
530 691 618 727 haec
641 704 743 728 scena
770 692 807 724 in
832 696 933 735 gestu
959 689 1072 734 magis

72 757 182 792 quam
201 744 239 777 in
257 745 433 779 oratione.

174 795 235 830 Vs.
252 795 287 831 3.
313 794 486 844 Amicum]
517 803 567 831 est
587 795 718 833 animi;
747 800 908 833 amator,
943 804 1072 838 corpo-

70 846 132 882 ris.
217 847 278 882 Vs.
299 847 333 882 7.
361 851 462 883 Nunc
476 846 588 896 opus]
617 847 745 882 Audax
763 846 973 886 consilium,
999 857 1070 890 quo

69 911 127 934 res
143 899 257 944 magis
273 901 482 944 perturbata
500 901 643 940 fuisset,
676 898 747 933 nisi
772 911 854 932 casu
873 896 1073 931 emersisset
1097 925 1099 936 Α

70 963 113 985 ex
128 948 184 985 his
201 951 306 986 malis
322 949 547 996 Pamphilus.
627 950 686 986 Vs.
709 948 767 985 15.
796 947 963 996 Reliyio]
992 948 1072 982 Ser-

69 1015 155 1036 vum
178 1003 275 1036 nolle
302 1003 450 1036 mentiri
475 1016 571 1037 nova
597 1003 724 1048 religio
751 1008 813 1036 est.
931 1000 992 1035 Vs.
1013 1001 1071 1035 18.
1097 999 1100 1012 ¹

68 1052 250 1103 Repudia]
304 1053 520 1100 Metaphora
570 1068 589 1088 a
634 1054 867 1088 venatoribus
918 1059 1071 1098 sumpta.
1097 1059 1100 1076 ¹

67 1105 128 1140 Vs.
152 1104 214 1142 24.
248 1105 444 1154 Remorer]
484 1107 519 1140 id
545 1113 615 1147 est,
645 1107 842 1146 retineam,
879 1117 896 1138 a
927 1117 1070 1139 remora
1097 1107 1100 1149 l

67 1157 164 1203 pisce
178 1158 300 1192 navim
318 1159 475 1193 sistente.
1097 1166 1100 1183 ¹

279 1251 388 1287 Actus
404 1251 463 1286 IV.
490 1252 601 1286 Scena
622 1251 681 1286 lv.
707 1251 857 1296 Argum.
1098 1287 1101 1324 ι

173 1319 214 1354 In
231 1318 299 1354 hac
325 1334 430 1356 scena
453 1319 623 1356 Chremes
651 1332 805 1366 puerum
836 1332 877 1354 ex
897 1318 1068 1365 Glycerio
1099 1329 1101 1360 g

68 1378 195 1407 natum
212 1373 332 1414 audit,
361 1380 395 1407 et
412 1373 511 1407 illam
530 1373 643 1407 civem
661 1385 734 1407 esse
752 1372 908 1406 Atticam
923 1399 931 1412 ‚
959 1377 999 1404 ut
1023 1370 1074 1405 sic
1099 1382 1101 1405 1

72 1436 91 1458 a
107 1423 243 1470 nuptiis
261 1426 500 1460 deterreatur.

172 1475 234 1511 Vs.
259 1478 291 1511 1.
329 1475 522 1524 Revertor]
558 1476 706 1510 Summa
731 1475 942 1520 nuptiarum
973 1480 1073 1519 pote·
1099 1480 1101 1506 ἓ

70 1534 143 1562 stas
161 1527 199 1561 in
217 1535 320 1573 patre
339 1530 479 1573 puellae
497 1529 562 1563 sita
581 1534 643 1562 est.
746 1528 806 1562 Vs.
825 1528 859 1561 8.
889 1529 974 1561 Hem
991 1539 1074 1573 quae
1099 1549 1101 1572 1

68 1581 151 1614 haec
169 1585 219 1614 est
244 1579 409 1628 fabula?]
453 1580 656 1614 Admiratio
687 1592 767 1614 cum
800 1579 1073 1613 exclamatione.
1099 1579 1101 1602 ⁴

69 1630 130 1665 Vs.
154 1632 213 1666 12.
240 1629 326 1679 Am]
356 1631 559 1666 interiectio
591 1638 643 1666 est
668 1637 920 1666 consternatae
944 1631 1072 1665 mulie-
1098 1623 1101 1663 l

70 1683 131 1717 ris.
240 1682 301 1717 Vs.
322 1682 380 1718 15.
408 1685 505 1719 Male
521 1685 619 1718 dicis.
639 1681 706 1730 ⁵⁹)]
735 1684 806 1717 Pro
826 1683 1072 1724 comminaris,
1098 1681 1101 1723 Ξ

71 1740 222 1768 ornatus
244 1747 376 1770 sermo.

71 1785 163 1820 sutia
179 1786 334 1831 iurgium
353 1788 493 1832 repetit.
583 1787 642 1821 Vs.
659 1787 720 1822 28.
752 1790 779 1822 Ο
792 1787 959 1832 facinus]
977 1787 1072 1831 Apo-
1097 1792 1101 1843 ι

71 1837 232 1882 siopesis.
346 1839 406 1873 Vs.
424 1839 484 1874 36.
511 1842 589 1874 Non
614 1840 723 1873 hercle
743 1837 877 1887 faciest]
908 1839 1070 1872 Tertiam
1097 1846 1101 1870 't

68 1901 261 1934 personam
279 1892 322 1924 de
338 1903 373 1925 se
390 1891 485 1924 facit.
600 1890 660 1925 Vs.
678 1891 739 1925 39.
768 1889 952 1938 fallacia]
983 1891 1072 1924 Pro·
1098 1879 1100 1895 ¹

67 1941 229 1975 verbium
243 1969 252 1982 ‚
287 1942 344 1976 cui
364 1943 524 1977 subiacet
543 1944 750 1976 mendacem
773 1955 971 1976 memorem
998 1955 1071 1976 esse

70 2000 251 2037 oportere.
345 1994 406 2030 Vs.
423 1994 483 2030 44.
512 1996 594 2036 Quis
612 1996 667 2029 hic
682 1993 862 2043 quuitur]
892 1994 983 2027 Davi
1002 1995 1071 2027 cal·
1097 1988 1100 2037 l

68 2044 200 2079 liditas.
323 2045 383 2081 Vs.
406 2046 467 2082 48.
502 2049 568 2081 Hic
594 2044 681 2094 illa]
717 2045 926 2092 Einphasim
951 2044 1070 2087 habet,

69 2096 132 2131 sed
165 2108 229 2142 per
260 2095 416 2130 ironiam
442 2099 583 2133 dicitur.
653 2099 918 2144 Subpalpitatio
946 2098 1071 2132 mulie-

69 2147 130 2182 ris.
208 2147 268 2182 Vs.
286 2146 347 2183 54.
380 2151 567 2196 Utsciret]
595 2150 838 2196 Aposiopesis.
929 2150 987 2185 VS.
1010 2148 1069 2184 56.
1096 2184 1098 2187 .

70 2197 279 2248 Industria]
309 2201 343 2234 id
361 2207 431 2242 est,
461 2203 699 2246 providentia.
1096 2195 1099 2249 i

1096 2251 1100 2293 l
1126 2266 1268 2301 subiicit
1292 2263 1482 2299 voluntati.

296 2296 405 2330 Actus
420 2294 477 2330 IV.
503 2295 614 2330 Scena
631 2297 673 2331 V.
698 2299 846 2342 Argum.

177 2364 277 2398 Crito
297 2366 443 2400 veniens
470 2378 512 2400 ex
530 2366 655 2400 Andro
672 2365 850 2409 Athenas,
880 2368 923 2400 de
941 2367 1070 2413 Glyce-
1095 2363 1098 2396 l

72 2414 127 2450 rio
144 2423 398 2462 percontatur,
425 2430 470 2451 an
485 2425 651 2463 parentes
668 2420 843 2465 repererit
858 2432 952 2454 suos.
998 2422 1070 2453 Au-

72 2467 174 2503 diens
191 2469 354 2503 nondum
372 2470 565 2515 reperisse,
592 2470 708 2511 dolet,
737 2473 833 2517 quod
858 2473 976 2506 videat
1001 2470 1070 2506 hoc
1095 2448 1097 2502 l

73 2519 142 2553 sibi
159 2520 366 2556 obfuturum
386 2522 422 2555 in
443 2523 608 2556 adeunda
629 2520 861 2558 haereditate.

108 2653 156 2686 58)
177 2654 220 2678 Tu
238 2653 331 2688 modo]
352 2656 402 2683 Ed.
420 2657 512 2680 vonh.
532 2657 613 2682 modo
635 2659 675 2682 tu.

109 2705 157 2738 59)
177 2707 258 2733 Male
274 2708 372 2737 dicis]
392 2709 431 2733 sic
449 2708 513 2733 illae
533 2709 621 2733 Edit:
645 2709 693 2733 Ed.
713 2710 804 2734 Vonb.
828 2712 904 2742 Quin
924 2713 1007 2736 divis.

1099 1449 1101 1470 ¹*
1129 1454 1267 1497 gotium
1285 1462 1372 1484 vero
1390 1448 1607 1483 sollicitudo.

1098 1510 1102 1536 l

482 1736 542 1770 Vs.
559 1736 620 1771 23.
652 1737 730 1770 Tibi
755 1734 843 1783 eya]
874 1735 970 1768 Davi
996 1747 1072 1768 ver-
1098 1737 1102 1775 ξ

1124 2527 1227 2568 Vide,
1244 2527 1429 2573 quomodo
1448 2529 1621 2568 assurgat.

1366 566 1476 599 Actus
1495 564 1537 598 V.
1559 564 1670 598 Scena
1691 562 1716 596 l.
1741 563 1890 607 Argum.

1229 626 1329 661 Simo
1353 627 1452 670 cupit
1479 625 1554 658 fieri
1581 622 1747 667 nuptias3
1786 634 1957 666 generum
1989 628 2128 655 recusat

1127 677 1319 717 Chremes,
1349 678 1394 710 ob
1412 683 1538 710 natum
1556 688 1597 710 ex
1615 674 1783 720 Glycerio
1802 685 1968 718 puerum.

1228 729 1287 765 Vs.
1310 731 1341 764 1.
1368 731 1467 764 Satis
1492 726 1594 775 ianr]
1625 727 1678 760 Ad
1707 727 1814 759 finem
1840 725 2016 770 epitaseos
2042 725 2125 757 sacit

1127 781 1214 816 haec
1241 793 1337 816 nova
1363 781 1482 815 turba.
1592 778 1652 812 Vs.
1670 778 1706 811 9.
1734 774 1909 824 Rogitas]
1941 777 2129 810 Accusatio

1097 826 1099 857 l
1127 840 1190 876 est,
1208 841 1243 868 et
1258 832 1497 872 enumeratio,
1525 830 1741 865 iniuriarum
1757 830 1889 863 scilicet
1905 829 1950 861 ob
1969 840 2128 861 amorem

1127 886 1336 920 meretricis.
1454 883 1515 917 Vs.
1535 883 1593 917 16.
1633 883 1760 922 Quibus
1776 879 1842 927 id]
1874 879 2042 914 Defensio
2068 892 2130 924 per

1128 939 1382 973 coniecturam.
1515 935 1576 969 Vs,
1603 933 1661 968 19.
1699 932 1843 979 Erras]
1883 929 2129 976 Reprehensio

1127 991 1284 1025 Simonis
1302 1003 1382 1024 cum
1399 987 1494 1021 Davi
1512 985 1732 1020 testimonio.

1353 1075 1463 1109 Actus
1481 1072 1523 1107 V.
1553 1072 1664 1106 Scena
1684 1069 1726 1104 II.
1750 1070 1901 1114 Argum.

1229 1137 1270 1171 ln
1299 1135 1365 1171 hac
1392 1146 1498 1171 scena
1518 1133 1617 1168 Simo
1646 1144 1725 1165 cum
1753 1129 1854 1163 audit
1880 1129 2040 1169 venisse,
2069 1129 2131 1174 qui

1127 1190 1337 1238 Glycerium
1348 1187 1517 1229 dicat⁵9³‘)
1535 1185 1647 1219 civem
1666 1196 1739 1218 esse
1749 1181 1919 1221 Atticam,
1938 1182 1990 1214 ira
2007 1192 2131 1214 accen-

1098 1249 1101 1280 ἰ
1128 1257 1206 1285 sus,
1245 1242 1391 1276 Davum
1427 1240 1523 1272 intro
1556 1243 1700 1282 raptum
1731 1233 1876 1269 coniicit
1904 1233 1941 1266 in
1968 1233 2130 1271 vincula;

1128 1303 1163 1330 et
1179 1296 1272 1329 miro
1289 1292 1347 1328 hic
1363 1291 1515 1327 artificio
1534 1290 1648 1335 patris
1669 1301 1710 1322 ac
1727 1285 1867 1322 domiui
1895 1285 2023 1320 offensi
2047 1297 2130 1319 con-

1128 1347 1355 1383 suetudinem
1372 1343 1541 1390 exprimit
1558 1341 1762 1376 Terentius.

1226 1399 1286 1434 Vs.
1307 1402 1337 1433 1.
1367 1399 1493 1432 Animo
1509 1391 1607 1441 ium]
1637 1393 1761 1428 Otium
1782 1390 1953 1427 securitas
1971 1395 2040 1429 est,
2070 1401 2131 1422 ne-

1740 1444 1800 1480 Vs.
1821 1444 1855 1478 3.
1884 1439 2033 1489 Scelus]
2065 1441 2132 1474 Hic

1128 1505 1239 1539 scelus
1273 1504 1317 1537 ad
1343 1514 1486 1537 sensum
1519 1498 1659 1536 retulit;
1708 1509 1792 1530 nam
1829 1501 1980 1540 propter
2005 1505 2129 1528 sensus

1129 1557 1236 1591 verba
1253 1561 1336 1590 sunt
1349 1582 1357 1595 ,
1384 1565 1459 1587 non
1477 1557 1628 1597 propter
1647 1549 1754 1583 verba
1772 1560 1906 1584 sensus.
2013 1545 2074 1579 Vs.
2094 1545 2129 1579 6.

1128 1605 1267 1656 Proba]
1305 1606 1538 1649 Indignanter
1570 1601 1712 1636 dicitur.
1827 1599 1888 1633 Vs.
1920 1599 1978 1634 12.
2011 1599 2131 1683 Αρὲἰιῖ

2045 1662 2068 1683 u
2098 1662 2113 1681 e

1127 1663 1223 1696 illum
1240 1671 1352 1695 censes
1361 1655 1395 1706 ἶ]
1419 1655 1590 1691 Chremes
1605 1654 1791 1688 Simonem
1816 1651 1954 1685 irridet.

1128 1713 1329 1759 plusculum
1349 1722 1491 1750 servus,
1521 1707 1603 1754 quia
1623 1703 1714 1739 nihil
1732 1711 1866 1739 restare
1888 1701 2040 1748 periculi
2065 1714 2129 1746 pu-

1128 1772 1196 1803 tat;
1225 1765 1285 1798 sed
1302 1775 1376 1797 non
1394 1763 1462 1795 fert
1480 1761 1514 1794 id
1532 1761 1690 1804 impune.
1799 1755 1877 1791 Vss.
1896 1755 1942 1789 18
1961 1768 2014 1800 sq.
2044 1755 2129 1787 Hem

1126 1814 1287 1863 Dromo]
1323 1814 1416 1849 Davi
1447 1813 1558 1846 verbo
1594 1815 1796 1844 commotus
1814 1835 1822 1848 ‚
1860 1819 2003 1842 servum
2034 1806 2128 1838 lora-

1127 1871 1220 1903 rium
1241 1874 1362 1907 vocat,
1392 1865 1453 1912 qui
1470 1864 1575 1904 loris,
1604 1863 1639 1895 id
1667 1867 1737 1901 est,
1764 1859 1869 1893 coriis
1895 1858 1984 1891 alios
2005 1869 2127 1892 servos

1127 1921 1303 1954 verberat.
1416 1916 1476 1952 Vs.
1495 1915 1556 1952 24.
1588 1910 1775 1959 Vinctum]
1806 1911 1986 1944 Decorum
2017 1908 2127 1942 comi-

1127 1986 1207 2007 cum
1229 1978 1364 2012 servat,
1392 1982 1466 2003 non
1484 1967 1714 2014 procedendo
1733 1966 1824 1998 ultra
1842 1962 1982 1996 vincula
2003 1962 2047 1994 ad
2067 1973 2127 1994 ne-

1127 2038 1222 2065 cem,
1251 2024 1349 2071 quod
1367 2021 1542 2067 tragicum
1561 2025 1660 2054 esset.

1336 2100 1445 2133 Actus
1463 2098 1506 2132 V.
1535 2097 1647 2131 Scena
1669 2094 1723 2129 Ill.
1754 2095 1903 2139 Argum.

1230 2162 1329 2196 Simo
1356 2160 1485 2194 acriter
1508 2157 1675 2202 obiurgat
1700 2156 1833 2193 filium;
1863 2153 2042 2187 consessus
2060 2151 2125 2185 cri-

1127 2227 1208 2249 men
1224 2215 1336 2252 filius‚
1365 2212 1508 2246 veniam
1534 2209 1642 2255 petit,
1680 2220 1720 2241 ac
1751 2219 1786 2241 se
1813 2213 1929 2240 totum
1953 2211 2124 2249 paternae

1550 2261 1666 2296 Nimis
1691 2266 1911 2294 commotum
1939 2257 2122 2291 Simonem

1126 2319 1267 2365 placare
1287 2318 1415 2351 nititur
1432 2314 1613 2350 Chremes.

1241 2370 1300 2404 VS.
1321 2371 1353 2404 1.
1384 2364 1573 2414 Omnium]
1602 2363 1833 2410 Aposiopesis
1852 2363 1945 2395 irato
1971 2359 2123 2393 familia-

1096 2426 1097 2438 *
1125 2423 1194 2464 ris,
1218 2423 1364 2469 quando
1391 2433 1457 2466 pro
1483 2419 1656 2463 dignitate
1682 2415 1816 2461 peccati
1840 2426 1914 2447 non
1942 2410 2124 2444 invenitur

1668 2468 1728 2502 Vs.
1747 2467 1780 2501 7.
1811 2468 1910 2506 Vide,
1937 2476 2027 2498 num.
2043 2460 2122 2509 ⁶⁰)].

1126 2475 1327 2509 convicium
1352 2478 1569 2518 competens.

1677 2519 1736 2554 Vs.
1753 2518 1809 2553 19.
1829 2519 1916 2559 Quid
1931 2519 1977 2550 mi
1993 2512 2121 2561 paren]

1159 2630 1225 2659 59³)
1257 2625 1342 2658 dicat]
1369 2626 1410 2649 sic
1433 2624 1482 2648 Ed.
1505 2622 1597 2647 Fufi:
1631 2619 1713 2644 Editt.
1737 2619 1810 2643 1540.
1830 2618 1876 2641 B..
1915 2615 2005 2644 ¹543..
2035 2615 2120 2647 1548.‚

1156 2671 1416 2738 603³i'ibgsc2ttim]
1438 2702 1478 2727 sic
1500 2702 1565 2725 inae
1585 2699 1687 2725 mitt:
1708 2698 1756 2722 Ed.
1779 2696 1871 2721 vouu.
1896 2694 2049 2718 Numnam.

1512 2733 1598 2770 45³*
