2341 2973
206 101 252 134 53
794 89 915 124 run..
950 86 1061 122 MEL.
1096 85 1296 120 semr‘rA
1331 85 1666 121 PfflLOLOGICA.
2208 87 2257 121 64

209 198 294 232 pore
320 182 497 218 reficiatur
522 179 698 224 collapsus
719 188 841 210 rerum
866 181 993 210 status:
1022 173 1205 207 universa-

208 240 309 277 liter,
337 234 480 281 quando
499 231 607 265 semel
622 231 661 263 fit
677 228 825 273 insignis
842 226 1033 261 destructio
1057 225 1206 258 alicuius

209 288 329 333 regni,
356 295 543 330 nunquam
565 287 688 327 postea
715 285 947 324 recuperatur
968 283 1068 310 vetus
1092 276 1204 320 digni-

209 348 273 373 tas.

210 387 418 434 Aegvptiaci
434 399 496 431 per
512 385 639 418 Mosen
650 410 659 424 ‚
687 383 781 428 quod
799 382 874 416 sine
890 381 961 414 ulla
984 379 1206 412 dubitatione

210 429 455 475 suit—omnium
471 448 665 481 regnorum
689 431 968 478 pulcherrimum
981 458 990 471 ,
1021 442 1205 475 nunquam

210 490 436 536 recuperavit
458 488 646 533 pristinam
672 485 894 529 dignitatem.
946 481 1035 515 Item
1056 493 1206 525 regnum

209 541 406 588 Babylonis
437 541 654 573 destructum
686 537 729 569 ab
754 535 970 568 Alexandro.
1037 531 1125 566 Item
1153 544 1207 565 re-

213 608 322 640 gnum
341 591 611 635 Hierosolymae
636 589 854 621 destructum
880 597 899 619 a
917 582 1207 619 Nabuchodono-

211 659 270 681 sor
280 645 346 691 ¹¹),
372 654 557 687 nunquam
575 646 626 674 est
642 639 843 672 restitutum
868 637 906 669 in
927 635 1116 681 pristinum
1139 641 1207 668 sta-

212 705 300 731 tum.
351 694 401 727 lta
419 699 500 728 sunt
520 692 695 738 quaedam
712 689 854 734 periodi
870 700 1076 732 regnorum.
1124 685 1207 719 Ideo

212 761 281 793 pax
300 747 430 779 tuenda
453 751 522 783 est,
559 749 593 776 et
616 742 769 775 fovenda
795 752 924 783 magna
950 738 1208 777 moderatione,

212 812 277 832 nec
293 798 503 831 deberemus
520 802 654 827 temere
671 804 775 826 ruere
794 793 838 824 ad
857 803 968 824 arma.

315 855 494 901 Loquitur
516 853 604 886 illud
627 852 760 885 dictum
783 852 825 883 de
844 855 992 887 eventu,
1020 859 1094 880 non
1113 846 1209 891 quod

215 915 308 942 recte
329 914 445 940 actum
468 905 532 944 sit,
559 904 619 937 sed
639 903 735 948 quod
753 902 800 935 ita
820 901 977 934 accidere
992 899 1092 932 solet.
1153 897 1210 930 Sic

214 965 353 1005 oportet
372 958 409 990 in
425 956 533 990 sacris
547 955 647 988 libris
664 954 863 987 discernere
885 952 976 985 dicta
997 952 1039 983 de
1058 950 1151 982 facto
1177 954 1211 981 et

213 1014 255 1045 de
284 1016 425 1044 eventu.
488 1006 528 1039 In
552 1007 645 1039 dicto
668 1007 710 1038 de
736 1011 865 1038 eventu
898 1009 949 1036 est
972 1008 1062 1034 tecta
1087 1001 1209 1032 admo-

212 1063 302 1096 nitio
319 1063 361 1094 de
380 1070 496 1094 causa.

211 1122 287 1148 tum
309 1119 370 1146 est.
422 1110 500 1142 Hoc
519 1109 567 1141 ita
585 1108 660 1140 fieri
692 1107 874 1146 videmus,
910 1116 984 1137 non
1007 1103 1103 1148 quod
1130 1101 1209 1133 ideo

211 1163 439 1210 probandum
456 1160 511 1194 sit.
566 1159 720 1204 Quando
741 1157 844 1191 multi
871 1156 1117 1201 deliquerunt,
1146 1152 1211 1185 dif-

211 1217 302 1250 ficile
323 1220 374 1248 est
390 1211 514 1257 exequi
531 1222 684 1255 poenas,
712 1215 751 1242 ut
766 1220 881 1253 poena
900 1208 945 1241 sit
966 1206 1073 1239 nimis
1095 1215 1211 1237 saeva.

213 1267 369 1314 Quando
396 1262 531 1309 aliquid
552 1261 682 1294 dIcitur
705 1266 766 1293 aut
792 1261 960 1297 docetur,
1000 1257 1211 1301 plerumque

214 1318 340 1352 incidit
358 1316 393 1348 in
413 1313 584 1353 moralia,
611 1313 648 1345 in
665 1312 821 1356 aliquam
840 1309 1114 1352 descriptionem
1141 1306 1211 1337 vir-

215 1377 330 1403 tutum
357 1367 411 1400 vel
436 1365 618 1398 vitiorum.
680 1362 862 1396 Sententia
896 1361 933 1393 in
964 1359 1127 1391 oratione
1162 1363 1211 1389 est

215 1419 477 1466 propemodum
503 1422 543 1449 ut
565 1414 685 1448 Maior
709 1414 744 1446 in
767 1413 993 1458 SyllogismO.
1056 1408 1210 1453 Quando

216 1473 267 1506 vis
292 1471 444 1505 scribere
469 1468 512 1500 ad
536 1465 798 1511 propinquum:
842 1463 983 1508 Quaeso
1010 1460 1212 1505 suppedites

214 1521 303 1557 mihi
338 1520 467 1554 auxilia
499 1519 543 1551 ad
571 1517 708 1556 studia,
753 1522 815 1548 aut
847 1515 992 1560 quando
1017 1511 1140 1545 scribis
1168 1511 1211 1543 ad

215 1574 412 1620 principem
425 1597 434 1610 ,

217 1625 310 1672 Quia
346 1629 396 1657 est
427 1628 526 1665 grata
551 1619 629 1652 Deo
665 1619 777 1663 pietas
803 1628 1014 1651 conservare
1037 1614 1152 1648 studia
1180 1619 1214 1645 et

217 1689 284 1722 pro
302 1674 365 1708 liac
385 1674 516 1718 pietate
536 1670 631 1704 Deus
648 1670 802 1703 vicissim
818 1668 944 1701 tribuit
960 1667 1043 1700 totis
1070 1664 1213 1698 familiis

218 1736 252 1761 et
285 1727 368 1760 totis
403 1723 565 1768 gentibus
597 1721 777 1765 praemia,
823 1719 907 1765 quia
938 1718 1109 1762 scriptum
1146 1722 1212 1748 est:

217 1782 346 1817 Amen,
361 1776 476 1809 Amen
493 1775 571 1807 dico
589 1773 702 1812 vobis,
727 1772 787 1817 qui
805 1770 944 1804 dederit
957 1776 1081 1814 potum
1101 1779 1214 1812 aquae

217 1831 386 1874 frigidae,
423 1838 497 1859 non
520 1825 646 1870 perdet
674 1824 873 1856 mercedem
904 1820 1073 1864 suamm).
1142 1818 1215 1850 Hac

220 1880 390 1916 sententia
425 1878 502 1922 plus
533 1876 660 1909 millies
694 1875 729 1907 in
762 1874 888 1907 litteris
912 1870 1214 1905 commendaticiIS
1241 1885 1243 1892 ·

219 1945 302 1966 usus
320 1943 410 1968 sum,
434 1935 467 1961 et
485 1933 693 1961 consecutus
712 1938 789 1959 sum
808 1925 913 1958 etiam
928 1925 1020 1958 ultra
1040 1922 1135 1955 mille
1152 1921 1214 1953 sso-

220 1996 326 2017 renos
354 1980 419 2014 hac
444 1981 518 2023 ipsa
548 1978 721 2012 sententia
743 1977 960 2022 pauperibus
986 1973 1214 2009 scholasticis,

220 2035 304 2068 Fuit
320 2033 420 2065 valde
437 2032 531 2064 bona
549 2029 722 2063 sententia
737 2042 744 2066 3
771 2028 878 2061 etiam
896 2039 961 2061 nos
979 2026 1131 2059 multum
1158 2025 1215 2056 de-

222 2088 346 2119 bemus
362 2083 417 2117 isti
436 2081 650 2120 sententiae,
677 2086 710 2112 et
732 2086 781 2113 est
802 2091 885 2112 vera
905 2078 1099 2116 sententia,
1132 2075 1213 2121 quia

221 2137 318 2170 Deus
337 2136 397 2168 dat
417 2132 528 2166 multa
546 2132 639 2164 bona
658 2143 724 2175 pro
743 2131 873 2164 talibus
888 2129 1026 2163 officiis.

326 2195 415 2227 Cum
433 2190 499 2225 lioc
517 2202 611 2223 anno
627 2191 742 2224 bonus
760 2196 793 2223 et
811 2190 951 2234 sapiens
969 2187 1078 2221 homo
1102 2185 1216 2218 venis-

224 2254 276 2282 set
294 2247 338 2279 ad
357 2257 442 2282 nos,
467 2241 662 2276 scribebam
680 2242 783 2275 suisse
801 2239 890 2273 mihi
906 2246 1045 2284 gratum
1067 2244 1140 2271 tam
1156 2237 1217 2269 tri·

224 2299 268 2332 sti
301 2304 461 2340 tempore
492 2298 719 2336 conspectum
756 2292 883 2337 optimi
917 2291 984 2324 viri
996 2317 1004 2331 ,
1040 2302 1118 2323 cum
1146 2300 1216 2333 quo

225 2355 307 2382 ante
325 2354 359 2381 et
376 2357 479 2390 saepe
497 2356 606 2377 essem
631 2343 741 2376 multa
767 2344 925 2383 locutus,
959 2342 1048 2376 sicut
1072 2340 1216 2373 dicitnr:

225 2401 289 2439 Εἷς
304 2399 456 2444 ὄμματα
472 2394 584 2430 εὔνου
608 2391 732 2441 φωτὸς
747 2392 931 2441 εἷςβλέψαι
948 2388 1067 2442 γλυκύ
1079 2391 1123 2439 ¹³)
1136 2418 1144 2430 ‚
1183 2391 1216 2423 id

227 2458 289 2491 est,
316 2449 450 2483 Intueri
466 2447 604 2480 vultum
623 2445 792 2489 sapientis
809 2445 914 2478 amici
929 2451 979 2479 est
996 2444 1108 2478 dulce.
1143 2442 1218 2475 Hoc
1245 2475 1247 2484 ,

262 2565 308 2591 n)
329 2563 375 2587 Sic
388 2564 473 2587 hxx.
494 2565 520 2587 et
534 2562 617 2591 Vutg.
637 2561 758 2584 scribunt
774 2561 1030 2592 Nebucadnezaris,
1051 2559 1219 2590 Babyloniae

299 2604 391 2628 regis,
412 2604 517 2622 nomen.

266 2648 312 2679 ¹2)
331 2649 425 2672 Mami.
445 2648 485 2673 ¹0.
505 2647 546 2671 ⁴2.
583 2647 667 2670 Marc.
682 2647 708 2675 9,
727 2647 768 2670 4¹.

268 2700 314 2728 ¹³)
334 2700 389 2723 Hoc
410 2701 452 2723 est
471 2699 570 2723 dictum
591 2698 682 2727 Eurip.
703 2697 758 2720 lon.
774 2698 831 2722 732.

343 336 410 376 Ut,
463 335 608 380 quando
649 332 716 366 fuit
749 332 841 364 facta
878 327 1070 363 destructio
1106 326 1234 376 regni!

1233 429 1234 436 ¹
1260 430 1408 462 modum
1427 429 1668 462 delectabatur
1684 426 1750 461 hac
1772 429 1960 462 sententia.

551 1056 731 1102 Quicquid
756 1055 876 1088 multis
898 1059 1082 1098 peccatur,
1120 1051 1210 1083 mul-
1236 1077 1237 1080 ,

487 1577 571 1603 tunc
605 1574 655 1602 est
692 1567 756 1600 tibi
793 1579 882 1610 opus
919 1563 1210 1599 confi1—matione2
1239 1581 1240 1602 ἶ
1267 1551 1589 1587 babuitmorosum
1609 1555 1808 1587 domimum.

1258 172 1310 205 illi
1328 172 1430 205 valde
1449 172 1621 217 placebat.
1674 172 1747 206 Vos
1763 171 1887 206 itidem
1906 173 1959 206 uti
1977 183 2016 206 ea
2032 172 2172 217 saepius
2192 184 2256 216 po-

1259 223 1375 263 testis,
1419 235 1497 257 cum
1531 225 1576 258 ad
1607 224 1762 270 aliquem
1791 223 1965 263 scribitis,
2006 235 2069 257 vos
2094 229 2256 268 expetere

1260 275 1369 320 ipsius
1402 275 1652 319 praesentiam.
1721 275 1757 308 Si
1781 273 1873 308 nibil
1895 275 2010 314 aliud,
2045 280 2165 308 tamen
2188 272 2257 307 hoc

1260 326 1353 360 tristi
1378 332 1538 371 tempore
1562 326 1727 359 benevoli
1750 327 1819 359 viri
1845 327 1982 359 vultum
2006 332 2146 359 tantum
2173 338 2257 358 con-

1261 378 1352 411 tueri
1369 378 1470 410 dulce
1487 378 1564 411 erit.
1625 377 1705 417 llle,
1739 379 1782 410 ad
1809 390 1913 423 quem
1944 377 2162 417 scribebam,
2197 377 2258 409 ad-

2020 427 2137 461 Hodie
2163 434 2259 460 octa-

1261 493 1325 513 vus
1346 480 1419 513 dies
1439 486 1510 520 est,
1534 493 1612 513 cum
1633 491 1786 513 essemus
1806 481 1902 524 apud
1919 479 2120 524 principem
2137 478 2258 523 Mega-

1261 531 1586 577 lopyrgensem¹⁴),
1628 531 1822 564 recitabam
1853 529 1947 565 hunc
1978 530 2192 564 versiculum
2220 530 2258 562 in

1262 595 1401 616 mensa:

1399 640 1510 665 Auxilia
1532 646 1618 672 parva
1638 641 1716 665 firma
1734 646 1888 665 consensus
1907 640 2026 672 facit25).

1261 685 1325 719 Est
1354 697 1446 719 unus
1476 698 1517 718 ex
1546 685 1665 718 Publii
1698 685 1830 719 Mimis.
1909 684 2014 717 Mimi
2047 683 2131 718 dicti
2164 689 2258 723 sunt,

1264 737 1325 782 qui
1356 737 1392 769 in
1424 737 1616 770 comoediis
1648 736 1791 769 facetias
1819 742 2070 775 exercuerunt,
2111 735 2256 780 quando

1262 788 1329 822 fuit
1353 788 1498 833 aliquod
1520 789 1747 820 intervallum
1772 787 1807 819 in
1830 785 1984 820 theatro.
2051 785 2165 819 Erant
2191 785 2259 818 ele-

1264 846 1387 883 gantes
1423 838 1586 872 immines
1622 846 1656 871 et
1690 838 1905 883 spargebant
1939 837 2130 870 bellissima
2165 836 2259 869 dicta

1265 890 1513 924 conxenientia
1549 890 1728 929 materiis,
1779 902 1868 935 quae
1903 890 2045 922 fuerant
2078 887 2259 926 recitatae,

1264 954 1367 986 saepe
1386 942 1491 974 etiam
1512 942 1682 974 taxabant
1703 941 1802 974 alios.
1855 940 2004 973 Publius
2028 939 2066 971 in
2090 939 2171 972 aula
2187 938 2259 971 Au-

1265 993 1356 1036 gusti
1376 993 1474 1026 vixit.
1529 993 1616 1026 Cum
1634 993 1742 1036 igitur
1759 991 1945 1025 recitarem
1971 990 2077 1024 istum
2105 989 2257 1023 versicu-

1264 1045 1357 1084 lum,
1392 1044 1556 1088 princeps
1572 1042 1748 1077 lohannes
1762 1043 1928 1076 Albertus
1953 1042 2093 1074 dicebat
2118 1042 2162 1074 ad
2180 1039 2258 1073 Fri-

1265 1095 1422 1127 dericum
1441 1095 1604 1134 Malzan,
1637 1102 1675 1128 ut
1699 1095 1910 1128 versiculum
1934 1099 2135 1126 annotaret.
2186 1091 2259 1124 Ho-

1264 1146 1378 1179 mines
1395 1146 1490 1185 saui,
1518 1146 1714 1190 sapientes,
1740 1158 1813 1178 non
1831 1148 1984 1184 feroces,
2011 1156 2086 1177 non
2099 1143 2260 1182 barbari,

1267 1198 1388 1242 quales
1412 1204 1494 1230 sunt
1518 1198 1619 1230 multi
1644 1195 1826 1236 homines,
1861 1196 2081 1228 delectantur
2103 1194 2261 1227 conside-

1266 1248 1405 1280 ratione
1427 1250 1603 1280 lmnarum
1621 1248 1877 1281 sententiarum
1891 1274 1900 1287 ,
1925 1248 1985 1279 sed
2006 1245 2117 1291 aliqui
2134 1251 2262 1289 putant

1266 1311 1338 1332 esse
1364 1300 1530 1342 pietatem
1557 1306 1784 1332 contemnere
1811 1299 1897 1330 tales
1922 1297 2126 1330 sententias.
2184 1295 2261 1339 Ego

1267 1350 1338 1381 vidi
1362 1351 1407 1382 ad
1432 1348 1589 1382 Locham
1615 1349 1672 1383 hic
1696 1350 1732 1381 in
1761 1349 1890 1381 vicinia
1916 1348 2045 1381 multas
2067 1347 2262 1381 sententias

1266 1401 1414 1444 scriptas
1438 1413 1547 1433 manu
1572 1401 1669 1434 ducis
1685 1400 1876 1439 Friderici‚
1907 1411 1995 1444 quas
2017 1400 2178 1431 affixerat
2201 1410 2262 1441 pa-

1238 1450 1240 1471 3
1267 1452 1413 1484 rietibns
1431 1452 1595 1486 collectas
1614 1465 1654 1485 ex
1671 1451 1770 1485 libris
1786 1450 1927 1484 Erasmi
1944 1456 1979 1482 et
1992 1450 2145 1483 aliorum
2165 1455 2230 1483 etc.

1368 1503 1525 1547 Agrippa
1556 1516 1626 1536 una
1653 1516 1732 1536 cum
1750 1503 1910 1546 Augusto
1939 1501 2129 1545 imperium
2147 1499 2264 1545 gessit,

1871 1553 1963 1586 Satis
1984 1553 2050 1586 fuit
2072 1551 2263 1594 morosita-

1268 1605 1310 1638 tis
1337 1605 1372 1637 in
1396 1607 1576 1649 Augusto,
1619 1613 1652 1639 et
1676 1605 1815 1638 etiamsi
1842 1605 1966 1637 fuisset
1991 1603 2264 1647 placidissimus,

1268 1656 1357 1689 sicut
1374 1657 1479 1689 etiam
1498 1657 1584 1696 fuit,
1612 1664 1752 1696 tamen,
1781 1655 1919 1688 etiamsi
1937 1655 2012 1688 sine
2030 1655 2088 1687 illa
2112 1653 2264 1687 morosi-

1268 1714 1338 1739 tate
1361 1707 1500 1747 suisset,
1538 1709 1649 1741 multa
1674 1708 1832 1740 accidere
1859 1712 2008 1750 possunt
2031 1706 2069 1738 in
2093 1704 2264 1749 imperiis,

1268 1759 1328 1791 ubi
1346 1756 1508 1792 homines
1526 1772 1599 1792 non
1616 1764 1765 1803 possunt
1788 1757 2008 1797 consentire,
2046 1756 2153 1789 etiam
2176 1756 2264 1788 ami-

1270 1810 1410 1843 cissimi.
1480 1811 1618 1854 Optimi
1652 1817 1685 1843 et
1719 1808 1971 1853 sapientissimi
2003 1808 2105 1840 valde
2131 1813 2264 1841 errant.

1269 1860 1351 1893 Ideo
1371 1861 1459 1893 dixit
1476 1862 1634 1906 Agrippa
1651 1873 1686 1894 se
1706 1861 1857 1893 multum
1875 1859 2002 1891 debere
2020 1856 2101 1891 huic
2125 1864 2264 1891 senten-

1269 1912 1355 1945 tiae:
1403 1912 1601 1946 Concordia
1629 1924 1759 1956 parvae
1783 1922 1839 1943 res
1862 1916 2043 1949 crescunt,
2086 1909 2263 1942 discordia

1270 1964 1488 1997 dilabuntur.

1372 2014 1432 2046 Illa
1466 2014 1616 2046 multum
1646 2019 1793 2057 possunt
1827 2012 1985 2045 accidere
2021 2011 2058 2044 in
2095 2011 2264 2056 imperiis.

1270 2065 1367 2108 Papa
1384 2065 1515 2098 Paulus
1534 2063 1790 2108 proximusffi),
1818 2076 1923 2109 quem
1942 2063 2049 2096 etiam
2076 2075 2264 2107 possumus

1271 2128 1507 2148 annumerare
1534 2116 1772 2159 sapientibus,
1799 2115 1922 2148 solitus
1942 2121 1992 2147 est
2007 2111 2138 2147 habere
2153 2115 2190 2147 in
2207 2127 2265 2147 cu—

1270 2167 1387 2200 biculo
1407 2180 1470 2200 suo
1489 2179 1562 2199 non
1582 2167 1806 2199 Breviarium
1820 2193 1828 2206 ,
1857 2166 1907 2201 ein
1925 2165 2091 2211 §Betbudffi
2119 2167 2179 2198 sed
2204 2164 2266 2199 ha-

1271 2217 1350 2251 huit
1380 2230 1549 2262 magnum
1581 2218 1738 2251 codicem
1765 2217 1933 2256 Homeri,
1974 2216 2178 2250 Florentiae
2209 2229 2267 2250 ex-

1271 2282 1451 2314 pressum,
1479 2275 1513 2302 et
1531 2270 1674 2315 quando
1693 2270 1758 2302 fuit
1775 2275 1914 2302 tantum
1933 2268 1997 2301 otii
2007 2296 2020 2309 -.-
2043 2268 2139 2302 stetit
2154 2274 2188 2301 et
2206 2270 2267 2301 ad-

1271 2321 1384 2365 spexit
1402 2334 1507 2354 unam
1527 2327 1632 2366 atque
1651 2321 1800 2353 alteram
1819 2320 2013 2365 pagellam,
2042 2325 2076 2352 et
2098 2319 2267 2364 cogitavit

1272 2373 1406 2417 aliquid
1424 2373 1768 2405 commonefactione
1790 2383 1953 2405 versuum
1972 2370 2153 2404 excitatus.

1310 2496 1354 2527 14)
1377 2497 1441 2520 scil.
1468 2496 1537 2525 apud
1559 2497 1701 2520 iohannem
1723 2497 1880 2525 Aibcrtum,
1913 2494 2099 2519 marchionem
2125 2495 2267 2519 Branden-

1343 2534 1435 2561 burg„
1462 2531 1655 2555 Coafflutorem
1674 2531 1851 2561 Magdehmg.

1309 2575 1356 2602 15)
1377 2575 1450 2597 llaec
1478 2573 1564 2596 Publii
1584 2574 1649 2604 Syri
1675 2574 1814 2596 sententia
1841 2573 1866 2595 in
1894 2572 1942 2595 Ed.
1963 2571 2064 2595 minori
2091 2572 2158 2600 (iam
2184 2578 2269 2603 supra

1344 2615 1368 2638 p.
1385 2608 1424 2631 60.
1446 2610 1511 2632 nota
1530 2610 1553 2631 4.
1574 2609 1699 2636 laudata)
1721 2614 1746 2631 v,
1763 2608 1806 2632 64.
1826 2608 1864 2629 sic
1885 2607 2000 2637 legitur:

1376 2651 1485 2674 Auxilia
1504 2651 1633 2679 humilia,
1660 2651 1737 2673 firma
1756 2655 1909 2673 consensus
1928 2649 2002 2673 facit.

1311 2694 1355 2725 16)
1376 2694 1478 2718 Paulus
1498 2693 1540 2718 111.
1563 2693 1635 2723 Papa
1657 2693 1722 2717 1534
1735 2692 1848 2715 —1549.
