2421 3005
99 110 178 147 513
449 106 538 143 XCI.
598 105 888 144 ENARRATIO
923 105 1055 141 LIBRI
1081 105 1109 142 Ι.

102 198 203 246 quod
219 195 416 242 antiquitas
433 193 556 229 Iovem
572 196 718 229 vocavit
735 193 952 240 hospitalem
967 208 974 233 ;
1005 205 1116 239 appa-

102 256 159 284 ret
184 249 272 282 item
297 260 340 282 ex
361 246 512 282 historia
531 247 629 281 Livii
638 247 686 296 28)
704 249 747 281 de
756 247 896 289 Badio,
925 247 1001 281 cive
1011 246 1117 280 Cam-

99 313 222 348 pano,
248 300 367 347 quiin
386 306 582 345 conspectu
611 301 768 334 duorum
798 300 1042 340 exercituum,
1071 298 1116 344 Q.

101 352 274 398 Crispino
291 352 462 386 Romano
481 350 681 398 hospitium
700 353 899 387 solenniter
918 350 1117 391 renuntiat,

104 412 145 441 ut
171 417 253 440 cum
280 417 322 439 eo
347 405 520 450 congredi
542 405 657 450 possit
681 403 806 440 hostili
830 416 944 439 more.
1006 403 1118 436 Tanti

104 457 204 493 enim
223 457 333 491 fiebat
349 457 436 491 olim
462 456 518 491 ius
541 454 712 502 hospitii,
744 464 785 492 ut
809 469 855 491 ne
882 457 927 490 ab
952 453 1117 490 hostibus

105 510 255 557 quidem
274 509 486 544 violaretur.

317 586 561 622 Diluvium
587 585 909 620 Deucalionis.

157 647 237 683 Vss.
256 647 333 684 260
351 661 405 694 sq.
434 650 550 683 Poena
566 649 676 692 placet
700 649 857 687 diversa,-
890 659 999 691 yenus
1025 658 1118 680 mor-

529 701 597 734 tale
612 701 672 734 sub
693 701 812 739 undis,

154 754 323 793 Perdere,
352 758 419 786 etc.

182 813 356 859 Sequitur
372 811 568 857 descriptio
585 810 726 851 diluvii,
753 822 827 856 quo
847 809 1047 843 extinctum
1064 815 1118 843 est

100 876 215 911 genus
231 862 434 898 humanum
455 870 606 909 propter
626 862 871 907 impietatem,
899 861 1116 895 iniustitiam

102 923 140 951 et
156 916 428 951 crudelitatem:
457 916 497 948 in
513 927 584 961 qua
602 914 846 959 descriptione
866 914 1116 948 observandae

101 975 187 1004 sunt
209 967 530 1014 amplificationes,
557 966 870 1012 prosopopoeiae,
899 973 934 1000 et
960 964 1117 1012 hypoty-

101 1033 209 1066 poses
231 1019 408 1066 poeticae.
462 1019 556 1054 Nam
577 1019 732 1053 Ovidius
759 1031 836 1052 non
860 1024 1004 1052 tantum
1029 1017 1117 1051 dicit

101 1084 216 1119 aquas
244 1072 440 1106 inundasse
473 1077 610 1105 terram
640 1071 871 1111 universam,
920 1071 983 1105 sed
1015 1070 1117 1103 addit

102 1136 228 1159 causas
247 1130 282 1158 et
300 1123 481 1164 rationes,
515 1124 613 1158 unde
637 1129 739 1156 tanta
766 1122 819 1157 vis
851 1134 1030 1169 aquarum
1058 1134 1115 1155 ex-

101 1175 237 1218 titerit,
273 1188 406 1221 nempe
430 1188 473 1209 ex
495 1175 638 1220 maguis
670 1182 705 1208 et
738 1175 891 1208 assiduis
924 1174 1116 1215 imbribus,

100 1235 294 1274 terraeque
312 1228 485 1262 motibus.
538 1227 596 1261 Ad
612 1225 678 1261 has
703 1239 791 1260 vero
820 1227 1006 1261 naturales
1033 1239 1115 1260 cau-

102 1292 160 1316 sas
181 1280 284 1314 varie
308 1286 344 1313 et
375 1279 532 1314 iucunde
566 1279 818 1324 explicandas,
861 1279 964 1324 fingit
994 1279 1114 1323 primo

101 1332 325 1377 Aquilonem
360 1338 509 1365 ventum
544 1344 563 1364 a
589 1331 675 1364 Iove
699 1331 837 1364 includi
859 1331 897 1363 in
920 1343 1115 1371 carcerem,

100 1395 146 1417 ne
173 1383 262 1429 quid
280 1382 534 1427 impedimenti
557 1383 696 1416 diluvio
722 1383 865 1416 inferat.
927 1381 992 1416 Est
1017 1382 1112 1416 enim

100 1434 236 1481 Aquilo
255 1434 390 1476 siccus,
418 1447 491 1480 quo
509 1434 639 1475 flante,
667 1434 781 1469 nubes
800 1441 834 1468 et
856 1435 990 1468 imbres
1013 1435 1115 1469 dissi-

100 1487 183 1532 pari
207 1487 337 1521 solent.
391 1485 552 1520 Econtra
570 1487 745 1521 Austrum
774 1486 924 1520 immitti
943 1488 989 1520 ad
1009 1487 1114 1521 indu—

102 1539 233 1574 cendas
250 1539 366 1573 nubes
385 1545 420 1572 et
444 1539 606 1584 pluvias3
640 1539 670 1573 is
695 1538 792 1572 enim
817 1545 946 1573 ventus
969 1545 1022 1573 est
1048 1537 1115 1573 hu-

100 1590 239 1626 midus:
282 1591 439 1636 ideoque
473 1591 599 1625 nubila
628 1591 770 1631 fronte,
812 1589 963 1625 humida
987 1592 1114 1632 barba,

100 1642 258 1677 madidis
277 1643 418 1687 capillis
443 1649 479 1676 et
506 1643 717 1677 rorantibus
739 1643 869 1688 pennis
893 1643 1114 1689 depingitur.

100 1694 244 1729 Deinde
268 1693 376 1735 Irim,
417 1692 567 1729 Iunonis
590 1695 782 1736 nuntiam,
827 1696 988 1729 colorata
1016 1703 1114 1730 veste

100 1747 269 1781 indutam
288 1746 418 1780 afferre
434 1747 607 1781 alimenta
624 1747 782 1781 nubibus
798 1759 839 1780 ac
857 1748 1001 1792 pluviis,
1029 1748 1114 1794 quia

101 1799 236 1834 imbres
256 1805 436 1844 augentur
451 1799 593 1834 roscida
611 1799 672 1832 illa
697 1799 814 1839 nube,
851 1800 889 1832 in
914 1812 985 1846 qua
1011 1813 1115 1834 arcus
1141 1803 1143 1830 ἐ

102 1851 265 1886 coelestis
284 1857 437 1897 apparet
455 1851 494 1885 in
512 1863 646 1898 aquam
663 1852 896 1886 condensata.
950 1852 1006 1885 Ad
1026 1850 1114 1885 haec
1141 1859 1143 1874 ‘=

100 1904 206 1948 fingit
226 1903 460 1949 Neptunum,
503 1903 599 1938 Iovis
630 1905 803 1945 fratrem,
847 1916 1050 1938 convocare
1081 1911 1116 1938 et
1141 1920 1143 1931 ι

100 1954 245 1990 hortari
277 1956 430 1990 flumina
467 1957 514 1990 ad
552 1956 812 1990 effundendam
857 1969 1004 1990 omnem
1039 1956 1114 1990 vim

101 2019 303 2054 aquarum,
340 2020 479 2054 suoque
511 2015 653 2054 sceptro
685 2014 876 2042 concutere
901 2015 936 2042 et
966 2021 1114 2042 movere

101 2067 250 2095 terram.
310 2060 523 2102 Postremo,
559 2061 848 2095 decrescentibus
872 2061 979 2095 undis
1002 2060 1115 2107 Aqui-

101 2113 226 2147 lonem
241 2124 367 2146 rursus
385 2112 502 2146 emitti
527 2114 573 2147 ad
598 2114 843 2147 inducendam
868 2113 1114 2153 serenitatem,

101 2177 145 2199 ac
163 2165 358 2198 Tritonem
375 2164 538 2209 Neptuni
563 2166 760 2200 tubicinem
788 2178 916 2200 canere
940 2166 1114 2211 receptui,

103 2223 139 2251 et
167 2229 339 2251 revocare
369 2216 521 2251 flumina
556 2219 602 2251 ad
634 2219 765 2254 fontes.
826 2218 904 2252 Hae
937 2231 1114 2263 prosopo-

103 2269 233 2314 poeiae
259 2275 294 2303 et
316 2267 563 2316 hypotyposes
588 2271 740 2312 docent,
782 2272 968 2317 quomodo
994 2283 1050 2305 res
1076 2271 1113 2304 in

103 2327 273 2367 poemate
290 2321 527 2356 illustrandae
545 2328 653 2368 atque
671 2323 947 2368 amplificandae
965 2323 1048 2358 sint.

207 2373 327 2407 Porro
340 2401 349 2414 ,
374 2374 558 2419 reparatio
577 2372 770 2409 hominum
790 2376 1006 2410 adscribitur
1016 2375 1114 2410 Deu-

105 2425 258 2467 calioni,
285 2426 360 2459 filio
379 2424 611 2467 Promethei,
640 2428 765 2460 eadem
783 2426 841 2472 (ut
861 2428 1036 2476 arbitror)
1057 2441 1114 2461 ra-

105 2476 228 2520 tione,
252 2490 324 2524 qua
349 2479 483 2512 creatio
508 2477 669 2513 hominis
693 2479 910 2514 adscribitur
936 2481 1004 2525 ipsi
1023 2481 1114 2514 Pro-
1140 2495 1141 2500 ¹

105 2527 269 2564 metheo:
299 2543 430 2576 nempe
447 2532 545 2578 quod
564 2538 685 2576 gentes
706 2532 750 2565 ab
769 2544 810 2564 eo
833 2533 1002 2574 edoctae,
1030 2533 1114 2566 reti-

106 2582 255 2615 nuerint
278 2584 494 2617 memoriam
521 2584 660 2618 diluvii.
715 2584 823 2628 Apud
846 2584 1048 2619 Lucianum
1076 2585 1114 2619 in

106 2633 229 2667 libello
248 2634 290 2668 de
308 2634 412 2681 Syria
432 2636 509 2670 Dea
522 2636 569 2683 ¹²⁹)
589 2643 685 2670 extat
700 2637 821 2677 locus,
848 2649 889 2670 cx
909 2650 981 2683 quo
998 2638 1116 2672 mani-
1142 2642 1143 2662 3

141 2716 191 2750 28)
210 2718 270 2743 niv.
291 2719 385 2751 xxv,
408 2720 448 2744 18.

142 2761 190 2794 29)
210 2762 324 2787 Lucian.
345 2763 378 2788 de
399 2764 485 2795 Syn'a
504 2765 566 2789 Dea
588 2765 669 2791 c.12.
691 2765 739 2791 Ed.
761 2764 879 2791 scliuiid.

108 2803 293 2838 MELANTE.
313 2806 420 2838 OPER.
454 2807 539 2838 Vm„
558 2807 647 2838 XIX.

1145 105 1630 142 METAMORPHOSEON
1665 103 1830 141 OVIDII.
2102 103 2179 140 514

1169 195 1301 229 festum
1333 201 1403 235 est,
1445 206 1510 240 per
1542 193 1720 228 diluvium
1749 192 1984 228 Deucalionis
2015 192 2179 238 intelligi,

1170 259 1246 280 non
1265 248 1322 294 (ut
1340 247 1488 294 quidam
1510 245 1654 292 volunt)
1672 246 1949 280 inundationem
1968 246 2082 286 illam,
2107 257 2180 292 qua

1172 299 1258 344 olim
1277 300 1429 334 Graecia
1452 306 1487 333 et
1502 298 1605 332 Italia
1631 304 1790 340 vastata,
1824 305 1933 344 atque
1952 298 2099 331 Atlanta
2126 298 2180 331 in-

1170 352 1248 386 sula
1268 353 1439 397 absorpta
1459 358 1527 391 est;
1557 352 1619 386 sed
1637 350 1816 385 diluvium
1834 351 2052 391 universale,
2081 351 2181 396 quod

1170 404 1239 437 fuit
1263 404 1365 438 Noae
1389 404 1627 449 temporibus.
1689 403 1750 437 Sic
1773 403 1871 436 enim
1896 403 1948 435 ihi
1968 402 2092 437 scribit
2108 402 2181 437 Lu-

1172 456 1314 491 cianus:
1344 457 1437 490 tradi
1454 468 1473 489 a
1491 456 1640 490 Graecis
1656 453 1750 489 hanc
1767 453 1960 489 hominum
1978 455 2182 499 generatio-

1171 521 1276 548 nem,
1320 521 1412 554 quae
1440 521 1537 542 nunc
1561 514 1634 549 est,
1675 508 1720 541 ab
1754 507 1860 541 initio
1895 505 2181 553 haudquaquam

1170 560 1291 600 fuisse,
1320 561 1383 594 sed
1401 573 1493 601 eam,
1522 572 1613 606 quae
1631 566 1717 593 tunc
1731 559 1820 600 fuit,
1849 565 1964 592 totam
1984 559 2181 598 interiisse;

1170 610 1237 646 hos
1256 618 1375 646 autem
1395 610 1583 652 homines,
1611 611 1673 658 qui
1693 624 1790 645 nunc
1813 618 1916 652 sunt,
1952 611 2100 646 secundi
2124 623 2183 656 ge-

1170 664 1268 698 neris
1292 676 1387 705 esse,
1433 663 1528 704 eius,
1574 665 1673 709 quod
1700 676 1824 698 rursus
1848 676 1867 697 a
1891 663 2115 698 Deucalione
2145 664 2182 696 in

1170 723 1310 750 tantam
1340 716 1613 750 multitudinem
1649 716 1817 750 excrevit.
1884 716 1939 750 De
1966 716 2035 750 illis
2061 721 2181 749 autem

1170 766 1402 809 hominibus,
1436 766 1646 802 huiusmodi
1671 769 1851 814 quaedam
1878 769 2035 803 narrari.
2090 767 2182 802 Cum

1171 820 1272 854 efferi
1283 820 1330 867 3⁰)
1352 821 1550 854 admodum
1573 827 1711 860 esseut,
1739 820 1876 853 nefaria
1896 833 2005 865 opera
2025 833 2085 854 eos
2102 832 2183 866 per-

1170 880 1350 918 petrasse;
1379 885 1497 919 neque
1517 872 1614 906 enim
1634 872 1886 906 iusiurandum
1911 884 2092 913 servasse,
2120 885 2183 906 ne-

1171 938 1241 971 que
1260 923 1421 970 hospites
1439 925 1635 969 recepisse,
1662 936 1781 970 neque
1796 925 2000 969 supplicum
2016 924 2183 958 misertos

1171 990 1264 1016 esse;
1293 978 1339 1011 ol)
1359 989 1469 1023 quam
1489 989 1566 1010 rem
1587 977 1685 1021 ipsos
1703 976 1899 1009 maximam
1921 989 2068 1022 quoque
2090 977 2183 1010 cala-

1169 1029 1335 1063 mitatem
1354 1029 1517 1064 subiisse.
1571 1028 1702 1062 Statim
1721 1028 1817 1062 enim
1842 1035 1876 1062 et
1900 1030 2004 1063 tellus
2030 1029 2183 1062 multam

1171 1094 1305 1128 aquam
1323 1082 1469 1122 effudit,
1498 1086 1533 1114 et
1555 1080 1690 1114 imbres
1711 1081 1834 1125 magni
1856 1082 2023 1121 fuerunt,
2060 1087 2095 1114 et
2117 1081 2184 1115 flu-

1170 1134 1269 1167 mina
1288 1134 1395 1168 solito
1413 1133 1554 1167 maiora
1576 1134 1837 1173 decurrerunt,
1873 1139 1908 1166 et
1931 1145 2032 1166 mare
2058 1145 2100 1167 eo
2125 1146 2183 1167 us-

1170 1198 1239 1232 que
1267 1185 1447 1227 ascendit,
1481 1186 1569 1219 dum
1601 1185 1724 1219 omnia
1761 1184 1864 1231 aquis
1894 1185 2183 1226 involverentur,

1142 1265 1143 1275 ,
1170 1245 1279 1284 atque
1313 1250 1439 1272 omnes
1472 1237 1647 1283 perirent.
1713 1236 1915 1271 Deucalion
1939 1244 2060 1271 autem
2086 1238 2183 1272 solus

1168 1287 1362 1324 hominum
1382 1290 1529 1324 relictus
1546 1290 1634 1331 fuit,
1662 1290 1701 1323 in
1719 1291 1914 1323 secundam
1932 1290 2099 1323 videlicet
2123 1302 2183 1334 ge-

1168 1343 1418 1384 nerationem,
1447 1342 1663 1387 prudentiae
1689 1341 1797 1376 simul
1822 1348 1856 1376 et
1880 1342 2025 1387 pietatis
2053 1342 2182 1387 gratia.

1141 1418 1143 1423 s
1169 1394 1340 1429 Servatus
1367 1401 1488 1429 autem
1514 1395 1583 1429 fuit
1607 1392 1676 1428 hoc
1701 1401 1825 1439 pacto:
1854 1407 1974 1428 arcam
1995 1395 2183 1441 quandam

1168 1459 1366 1492 magnam,
1393 1459 1503 1494 quam
1522 1447 1597 1492 ipse
1616 1445 1794 1487 habebat,
1832 1447 2010 1492 impositis
2037 1447 2074 1480 in
2101 1459 2183 1480 eam

1170 1506 1204 1533 et
1228 1499 1351 1534 liberis
1376 1507 1411 1533 et
1437 1512 1549 1533 uxore
1574 1511 1658 1540 sua,
1701 1500 1921 1534 conscendit.
1988 1499 2182 1533 Caeterum

1169 1564 1251 1586 cum
1276 1552 1352 1597 ipse
1376 1552 1647 1597 ingrederetur,
1682 1558 1861 1585 venerunt
1888 1552 2014 1585 eodem
2042 1557 2076 1585 et
2101 1551 2183 1596 apri

1141 1619 1142 1632 ι
1169 1611 1204 1638 et
1222 1604 1326 1650 equi,
1355 1610 1389 1637 et
1407 1605 1554 1638 leonum
1574 1616 1720 1648 genera,
1750 1610 1784 1638 et
1799 1610 1996 1649 serpentes,
2025 1603 2181 1650 aliaque,

1141 1675 1142 1682 κ
1170 1668 1408 1703 quaecunque
1424 1657 1551 1690 tellure
1568 1662 1788 1701 pascuntur,
1815 1656 1902 1690 bina
1925 1668 1967 1690 ex
1991 1668 2065 1689 uno
2092 1668 2181 1702 quo-

1141 1725 1142 1731 *
1170 1721 1240 1755 que
1266 1721 1417 1754 genere,
1461 1715 1601 1743 cuncta.
1669 1708 1731 1742 llle
1758 1714 1879 1742 autem
1905 1708 2042 1753 recepit
2070 1709 2116 1741 ad
2144 1721 2181 1742 se

1141 1774 1143 1796 κ
1170 1761 1293 1795 omnia
1306 1788 1316 1802 ‚
1344 1767 1452 1807 atque
1469 1773 1509 1795 ea
1529 1762 1649 1806 ipsum
1666 1759 1955 1807 haudquaquam
1976 1761 2181 1799 laedebant,

1169 1814 1231 1847 sed
1249 1825 1381 1858 magna
1397 1813 1492 1847 inter
1510 1825 1592 1854 eos,
1625 1812 1711 1847 Iove
1737 1813 1786 1846 ita
1814 1813 2067 1858 dispensante,
2096 1825 2182 1846 con-

1142 1879 1143 1903 ς
1170 1865 1293 1899 cordia
1314 1872 1411 1906 erat,
1447 1878 1593 1912 unaque
1620 1865 1658 1898 in
1686 1877 1769 1899 arca
1796 1877 1922 1898 omnes
1946 1865 2180 1909 navigabant,

1170 1931 1280 1964 quam
1299 1918 1362 1952 diu
1384 1930 1477 1964 aqua
1496 1918 1703 1963 superabat.
1740 1916 2043 1952 HaecLucianus.
2080 1916 2181 1962 Quin

1170 1970 1278 2003 etiam
1297 1968 1515 2004 Plutarchus
1533 1971 1577 2004 de
1596 1970 1774 2004 industria
1803 1969 2018 2003 animalium
2044 1969 2180 2009 scribit,

1170 2023 1377 2056 columbam
1397 2035 1439 2056 ex
1456 2022 1782 2057 arcaDeucalionis
1801 2022 1968 2055 emissam
1982 2048 1991 2062 ‚
2019 2022 2179 2056 attulisse

1168 2074 1345 2109 indicium
1362 2075 1561 2110 recedentis
1579 2075 1718 2110 diluvii.
1774 2073 1829 2107 Ex
1852 2072 1908 2108 his
1933 2074 2044 2118 igitur
2064 2074 2181 2107 mani-

1168 2128 1298 2161 festum
1319 2134 1389 2168 est,
1415 2129 1513 2174 quod
1531 2128 1626 2169 dixi,
1657 2140 1723 2172 per
1749 2126 1927 2160 diluvium
1946 2126 2179 2160 Deucalionis

1140 2166 1321 2238 {intelligi
1356 2180 1532 2214 diluvium
1556 2180 1680 2221 Noae,
1724 2179 1809 2225 quia
1843 2179 1882 2212 in
1915 2179 2025 2214 sacris
2051 2178 2179 2212 litteris

1140 2278 1141 2291 l

1140 2323 1141 2342 l

1139 2365 1141 2382 l

1140 2386 1141 2405 l

1140 2239 1141 2265 l
1168 2232 1299 2266 similia
1320 2234 1516 2266 traduntur
1533 2234 1576 2266 de
1600 2232 1820 2265 animalibus
1847 2243 1866 2264 a
1885 2231 1965 2266 Koa
1992 2232 2030 2265 in
2057 2243 2179 2265 arcam

1140 2293 1141 2319 Ξ
1167 2285 1341 2330 receptis,
1370 2291 1405 2319 et
1421 2286 1465 2318 de
1483 2285 1651 2319 columba
1671 2285 1716 2318 ab
1733 2285 1861 2318 eodem
1882 2284 2025 2319 emissa.

1363 2370 1451 2405 Iris
1481 2383 1557 2405 cur
1585 2371 1750 2405 nuntia
1778 2369 1987 2406 Iunonis.

1219 2438 1297 2474 Vss.
1313 2439 1389 2474 270
1406 2452 1459 2485 sq.
1502 2442 1638 2474 Nuntia
1664 2442 1809 2474 Iunonis
1834 2442 1948 2474 uerius
1973 2441 2094 2473 incluta
2121 2451 2177 2473 co-

1594 2493 1681 2525 loros

1223 2546 1375 2587 Conce'pIt
1397 2546 1468 2578 Iris
1487 2557 1593 2590 taletas
1613 2551 1679 2578 etc.

1273 2607 1388 2639 Arcus
1415 2605 1576 2639 coelestis
1608 2605 1739 2637 dicitur
1762 2603 1827 2637 Itis
1860 2601 1933 2638 ἀπὸ
1960 2605 2029 2638 τοῦ
2054 2604 2174 2649 εἴρειν,

1142 2680 1144 2734 πὶ
1170 2657 1269 2703 quod
1288 2663 1340 2691 est
1354 2657 1468 2703 loqui,
1503 2657 1560 2692 Sic
1578 2657 1673 2690 enim
1690 2657 1854 2690 Socrates
1873 2657 1970 2701 apud
1983 2656 2173 2689 Platonem

1206 2766 1254 2795 30)
1275 2764 1366 2798 efferi]
1387 2763 1621 2790 sicEditt.1555.z
1642 2762 1780 2789 E‹1.1559.
1799 2762 1897 2787 mendo
1917 2762 2050 2793 typogr.:
2071 2760 2174 2786 efferrt.

1598 2799 1646 2833 35
