2341 2973
206 120 280 158 699
779 115 900 150 PHIL.
935 114 1047 148 MEL.

213 219 253 246 ut
277 214 397 244 ament
417 205 513 239 hune
540 209 702 238 autorem
728 202 841 247 pueri.
908 200 947 233 Id
979 200 1027 232 ita
1061 199 1138 238 fiet,
1172 199 1201 232 si
1226 211 1230 252 y*

212 260 404 297 rectissime
423 255 672 289 intellexerint.
713 253 935 298 Exigendum
955 251 998 283 ab
1017 250 1099 294 ipsis
1118 261 1202 293 pue·
1227 253 1229 278 ξ

209 314 278 352 ris,
304 317 343 344 ut
361 321 425 344 suo
443 309 560 341 Marte
585 312 794 350 argumenta
813 304 1013 336 fabularum
1033 302 1202 340 condant,

207 371 247 399 ut
270 364 367 396 locos
389 360 528 405 aliquos
546 363 726 395 retexant,
763 362 797 389 et
822 354 983 399 pluribus
1009 358 1202 396 exponant,

209 422 243 450 et
273 421 445 458 tanquam
479 422 594 443 ceram
626 409 821 450 retingant,
872 417 962 450 quae
996 403 1201 437 exercitatio
1228 408 1229 431 ἐ

208 471 461 512 praeterquam
498 462 594 506 quod
628 457 898 492 familiariorem
933 453 1028 488 hunc
1057 460 1200 498 poetam
1228 449 1229 478 ἶ

208 518 312 556 facit,
339 513 542 547 facundiam
564 511 670 544 etiam
690 510 763 542 alit.
817 508 1020 550 Finguntur
1042 504 1100 538 hie
1125 517 1202 538 cor-

209 569 283 603 dati
319 577 437 603 senes,
484 563 605 596 Davus
640 565 838 598 veterator,
882 557 1030 592 honesta
1068 569 1108 589 ac
1142 556 1200 600 pia

210 625 330 653 mente
356 615 537 661 praeditus
559 613 762 645 adolescens
781 608 1005 654 Pamphilus.
1066 607 1201 641 Verum

208 678 247 705 ut
265 665 444 711 Pamphili
462 665 642 708 ingenium
665 662 797 695 rectius
822 660 974 705 perspici
999 665 1137 704 posset,
1169 665 1203 691 et
1228 677 1229 689 l

208 729 247 756 ut
267 720 452 764 aliquanto
470 717 548 761 plus
565 715 602 747 in
625 714 744 748 fabula
772 714 896 746 turbae
924 718 1031 750 esset,
1065 711 1202 743 confer·
1228 722 1229 726 ¹

207 781 265 807 tur
282 783 359 804 cum
378 781 418 802 eo
431 766 620 806 Charinus,
647 763 828 809 Pamphili
847 762 1119 796 dissimillimus:
1150 761 1202 793 ni-
1228 798 1230 804 y

209 823 260 858 hil
276 822 501 855 moderatum
520 819 557 850 in
582 815 670 857 hoc,
700 814 791 849 nihil
819 814 975 851 consilii;
1012 819 1135 846 contra
1165 812 1202 844 in

210 876 271 908 illo
295 871 537 906 moderatiora
563 869 684 901 omnia
716 879 849 911 paene,
890 877 998 911 quam
1024 864 1081 896 vel
1106 869 1202 896 aetas
1228 885 1231 917 3

210 925 344 971 poscit,
372 923 428 955 vel
445 921 530 955 sinit
546 932 659 953 amor.
712 918 751 951 ln
780 917 904 962 primis
927 916 1105 949 mirantur
1131 915 1203 947 elo·
1228 919 1231 958 '1

210 975 392 1024 quentiam
419 979 544 1018 poetae
571 972 607 1003 in
631 967 812 1013 Pamphili
837 967 1009 1014 querelis,
1043 966 1080 998 in
1109 965 1203 999 senis
1229 968 1231 1018 ξ

209 1025 495 1063 narrationibus,
549 1020 870 1055 consultationibus
911 1025 945 1052 et
983 1017 1203 1060 obiurgatio·
1229 1020 1231 1028 ¹

209 1080 326 1113 nibus.
379 1076 434 1109 Ab
452 1073 505 1108 his
524 1073 693 1117 exemplis
709 1078 743 1105 et
761 1072 889 1110 verba,
925 1076 958 1103 et
981 1071 1111 1113 figuras
1136 1067 1204 1101 La·
1229 1063 1231 1106 l

210 1130 276 1164 tini
292 1126 487 1166 sermonis,
515 1131 549 1158 et
567 1124 708 1158 dicendi
727 1123 903 1156 rationem
926 1126 1128 1155 assuescant
1145 1132 1204 1164 pe-
1229 1122 1231 1161 l

210 1189 284 1215 tere
303 1180 563 1215 adolescentes,
588 1175 723 1209 felicius
739 1172 834 1207 haud
861 1172 967 1206 dubie
995 1170 1204 1205 collocaturi
1228 1164 1232 1196 ἶ

212 1244 379 1277 operam,
408 1242 514 1275 quam
532 1228 561 1261 si
589 1228 724 1261 interea
749 1226 846 1259 velut
871 1224 1042 1258 formicae
1062 1221 1204 1256 Indicae
1229 1214 1233 1286 ,

211 1297 338 1318 aurum
357 1279 610 1316 conveherent.

390 1381 617 1425 Prologus
652 1378 698 1411 in
726 1373 1026 1420 Andriamtss).

263 1460 409 1493 Vestrae
426 1457 597 1502 periclum
616 1454 764 1488 fecimus
783 1451 997 1497 patientiae,

267 1511 356 1545 Cum
373 1521 488 1553 nuper
505 1509 541 1540 in
557 1518 659 1541 scena
679 1503 903 1538 exhibuimus
925 1502 1076 1535 Militem
1089 1501 1155 1548 ¹⁵),

262 1562 483 1605 Animosque
500 1559 604 1592 nobis
622 1556 760 1590 addidit
778 1561 892 1588 vester
907 1554 1010 1586 favor
1023 1579 1032 1591 ,

267 1613 316 1646 Ut
331 1624 406 1645 non
424 1611 605 1655 patiamur
622 1620 764 1642 scenam
783 1605 1026 1639 consilescere.

267 1664 336 1698 Sed
354 1675 396 1696 ne
417 1662 564 1695 mirere:
595 1660 690 1704 Quid
708 1668 862 1702 pompae
881 1654 1104 1698 theologicae

267 1715 356 1749 Cum
376 1713 520 1747 comicis
535 1710 646 1744 iocis?
698 1709 821 1742 Merae
837 1713 920 1741 sunt
936 1706 1075 1739 fabulae
1086 1732 1094 1745 ,

269 1766 309 1800 In
327 1764 474 1810 pulpitis
492 1761 634 1809 quasffi)
653 1761 807 1804 agebant
824 1757 930 1791 hodie
949 1755 1126 1800 theologi,

270 1817 316 1850 Et
337 1813 562 1849 chirothecae
580 1820 614 1846 et
632 1811 756 1845 annuli
771 1817 853 1845 sunt
871 1809 1030 1848 fabulae,

267 1869 409 1904 Nomen
427 1865 590 1910 Magistri
606 1863 720 1897 nostri
738 1863 843 1906 plane
861 1860 1013 1894 fabulae.

269 1920 458 1953 Postremo
477 1917 536 1963 qui
555 1914 767 1960 condixit¹⁷)
787 1924 934 1958 operam
952 1909 1057 1944 buius
1076 1909 1210 1955 gregis,
1236 1921 1237 1934 ἢ

270 1969 476 2014 Theologus
494 1975 562 2007 est,
589 1978 725 2012 suoque
743 1964 843 1999 iussit
859 1963 1035 2001 fabulam,
1237 1998 1238 2004 ἵ

270 2022 451 2055 Prolixior
470 2027 509 2054 ut
524 2019 615 2053 risus
630 2020 742 2057 foret,
771 2015 991 2061 praescripto
1004 2013 1048 2059 18)
1064 2013 1119 2058 agi
1131 2039 1140 2052 ,
1237 2042 1239 2056 ι

272 2072 322 2106 Ut
338 2079 377 2106 ut
394 2072 628 2116 placebimus,
649 2067 821 2114 imputari
840 2066 916 2099 vult
935 2065 1013 2099 sibi.

271 2123 430 2157 Affertur
447 2121 514 2156 huc
534 2121 754 2155 Terentiana
772 2118 890 2152 fabula
902 2144 912 2157 ‚

1237 2101 1240 2114 l

261 2287 306 2312 14)
327 2285 377 2308 Hic
395 2283 468 2307 Prot.
488 2281 587 2312 legitur
606 2281 633 2304 iu
652 2279 778 2311 Prologis
798 2278 879 2308 aliq..
899 2277 962 2301 Mel.
983 2276 1050 2305 opp.
1069 2275 1151 2300 Basil.
1166 2275 1213 2306 V.‚

294 2319 443 2347 Gratlu1s.‚
476 2316 620 2341 vincent..
653 2315 733 2344 Coi-p.
760 2313 820 2337 nef.
848 2312 900 2339 X..
937 2313 963 2334 et
995 2311 1102 2333 Terent.
1129 2309 1212 2333 Editt.

293 2353 370 2377 15⁴0.
386 2353 431 2379 B.,
456 2351 543 2378 ¹543„
565 2350 656 2378 1518„
678 2349 751 2372 1551.

260 2395 305 2427 ¹5)
327 2395 390 2420 scil.
412 2393 526 2418 Militem
547 2392 715 2423 gloriosum,
741 2390 831 2414 Plauti
852 2389 1026 2413 comoediam.
1238 2402 1242 2430 ι

260 2442 306 2466 16)
326 2439 409 2468 quas]
427 2437 466 2460 sic
484 2435 596 2466 Prologi
615 2434 736 2464 aliquot,
756 2434 817 2456 Mel.
833 2434 900 2462 Opp.
917 2431 1000 2455 Bas-il.
1015 2431 1067 2461 V.‚
1087 2430 1213 2453 Grattius.
1239 2436 1241 2446 ¹

296 2476 322 2496 et
341 2474 450 2496 Terent.
472 2471 554 2494 Editt.
573 2470 645 2493 1540.
661 2469 707 2497 13.,
730 2468 823 2496 151³,
844 2468 936 2492 1548..
960 2466 1053 2492 1551,;
1086 2464 1213 2488 Vincent.

293 2510 320 2530 et
341 2507 420 2536 Corp.
440 2505 501 2530 Res.
521 2505 575 2530 X.:
596 2504 634 2528 ut.

264 2550 309 2581 17)
329 2549 464 2576 condixit]
489 2548 529 2571 sic
548 2548 610 2570 Mel.
632 2546 700 2575 opp,
721 2544 804 2568 Basil.
822 2544 874 2570 V..
908 2543 1037 2567 Grauius.
1057 2543 1083 2565 et
1103 2542 1213 2566 Terent.

297 2584 380 2608 Editt.
396 2584 470 2606 1540.
491 2584 535 2608 11..
557 2581 650 2609 1543.,
672 2580 763 2605 1548.,
785 2578 876 2607 1551.;
911 2577 1022 2607 Prolog.
1042 2577 1122 2606 aliq.‚
1143 2576 1214 2599 Vin-

299 2619 368 2641 cent.
389 2619 415 2640 et
437 2618 517 2647 t'orp.
537 2617 597 2640 Res.
617 2616 668 2638 X.:
694 2613 833 2637 conduxit.

264 2662 309 2687 18)
330 2659 514 2690 praescripto!
550 2658 591 2681 sic
617 2656 726 2687 Prolog.
758 2656 840 2685 aliq.‚
881 2654 943 2677 Mel.
971 2653 1039 2682 0111».
1065 2651 1147 2675 Basil.
1168 2650 1214 2680 V.,

297 2695 426 2718 Grattius.
437 2711 444 2723 ,
469 2694 611 2723 Vincent.,
632 2692 713 2720 Corp.
726 2690 785 2714 nef.
796 2690 848 2719 X.;
866 2690 974 2713 Terent.
991 2686 1159 2710 militen-510.
1175 2686 1214 2714 B..

299 2729 389 2758 1543„
414 2728 503 2754 1548..
525 2727 600 2751 1551.
623 2726 802 2756 praesen-ime.

1089 113 1290 147 SCRIPTA

1327 111 1662 146 PHILOLOGICA.
2175 108 2249 143 700

1317 197 1382 231 Cui
1400 204 1505 231 autor
1521 198 1595 241 ipse
1614 209 1745 230 nomen
1758 196 1803 243 19)
1823 197 1905 229 fecit
1918 196 2106 230 Andriam.

1310 249 1460 286 Favete;
1487 249 1598 281 bellus
1617 248 1652 281 in
1669 248 1826 281 medium
1835 246 1882 294 2⁰)
1900 248 2019 292 prodit
2036 260 2153 281 senex.

1228 364 1229 381 ζ
1257 332 1388 366 Alius
1412 331 1643 375 Prologus
1671 331 1715 363 in
1734 330 1950 363 Andriam
1980 330 2248 376 eiusdemffl).

1314 399 1395 440 Dii,
1424 405 1602 444 quotquot
1621 399 1702 432 estis
1723 404 1961 443 spectatores,
1982 410 2046 432 vos
2063 405 2203 439 ament,

1308 450 1355 484 Et
1372 452 1476 490 dent,
1504 463 1595 496 quae
1616 450 1741 489 vultis,
1770 462 1932 495 quaeque
1950 450 2038 482 velle
2056 462 2120 483 vos
2138 450 2250 484 decet.

1310 501 1536 536 Conductum
1567 501 1672 535 venio
1705 513 1808 534 aures
1831 507 1965 535 vestras
1977 527 1986 541 ,
2028 501 2186 545 linguam
2215 506 2251 534 et

1673 553 1795 586 oculos
1806 578 1815 592 ,

1308 603 1422 637 Aures
1440 603 1605 649 oculique
1621 609 1660 637 nt
1677 609 1844 648 pateant,
1871 609 1911 636 ut
1927 603 2045 647 lingua
2062 609 2190 637 taceat.

1309 655 1380 700 Qui
1400 655 1554 689 immites
1570 661 1652 689 sunt
1673 661 1707 688 et
1724 654 1839 699 asperi
1857 660 1891 687 et
1908 654 2169 695 intractabiles,

1309 707 1387 739 Hoc
1404 707 1537 740 fructus
1553 707 1719 751 capiunt,
1748 718 1854 739 nemo
1873 705 1957 749 ipsis
1974 706 2076 738 oneri
2092 712 2133 739 ut
2145 706 2222 739 siet.

1309 758 1401 793 Nam
1423 771 1514 803 quos
1534 758 1741 797 admittunt,
1765 758 1944 797 reiiciunt,
1961 758 1991 790 si
2006 769 2079 790 non
2098 757 2249 801 placent.

1309 809 1381 854 Qui
1398 810 1578 842 commodi
1599 815 1701 848 sunt,
1730 809 1808 853 plus
1827 807 1961 841 habeut
1977 807 2230 854 molestiaeffl).

1308 860 1400 894 Nam
1422 873 1546 894 omnes
1565 861 1776 899 admittunt,
1801 860 2054 905 neminemque
2071 859 2252 900 reiiciunt,

1309 910 1360 944 Ita
1378 911 1559 945 abutimur
1575 924 1671 945 nunc
1688 918 1802 945 vestra
1818 911 2067 944 benevolentia
2080 938 2089 951 ,

1313 962 1407 1008 Quia
1429 975 1545 1008 nuper
1559 961 1706 1007 pulchre
1723 963 1812 996 iuvit
1829 975 1894 996 nos
1912 969 2026 996 vester
2042 963 2157 1002 favor,

1310 1014 1465 1059 Quando
1484 1015 1656 1059 optimam
1675 1015 1856 1059 spectastis
1875 1020 2018 1057 agentes
2033 1013 2213 1051 fabulam,

1308 1065 1367 1099 Sic
1382 1072 1422 1099 ut
1439 1066 1579 1100 animus
1597 1072 1673 1099 tum
1691 1067 1873 1099 accederet
1890 1065 2151 1109 impudentiam

1309 1116 1377 1151 Sed
1395 1116 1527 1161 inepti,
1555 1117 1786 1151 vendicamus
1803 1117 1864 1162 qui
1883 1114 1951 1150 hoc
1968 1116 2090 1157 nobis,
2116 1127 2249 1150 sumus.

1309 1168 1401 1203 Nam
1423 1166 1520 1202 haud
1538 1169 1689 1209 actioni,
1715 1169 1776 1203 sed
1794 1174 1921 1213 poetae
1942 1174 1992 1202 est
2009 1166 2077 1201 hoc
2095 1169 2233 1207 datum,

1311 1219 1383 1265 Qui
1405 1220 1454 1253 sic
1469 1227 1615 1265 superat
1631 1227 1776 1254 cunctos
1788 1247 1797 1261 ‚
1825 1226 1865 1254 ut
1880 1220 2060 1253 neminem
2077 1217 2208 1252 habeat

1310 1271 1513 1305 Secundum
1526 1299 1535 1312 ,
1561 1278 1661 1305 tanto
1680 1272 1707 1306 is
1726 1271 1869 1305 comicis
1887 1278 1938 1305 est
1956 1283 2041 1316 prae
2059 1270 2238 1304 omnibus.

1311 1322 1436 1368 Neque
1466 1323 1658 1369 quicquam
1683 1336 1747 1368 ego
1773 1324 1873 1356 illum
1899 1335 1993 1356 nunc
2016 1334 2141 1356 moror
2167 1320 2253 1354 Vol-

1676 1375 1806 1408 catium
1820 1401 1829 1414 ‚

1310 1425 1482 1470 Quisquis
1499 1425 1528 1459 is
1542 1431 1606 1465 est,
1633 1426 1695 1471 qui
1711 1427 1815 1469 longe
1832 1431 1912 1469 post
1928 1424 2017 1458 alios
2033 1421 2128 1457 hunc
2145 1423 2253 1462 locat,

1316 1476 1365 1509 Ut
1383 1477 1442 1509 vix
1458 1477 1495 1508 in
1511 1483 1608 1510 sexto
1625 1477 1733 1509 faciat
1750 1476 1908 1521 reliquos
1924 1474 2106 1520 consequi.

1312 1526 1361 1560 Ut
1378 1525 1542 1567 habetur,
1565 1528 1614 1562 sic
1631 1540 1774 1573 quoqne
1790 1528 1926 1572 primus
1943 1533 1993 1560 est
2011 1525 2254 1565 meritissimo,

1316 1578 1424 1622 Quod
1442 1591 1505 1612 vos
1523 1585 1557 1612 et
1574 1580 1668 1613 scitis
1680 1606 1690 1619 ,
1718 1585 1752 1612 et
1769 1585 1873 1612 testes
1889 1577 1970 1611 estis
1985 1575 2094 1617 mihi,

1313 1628 1520 1663 Praesentia
1540 1631 1600 1676 qui
1617 1636 1731 1664 vestra
1753 1630 1888 1663 ornatis
1904 1635 1975 1663 tam
1987 1627 2036 1676 423)
2052 1628 2166 1661 malos

1316 1679 1465 1715 Actores
1482 1688 1553 1714 tam
1571 1683 1776 1727 frequente,
1802 1688 1877 1715 tum
1899 1692 2042 1726 quoque
2058 1679 2195 1713 fabulas

1313 1731 1428 1766 Huius
1444 1733 1563 1776 pueris
1582 1733 1802 1778 proponitis,
1833 1738 1868 1766 et
1883 1732 2007 1766 sedulo

1313 1782 1500 1818 Inculcatis
1521 1785 1645 1818 vestris
1664 1785 1799 1829 lepidas
1816 1791 1850 1818 et
1865 1784 1977 1817 bonas
1989 1809 1998 1823 ‚

1317 1835 1422 1877 Unde
1440 1833 1531 1869 nihil
1546 1836 1694 1881 periculi
1711 1837 1818 1870 instat
1834 1833 2113 1873 sanctimoniae,

1314 1886 1388 1920 Nec
1404 1894 1504 1927 sunt,
1533 1888 1595 1933 qui
1608 1900 1725 1922 mores
1742 1892 1994 1930 corrumpant,
2019 1885 2129 1923 sales,

1315 1937 1388 1972 Nec
1405 1945 1455 1972 est
1472 1939 1627 1979 delectu,
1656 1940 1752 1972 velut
1766 1938 1802 1971 in
1819 1936 2014 1976 Plautinis,
2044 1946 2133 1980 opus
2145 1959 2154 1971 ‚

1316 1989 1382 2022 Hie
1397 2002 1521 2024 omnes
1539 1990 1710 2036 castaem)
1727 1996 1827 2029 sunt,
1853 2000 1977 2022 omnes
1994 1986 2118 2025 utiles,

1315 2040 1440 2075 Sermo
1460 2048 1645 2081 venustus,
1673 2042 1833 2084 elegans,
1858 2051 1988 2084 purus,
2016 2036 2156 2082 gravis,

1316 2092 1366 2126 Ut
1378 2105 1571 2138 puerorum
1589 2094 1688 2126 decet
1706 2092 1836 2136 pabula
1856 2103 1928 2125 esse
1943 2089 2138 2136 primulum
2149 2114 2158 2127 ‚

1303 2219 1349 2245 19)
1368 2217 1449 2241 autor
1468 2216 1527 2246 ipse
1547 2217 1660 2244 nomen]
1680 2214 1720 2238 sic
1734 2215 1844 2245 prolog.
1859 2214 1932 2245 aliq.,
1952 2213 2014 2236 Mel.
2031 2211 2099 2241 opp.
2115 2208 2255 2239 Basil.V.,

1337 2252 1478 2278 Grattius..
1499 2250 1836 2279 Tere11t.Editt.1540.fl.,
1858 2248 1944 2278 ¹54³„
1967 2246 2052 2278 1548„
2073 2245 2165 2274 1551.;
2183 2243 2257 2267 Vin-

1335 2288 1405 2310 cent.
1425 2287 1452 2308 et
1472 2286 1552 2314 corp.
1573 2285 1632 2309 Res.
1653 2285 1704 2309 X.:
1730 2290 1827 2307 nomen
1846 2285 1927 2307 autor
1947 2282 2015 2311 ipse.

1301 2338 1351 2366 20)
1370 2337 1500 2364 medium]
1521 2337 1602 2361 Editt.
1621 2336 1712 2366 1523„
1734 2336 1807 2359 1548.
1820 2352 1826 2361 .
1848 2335 1923 2358 155¹.
1943 2333 2030 2356 male:
2059 2330 2199 2355 medicum.

1302 2390 1350 2418 21)
1371 2387 1514 2420 eiusdem]
1537 2388 1577 2411 sic
1592 2389 1654 2413 Mel.
1670 2389 1739 2417 opp.
1755 2386 1898 2413 Basil.V.,
1918 2385 2028 2409 Terent.
2037 2383 2120 2407 Editt.
2131 2381 2204 2406 1540.
2214 2381 2254 2411 B.‚

1338 2424 1429 2453 15⁸³,
1449 2425 1541 2451 1548.,
1562 2425 1655 2450 1551.;
1686 2423 1712 2445 in
1736 2421 1846 2451 Protog.
1865 2420 1928 2450 aliq.
1954 2420 2014 2442 loco
2039 2417 2166 2442 eiusdem
2183 2415 2255 2447 legi-

1336 2461 1397 2482 tur:
1424 2458 1607 2485 (annaei-arim
1632 2458 1702 2487 apud
1717 2457 1847 2480 Gratnus.
1867 2456 1965 2478 neutra
1984 2458 2036 2476 vox
2056 2452 2165 2481 exstat;
2182 2449 2255 2480 apud

1340 2493 1466 2516 vincent.
1487 2494 1513 2516 et
1533 2493 1558 2516 in
1579 2492 1661 2522 Corp.
1682 2491 1743 2515 nef.
1764 2491 1798 2514 X.
1818 2490 1859 2513 hic
1877 2488 2015 2518 Prologus
2034 2492 2088 2510 non
2107 2485 2254 2515 reperitur.

1303 2544 1350 2571 22)
1372 2542 1529 2570 molestiae]
1551 2543 1598 2565 Ed.
1617 2542 1690 2566 1540.
1709 2542 1736 2565 n.
1756 2541 1841 2564 maie:
1867 2537 2030 2562 molestitae.

1301 2595 1349 2622 2³)
1369 2595 1438 2622 tarn]
1459 2594 1500 2618 sic
1518 2588 1629 2624 Pr‘otogi
1649 2593 1732 2622 amq„
1758 2591 1820 2616 Mel.
1841 2591 1908 2619 om».
1931 2588 2014 2612 nasu.
2030 2587 2081 2616 v..
2107 2586 2254 2615 cratinus.;

1337 2629 1419 2653 imm.
1443 2629 1516 2652 1540.
1536 2630 1580 2658 3.,
1606 2628 1695 2657 ι543,,
1719 2627 1809 2655 ¹548.,
1831 2625 1906 2649 1551.
1925 2625 1990 2648 tum.

1300 2680 1348 2711 24)
1368 2682 1477 2709 castae]
1496 2680 1537 2703 sit:
1551 2679 1662 2708 Prologi
1676 2673 1757 2708 alim:
1776 2678 1839 2701 Mel.
1855 2677 1921 2705 ΟΜ).
1938 2674 2022 2699 Basil.
2034 2673 2085 2704 V.,
2104 2672 2253 2699 arathus.;

1336 2715 1419 2740 mitt.
1436 2715 1508 2738 15⁴0.
1529 2715 1576 2744 IL,
1597 2714 1663 2737 1543
1679 2731 1686 2745 ,
1709 2712 1799 2743 1548..
1819 2711 1893 2735 ¹551.
1913 2710 2011 2734 iustae.
