2421 3005
103 89 178 127 229
531 79 703 117 Lxxxn.

103 175 298 214 exercitus,
336 185 401 206 nec
427 177 555 205 ventus
590 171 628 202 in
653 167 804 212 angulos
836 165 947 199 maris
971 165 1107 198 auferet

104 241 185 263 cum
196 225 406 273 promiscua
429 224 562 269 glarea.

201 286 316 321 Lucet
333 285 442 319 facies
467 282 597 330 hymni
621 280 660 314 in
683 286 790 326 patre
822 285 907 319 tuo,
947 273 1107 321 Thrasy-

97 340 205 381 bule,
232 345 267 373 et
284 336 470 372 nuntiabit
503 333 696 369 victoriam
724 342 956 366 communem
983 328 1106 374 generi

95 398 228 426 vestro.
248 402 251 403 ⁷
290 390 381 435 (Str.
399 388 452 436 3.)
481 388 540 423 Tu
561 398 648 421 vero
667 392 792 420 tenens
816 383 936 429 ipsum
964 387 1106 426 patrem

97 444 222 478 dextra
235 470 245 484 ,
272 449 410 476 rectam
429 440 719 474 admonitionem
735 437 867 477 refers,
895 446 1006 482 quam
1024 431 1107 467 Chi-

758 74 1163 115 INTERPRETATIO
1200 73 1498 111 PYTHIORU'M
1531 73 1744 110 PlNDARI.

1134 263 1135 267 ¹
1162 265 1312 302 honesta
1330 269 1437 303 facta.

98 508 168 530 ron
195 494 345 529 tradidit
371 491 522 527 Achilli:
564 492 745 538 primum,
781 495 823 524 ut
845 487 963 522 Deum
995 486 1106 524 colat;

96 548 248 588 deinde,
275 553 315 580 ut
330 558 407 580 non
424 546 544 591 privet
559 543 701 579 honore
718 547 912 588 parentum
930 539 1056 573 vitam.

200 605 362 654 (struat.)
398 606 457 640 Sic
486 613 521 639 et
554 606 642 639 olim
671 614 866 649 generosus
893 596 1107 633 Antilochus

93 659 189 694 hanc
214 665 375 693 mentem
402 656 561 698 habens,
595 669 663 703 pro
689 662 793 700 patre
819 653 972 688 Nestore
996 651 1107 684 inter-

93 713 205 747 fectus
222 718 294 753 est,
323 711 503 745 sustinens
519 709 770 743 Memnonem.
824 704 988 741 Nestoris
1009 704 1106 737 enim

95 776 243 798 currum
277 776 390 810 equus
418 762 662 807 impediebat,
702 772 723 793 a
748 758 881 793 Paride
911 755 1105 792 sauciatus.

93 816 273 850 Memnon
291 822 412 849 autem
433 815 593 848 validam
611 810 755 846 hastam
774 817 902 845 contra
913 809 1105 844 Nestorem

93 868 273 902 mittebat.

328 867 513 901 Turbatus
538 866 650 911 igitur
664 864 817 904 Nestor,
847 875 954 908 opem
976 860 1107 905 implo-
1134 891 1135 896 ,

93 920 191 954 ravit
207 932 227 953 a
246 919 340 958 fili0;
386 918 479 964 (Str.
496 916 549 963 5.)
577 930 644 951 nec
662 916 793 950 avertit
814 928 898 950 eum
923 913 1105 958 trepidum
1134 923 1135 926 ’

93 973 230 1006 dictum
241 971 368 1017 patris,
385 972 446 1005 sed
464 970 599 1004 mansit
616 969 760 1003 divinus
775 968 843 1010 vir,
861 973 896 1001 et
911 978 974 1000 sua
990 971 1107 998 morte

92 1024 208 1070 patris
226 1023 339 1057 vitam
358 1023 456 1058 emit.

92 1077 217 1111 fecisse
233 1088 324 1121 opus
341 1076 552 1109 mirandum
568 1074 723 1120 posteris
734 1101 743 1114 ,
771 1079 806 1106 et
822 1083 985 1106 summus
1001 1069 1107 1103 fuisse

95 1128 230 1163 virtute
259 1139 342 1173 erga
370 1134 552 1173 parentes.

96 1181 145 1215 At
165 1186 293 1214 nostro
318 1186 484 1225 tempore
508 1176 762 1223 Thrasybulus
791 1175 947 1210 maxime
973 1173 1110 1207 accedit

95 1233 142 1266 ad
165 1239 359 1277 paternam
386 1231 569 1276 regulam:
614 1230 704 1274 (Str.
722 1229 775 1275 6.)
808 1235 843 1261 et
866 1227 1038 1260 accedens
1064 1225 1109 1272 ad

95 1290 289 1330 patruum,
324 1283 357 1317 ei
377 1283 555 1317 laetitiam
579 1282 695 1316 affert.
758 1279 882 1313 Mente
905 1278 1000 1323 regit
1020 1277 1110 1311 divi-

96 1336 185 1377 tias,
225 1347 303 1369 non
337 1335 510 1369 iniustam
544 1346 610 1367 nec
648 1333 843 1378 superbam
881 1337 1037 1364 aetatem
1063 1328 1109 1376 14)

97 1399 225 1432 agens;
254 1386 471 1432 sapientiam
488 1398 575 1419 vero
592 1385 632 1418 in
643 1385 834 1419 Musarum
854 1382 993 1428 angulis
1011 1393 1109 1425 exer-

88 1451 191 1475 -cens.
253 1439 307 1473 Te
332 1451 443 1480 vero,
478 1438 669 1483 Neptune,
711 1437 773 1483 qui
796 1442 979 1483 equestres
1005 1435 1109 1468 ludos

96 1492 282 1537 reperisti,
309 1503 441 1536 magno
462 1491 581 1526 studio
604 1490 744 1524 colens:
777 1495 812 1523 et
837 1488 950 1522 dulcis
967 1486 1109 1521 animus

97 1544 192 1578 inter
218 1544 388 1578 convivas
414 1550 465 1577 est
486 1542 586 1576 melli
611 1541 749 1576 similis.

485 1651 577 1693 Ode
611 1649 712 1691 VII.

363 1735 461 1777 Moy
473 1735 562 1767 acti
591 1735 764 1767 Athenaeo
784 1732 844 1777 ¹⁵).

202 1819 314 1867 (Str.)
358 1817 653 1853 Pulelierrimum
703 1818 907 1864 praemium
955 1813 1110 1847 celebres

98 1869 265 1906 Athenae
297 1872 476 1917 praebent
504 1871 628 1916 generi
651 1871 999 1905 Alcmaeonidarum
1019 1892 1027 1905 ‚
1072 1872 1111 1899 1st

99 1925 183 1958 inde
213 1924 493 1958 fundamentum
524 1924 678 1957 iaciatur
707 1921 852 1969 hymnis
882 1923 926 1955 de
958 1917 1110 1950 Victoria

100 1976 270 2023 equestri.
337 1976 457 2022 Quam
482 1976 579 2010 enim
604 1975 782 2020 patriam,
820 1987 928 2021 quam
961 1970 1110 2002 domum

101 2029 293 2063 clariorem
312 2028 462 2062 audiens
480 2028 517 2061 in
534 2027 687 2062 Graecia
703 2027 895 2060 nominare
912 2020 1066 2071 potero?

605 1126 653 1159 H,
732 1125 752 1143 ·,
979 1122 986 1128 ·
1022 1134 1029 1140 ,
1134 1100 1245 1144 g'Non
1264 1100 1356 1133 Cilix
1375 1095 1508 1142 Tvpho
1526 1098 1651 1142 effugit
1666 1110 1835 1142 poenam.

643 1138 704 1159 aec
730 1137 803 1157 iam
829 1127 1108 1169 praeterierunt.
1134 1150 1136 1155 .
1410 1137 1419 1144 ·
1450 1150 1457 1156 ,

1135 1173 1136 1176 =
1163 1159 1238 1186 tum
1263 1164 1327 1185 rex
1352 1151 1475 1194 effugit
1499 1162 1590 1184 eam.

2090 78 2165 114 230

1265 163 1415 198 Gaudeo
1440 162 1607 209 equIdem
1632 169 1783 208 propter
1807 170 1989 197 recentem
2016 164 2164 199 felicita-

1163 223 1253 254 tem;
1289 217 1348 250 sed
1377 215 1485 250 etiam
1517 214 1644 256 doleo,
1687 216 1785 262 quod
1816 216 1952 249 invidia
1983 223 2165 261 permutat

1490 267 1561 301 Sed
1579 267 1704 301 dicunt
1721 267 1798 301 viro
1817 268 1854 301 in
1871 268 2022 303 florente
2040 275 2072 303 et
2096 275 2164 304 sta-

1161 320 1407 363 bilisortuna,
1437 318 1525 354 haec
1544 326 1579 354 et
1594 319 1653 353 illa
1675 320 1823 354 ferenda
1842 333 1927 356 esse.

1542 421 1636 463 Ode
1667 422 1790 464 VIII.

1311 501 1342 531 A
1354 511 1372 530 r
1384 501 1439 530 lsi
1452 510 1467 529 so
1478 509 1536 529 me
1548 509 1566 529 η
1581 499 1591 529 ἱ
1631 498 1815 539 Aeye‘nesae
1851 498 2021 530 luctatori.

1265 578 1356 621 (Str.
1367 577 1418 621 l.)
1434 576 1467 608 O
1486 575 1599 609 dulcis
1615 574 1893 620 Tranquillitas,
1909 575 2016 609 urbes
2030 587 2167 619 magm—

1162 629 1288 670 ficans,
1316 629 1388 662 filia
1406 626 1580 667 Iustitiae,
1607 633 1732 661 tenens
1751 627 1866 662 claves
1884 627 2119 661 consiliorum
2136 634 2168 661 et

1161 682 1362 721 bellorum,
1406 679 1526 724 accipe
1567 677 1665 713 hunc
1701 677 1880 713 honorem
1917 679 2167 715 Aristomenis.

1161 734 1221 768 Tu
1241 734 1308 769 scis
1335 739 1370 766 et
1394 732 1624 773 benefacere,
1662 738 1696 765 et
1725 732 1906 767 beneficiis
1936 732 2009 766 frui
2034 739 2167 778 tempe-

1162 787 1263 821 stive.
1324 785 1425 831 (Ant.
1447 783 1497 830 1.)
1527 783 1606 824 TU,
1643 784 1784 830 quoties
1809 785 1940 831 aliquis
1965 785 2057 818 iram
2085 797 2167 819 con-

1162 840 1273 884 cepit,
1302 849 1429 882 aspera
1446 836 1633 876 minitans,
1661 836 1833 877 occurris,
1863 844 1897 871 et
1914 837 2084 871 iniuriam
2104 851 2168 884 po—

1161 891 1217 925 nis
1244 891 1283 923 in
1307 889 1499 924 sentinam.
1554 888 1607 921 Te
1636 900 1754 934 neque
1771 887 1979 935 Porphyrio
2008 892 2167 935 agnovit,

1163 943 1308 977 irritans
1324 941 1446 991 Iovem
1464 947 1608 986 praeter
1622 941 1786 976 modum.
1829 940 1923 976 Illud
1933 943 2073 977 lucrum
2091 950 2168 977 tan-

511 1022 619 1056 Visus
643 1028 696 1056 est
715 1021 826 1054 istitur
849 1020 945 1053 inter
969 1024 1107 1051 veteres
1132 1007 1135 1035 ἶ
1161 1003 1237 1030 turn
1256 1002 1400 1041 gratum
1418 1000 1490 1038 est,
1512 994 1610 1039 quod
1628 993 1758 1039 aliquis
1777 994 1906 1040 accipit
1924 1007 1943 1028 a
1962 996 2117 1031 volente.

730 1048 748 1066 D

1268 1049 1348 1093 (Ep.
1375 1047 1424 1093 1.)
1460 1044 1596 1079 Iniuria
1627 1047 1773 1079 tandem
1805 1047 1934 1081 evertit
1961 1049 2166 1093 superbum.

1890 1098 2017 1145 Neque
2033 1100 2168 1145 Gigan-

1658 1149 1799 1183 Domiti
1837 1157 1921 1184 sunt
1949 1159 2070 1186 autem
2102 1153 2168 1186 ful·

1163 1204 1281 1244 mine,
1319 1209 1353 1236 et
1388 1203 1466 1236 telis
1498 1201 1698 1246 Apollinis,
1749 1203 1811 1248 qui
1842 1202 1975 1247 Apollo
2011 1204 2168 1249 benigna

1164 1263 1284 1290 mente
1300 1255 1338 1288 in
1357 1252 1487 1288 Cirrha
1510 1261 1725 1287 coronatum
1743 1255 1880 1300 excepit
1898 1256 2011 1290 fiHum
2034 1258 2168 1290 Xenar-

1165 1309 1213 1343 cis
1229 1307 1276 1355 16)
1290 1335 1299 1349 ,
1327 1308 1366 1340 in
1382 1305 1494 1341 herba
1513 1307 1726 1348 Parnassia,
1756 1313 1790 1340 et
1807 1307 1966 1341 carmine
1987 1307 2133 1343 Dorico.

1268 1361 1360 1407 (Str.
1377 1359 1432 1405 2.)
1468 1358 1564 1393 Iusta
1594 1358 1719 1394 civitas
1744 1358 1882 1394 insulae
1908 1360 2068 1405 Aeginae
2094 1373 2168 1395 non

1136 1443 1137 1446 ,
1165 1412 1295 1446 excidit
1311 1426 1329 1445 a
1349 1411 1505 1452 Gratiis,
1533 1417 1683 1456 tangens
1708 1423 1766 1446 eas
1786 1413 1980 1447 xii-tutibus
1996 1413 2170 1447 Aeacida-

1163 1478 1257 1499 rum.
1318 1464 1521 1498 Perfectam
1548 1464 1643 1497 enim
1670 1464 1823 1508 gloriam
1851 1462 1960 1499 habet
1985 1466 2029 1499 ab
2055 1466 2171 1501 initio.

1135 1533 1137 1565 j
1164 1516 1289 1551 Multis
1316 1516 1414 1549 enim
1442 1516 1620 1550 celebrata
1647 1523 1699 1550 est
1722 1517 1903 1558 victoriis,
1948 1525 1983 1552 et
2007 1518 2171 1553 educavit

1164 1570 1298 1603 multos
1341 1568 1498 1607 Heroas,
1551 1568 1613 1614 qui
1657 1569 1901 1604 excelluerunt
1942 1570 1978 1603 in
2023 1572 2169 1616 pugnis:

1136 1657 1138 1669 =.
1164 1621 1266 1667 (Ani.
1285 1621 1338 1668 2.)
1369 1622 1468 1667 quod
1493 1621 1587 1654 inter
1620 1621 1718 1655 viros
1745 1623 1945 1657 maximum
1972 1624 2079 1658 decus
2110 1630 2169 1658 est.

1136 1672 1137 1690 ³
1164 1673 1234 1706 Sed
1259 1685 1336 1706 non
1362 1680 1465 1707 vacat
1490 1672 1563 1706 iam
1588 1673 1740 1707 recitare
1777 1681 1891 1708 totam
1922 1675 2170 1709 laudationem

1164 1726 1342 1770 Aeginae,
1380 1726 1458 1771 lyra
1483 1731 1517 1758 et
1541 1731 1668 1766 cantu,
1696 1738 1740 1759 ne
1765 1728 1909 1762 satietas
1938 1729 2087 1763 molesta
2116 1728 2169 1762 sit.

1136 1809 1138 1811 ,
1165 1778 1274 1823 Quod
1292 1790 1377 1811 vero
1396 1784 1478 1811 ante
1495 1778 1604 1822 pedes
1628 1778 1759 1819 currit,
1789 1786 1857 1813 eat.

204 2080 324 2128 (Ant.)
350 2079 392 2114 In
409 2080 578 2115 omnibus
595 2080 746 2114 urbibus
765 2092 883 2114 sermo
903 2081 955 2113 est
969 2074 1012 2107 de
1024 2072 1112 2111 Ere·
1138 2100 1139 2106 η

101 2129 223 2166 ch'thei
241 2133 398 2173 ciu'bus,
424 2133 486 2178 qui
506 2139 541 2166 et
563 2132 738 2177 templum
756 2130 929 2178 Pythium
947 2126 1112 2171 Apollini

101 2196 227 2219 rursus
243 2184 506 2219 instaurarunt.
549 2182 721 2218 Trahunt
737 2191 857 2218 autem
875 2196 932 2217 me
951 2178 1111 2229 quinque
1137 2203 1139 2207 ν

102 2236 276 2270 victoriae
288 2234 471 2277 Isthmiae,
485 2249 556 2270 una
569 2237 743 2271 excellens
752 2236 958 2282 Olympiae,
976 2243 1009 2270 et
1019 2236 1111 2270 duae
1137 2250 1139 2262 =

102 2285 256 2334 Pythiae
283 2286 383 2336 (Ep.)
402 2295 562 2329 vestrae,
591 2296 624 2322 et
645 2289 826 2323 maiorum
843 2296 1058 2324 vestrorum.

140 2433 188 2465 14)
208 2440 264 2458 non
278 2433 410 2458 iniustam
425 2439 476 2456 nec
490 2433 602 2463 superb.
619 2431 686 2464 aet]
718 2433 757 2456 sic
774 2433 824 2456 Ed.
845 2434 934 2457 1558:
955 2434 987 2457 Η.
1004 2434 1112 2463 >stepha

176 2468 294 2500 [neque]
321 2469 453 2492 iniustam
481 2474 568 2497 neque
595 2468 763 2491 insolentem
791 2469 979 2497 pubertatem;
1014 2469 1113 2499 neyne

175 2506 204 2528 et
223 2504 350 2528 Boeckh:
371 2509 421 2527 nec
441 2503 573 2526 iniustum
594 2509 645 2526 neo
664 2502 830 2526 insolentem
849 2503 978 2527 iuventae
999 2504 1111 2533 florem:

174 2538 224 2562 Ed.
241 2538 317 2563 1563.
337 2544 391 2561 non
413 2538 524 2575 instaur
540 2544 592 2561 nec
612 2538 758 2567 superbam
777 2539 907 2562 aetatem.
946 2537 1024 2561 Pind.
1051 2536 1112 2562 ιὶύι-
1138 2548 1139 2571 ;

177 2580 228 2596 κον
247 2569 308 2596 οὔθ’
327 2570 490 2604 &nequatur
510 2569 588 2603 ἥβαν.

145 2623 192 2655 15)
209 2624 370 2656 Meyaclz·
384 2624 561 2653 Athenaeo]
576 2624 617 2647 sic
632 2625 699 2648 haec
715 2624 773 2648 Ode
789 2623 816 2647 in
833 2625 915 2649 Editt.
931 2626 1017 2655 1553„
1034 2626 1112 2650 1563.

181 2661 224 2683 cst
243 2659 395 2690 inscriptnj.
426 2660 454 2683 in
477 2660 603 2684 omnibus
628 2666 695 2683 vero
721 2659 833 2683 Pindari
859 2660 960 2692 Euan,
989 2666 1058 2691 quas
1085 2661 1113 2684 iu
1138 2661 1140 2694 ζ

178 2694 304 2717 manibus
325 2695 421 2725 teneo,
442 2695 484 2718 his
505 2694 661 2719 nominibus
681 2694 775 2718 addita
801 2696 843 2718 est
864 2701 934 2719 vox:
955 2697 1111 2729 τεθρίππῳ,
1138 2710 1141 2725 η,

179 2730 341 2761 quadrigis.

1269 1829 1372 1864 Tuae
1391 1843 1467 1871 res,
1502 1830 1769 1870 Aristomenes,
1799 1832 1892 1865 circa
1913 1845 2031 1865 meam
2056 1840 2171 1867 artem

1164 1882 1430 1916 recentissimae
1456 1882 1592 1915 volant.
1646 1881 1727 1927 (Ep.
1746 1882 1799 1927 2.)
1826 1882 1976 1918 Imitans
2002 1885 2097 1918 enim
2119 1886 2172 1920 lu-

1165 1935 1297 1967 ctando
1325 1935 1542 1974 avunculos,
1577 1946 1653 1967 non
1682 1935 1883 1978 pudefacis;
1920 1948 2027 1981 auges
2049 1944 2170 1971 autem

1165 1986 1317 2029 gloriam
1334 1986 1491 2020 familiae
1508 1986 1784 2032 Midylidarum,
1813 1993 1847 2021 et
1865 2000 2069 2022 sermonem
2089 1990 2170 2031 fers,

1166 2050 1273 2083 quem
1298 2038 1387 2071 dixit
1403 2036 1645 2083 Amphiaraus
1669 2040 1764 2083 apud
1782 2037 1926 2074 Thebas
1953 2042 1998 2074 ad
2022 2054 2170 2075 manen—

1165 2096 1216 2124 tes
1242 2090 1279 2122 iu
1301 2090 1441 2134 proelio
1468 2092 1512 2123 de
1535 2091 1709 2135 posteris,
1759 2090 1849 2138 (Str.
1875 2092 1928 2139 3.)
1958 2093 2019 2139 qui
2048 2106 2169 2127 secun-

1165 2143 1247 2175 dam
1274 2142 1540 2187 expeditionem
1570 2143 1732 2175 fecerunt
1757 2156 1798 2176 ex
1818 2143 1917 2188 Argo
1947 2146 1990 2178 ad
2016 2143 2169 2180 Thebas.

1165 2194 1222 2227 Sic
1240 2201 1358 2227 autem
1380 2194 1468 2228 dixit
1485 2195 1527 2227 de
1542 2194 1815 2229 dimicantibus:
1846 2196 2021 2231 Generosi
2039 2210 2170 2242 paren-

1166 2253 1243 2280 tum
1262 2247 1395 2287 animi,
1418 2252 1546 2279 natura
1566 2252 1600 2279 et
1620 2247 1657 2279 in
1672 2246 1753 2280 filiis
1773 2248 1960 2283 excellunt.

1269 2299 1384 2332 Video
1403 2298 1589 2344 perspicue
1605 2299 1862 2333 Alcmaeonem
1875 2327 1884 2340 ,
1917 2301 2113 2345 agitantem
2134 2303 2169 2333 in

1134 2361 1139 2389 ‘3
1165 2350 1264 2384 fulvo
1284 2351 1407 2396 clypeo
1427 2352 1620 2384 draconem
1640 2351 1677 2384 in
1695 2352 1810 2396 portis
1830 2352 1968 2386 Cadmi.
1998 2352 2098 2395 (Ant.
2117 2352 2169 2399 3.)

1167 2403 1235 2436 Sed
1254 2402 1430 2437 Adrastus
1468 2401 1574 2437 heros
1611 2404 1818 2438 debilitatus
1853 2404 1890 2437 in
1918 2404 2033 2449 priori
2062 2404 2168 2444 bello,

1167 2467 1262 2489 nunc
1291 2453 1398 2489 habet
1431 2455 1599 2489 nuntium
1628 2456 1788 2490 melioris
1820 2455 1971 2500 augurii.
2039 2456 2108 2488 Sed
2133 2455 2168 2489 in

1166 2520 1229 2542 sua
1254 2508 1389 2541 familia
1416 2508 1567 2553 accipiet
1597 2508 1818 2541 contrarium
1849 2508 1996 2541 malum.
2065 2507 2168 2542 Solus

1167 2560 1262 2593 enim
1289 2573 1329 2593 ex
1357 2557 1526 2593 Danaum
1554 2560 1710 2594 exercitu
1741 2560 1860 2604 legens
1889 2572 1966 2594 ossa
1993 2559 2167 2593 interfecti

1204 2696 1248 2726 16)
1271 2693 1423 2726 Xenarcis]
1440 2694 1481 2717 Sic
1493 2694 1541 2725 (Ξ
1555 2694 1631 2719 ΡῐηιῙ.
1645 2690 1820 2724 Ξ>ι’1ἷ;ικ-ίιίι’)
1842 2693 1888 2717 Ed.
1910 2693 1995 2723 1583„
2016 2694 2047 2717 H.
2065 2695 2146 2723 ,steph
2160 2710 2168 2724 3

1241 2732 1357 2761 Heyne,
1378 2730 1511 2757 Boeckh.;
1533 2730 1581 2753 Ed.
1603 2730 1677 2752 1555.
1700 2728 1847 2751 Xenacris.

1666 2763 1712 2797 15
1732 2761 1749 2774 ⁵³
