<?xml version="1.0" encoding="UTF-8"?>
<!DOCTYPE html PUBLIC "-//W3C//DTD XHTML 1.0 Transitional//EN"
    "http://www.w3.org/TR/xhtml1/DTD/xhtml1-transitional.dtd">
<html xmlns="http://www.w3.org/1999/xhtml" xml:lang="en" lang="en">
 <head>
  <title>
</title>
<meta http-equiv="Content-Type" content="text/html;charset=utf-8" />
  <meta name='ocr-system' content='tesseract 3.04.00' />
  <meta name='ocr-capabilities' content='ocr_page ocr_carea ocr_par ocr_line ocrx_word'/>
</head>
<body>
  <div class='ocr_page' id='page_1' title='image "./operaquaesupersu19melauoft_0310.png"; bbox 0 0 2341 2973; ppageno 0'>
   <div class='ocr_carea' id='block_1_1' title="bbox 191 106 267 142">
    <p class='ocr_par' dir='ltr' id='par_1_1' title="bbox 191 106 267 142">
     <span class='ocr_line' id='line_1_1' title="bbox 191 106 267 142; baseline 0 0"><span class='ocrx_word' id='word_1_1' title='bbox 191 106 267 142; x_wconf 84' lang='lat'><strong>595</strong></span> 
     </span>
    </p>
   </div>
   <div class='ocr_carea' id='block_1_2' title="bbox 767 102 1036 139">
    <p class='ocr_par' dir='ltr' id='par_1_2' title="bbox 767 102 1036 139">
     <span class='ocr_line' id='line_1_2' title="bbox 767 102 1036 139; baseline -0.015 0"><span class='ocrx_word' id='word_1_2' title='bbox 767 104 889 139; x_wconf 87' lang='lat' dir='ltr'><strong>PHlL.</strong></span> <span class='ocrx_word' id='word_1_3' title='bbox 924 102 1036 136; x_wconf 85' lang='lat' dir='ltr'><strong>MEL.</strong></span> 
     </span>
    </p>
   </div>
   <div class='ocr_carea' id='block_1_3' title="bbox 193 187 1228 1101">
    <p class='ocr_par' dir='ltr' id='par_1_3' title="bbox 193 187 1228 1101">
     <span class='ocr_line' id='line_1_3' title="bbox 296 187 1217 236; baseline -0.002 -13"><span class='ocrx_word' id='word_1_4' title='bbox 296 192 490 230; x_wconf 79' lang='lat' dir='ltr'>Cerberus,</span> <span class='ocrx_word' id='word_1_5' title='bbox 519 203 625 236; x_wconf 82' lang='lat' dir='ltr'><strong>quem</strong></span> <span class='ocrx_word' id='word_1_6' title='bbox 644 191 815 225; x_wconf 86' lang='lat' dir='ltr'><strong>Hercules</strong></span> <span class='ocrx_word' id='word_1_7' title='bbox 837 190 983 234; x_wconf 78' lang='lat' dir='ltr'><strong>fingitur</strong></span> <span class='ocrx_word' id='word_1_8' title='bbox 1002 189 1045 221; x_wconf 90' lang='lat' dir='ltr'><strong>ab</strong></span> <span class='ocrx_word' id='word_1_9' title='bbox 1066 187 1186 221; x_wconf 86' lang='lat' dir='ltr'><strong>inferis</strong></span> <span class='ocrx_word' id='word_1_10' title='bbox 1214 197 1217 223; x_wconf 54' lang='grc' dir='ltr'>ζ</span> 
     </span>
     <span class='ocr_line' id='line_1_4' title="bbox 193 239 1218 295; baseline -0.005 -19"><span class='ocrx_word' id='word_1_11' title='bbox 193 244 360 283; x_wconf 76' lang='lat' dir='ltr'>traxisse,</span> <span class='ocrx_word' id='word_1_12' title='bbox 386 242 452 275; x_wconf 89' lang='lat' dir='ltr'><strong>suit</strong></span> <span class='ocrx_word' id='word_1_13' title='bbox 468 241 560 285; x_wconf 84' lang='lat' dir='ltr'><strong>regis</strong></span> <span class='ocrx_word' id='word_1_14' title='bbox 571 241 813 276; x_wconf 87' lang='lat' dir='ltr'><strong>Molossorum</strong></span> <span class='ocrx_word' id='word_1_15' title='bbox 833 241 941 274; x_wconf 87' lang='lat' dir='ltr'><strong>canis.</strong></span> <span class='ocrx_word' id='word_1_16' title='bbox 981 239 1023 273; x_wconf 84' lang='lat' dir='ltr'><strong>N</strong></span> <span class='ocrx_word' id='word_1_17' title='bbox 1018 252 1072 271; x_wconf 73' lang='lat' dir='ltr'><strong>im</strong></span> <span class='ocrx_word' id='word_1_18' title='bbox 1091 239 1218 295; x_wconf 91' lang='lat' dir='ltr'><strong>apud</strong></span> 
     </span>
     <span class='ocr_line' id='line_1_5' title="bbox 194 268 1218 340; baseline -0.003 -15"><span class='ocrx_word' id='word_1_19' title='bbox 194 293 390 333; x_wconf 80' lang='lat' dir='ltr'><strong>Molossos,</strong></span> <span class='ocrx_word' id='word_1_20' title='bbox 421 299 508 326; x_wconf 87' lang='lat' dir='ltr'><strong>teste</strong></span> <span class='ocrx_word' id='word_1_21' title='bbox 509 268 720 327; x_wconf 61' lang='lat' dir='ltr'><strong>t’Plutarcho</strong></span> <span class='ocrx_word' id='word_1_22' title='bbox 733 293 800 340; x_wconf 61' lang='lat'><strong>⁰²),</strong></span> <span class='ocrx_word' id='word_1_23' title='bbox 828 298 904 325; x_wconf 89' lang='lat' dir='ltr'><strong>erat</strong></span> <span class='ocrx_word' id='word_1_24' title='bbox 922 290 1084 324; x_wconf 87' lang='lat' dir='ltr'><strong>Herculis</strong></span> <span class='ocrx_word' id='word_1_25' title='bbox 1099 296 1190 323; x_wconf 84' lang='lat' dir='ltr'><strong>tem·</strong></span> <span class='ocrx_word' id='word_1_26' title='bbox 1216 314 1218 338; x_wconf 62' lang='grc' dir='ltr'>Ι</span> 
     </span>
     <span class='ocr_line' id='line_1_6' title="bbox 194 340 1218 390; baseline -0.003 -14"><span class='ocrx_word' id='word_1_27' title='bbox 194 345 341 389; x_wconf 84' lang='lat' dir='ltr'><strong>poribus</strong></span> <span class='ocrx_word' id='word_1_28' title='bbox 363 357 446 384; x_wconf 83' lang='lat' dir='ltr'><strong>rex,</strong></span> <span class='ocrx_word' id='word_1_29' title='bbox 482 344 543 390; x_wconf 91' lang='lat' dir='ltr'><strong>qui</strong></span> <span class='ocrx_word' id='word_1_30' title='bbox 565 342 720 377; x_wconf 87' lang='lat' dir='ltr'><strong>habebat</strong></span> <span class='ocrx_word' id='word_1_31' title='bbox 744 355 890 377; x_wconf 84' lang='lat' dir='ltr'><strong>uxorem</strong></span> <span class='ocrx_word' id='word_1_32' title='bbox 919 341 1067 375; x_wconf 90' lang='lat' dir='ltr'><strong>nomine</strong></span> <span class='ocrx_word' id='word_1_33' title='bbox 1085 340 1190 374; x_wconf 88' lang='lat' dir='ltr'><strong>Cere·</strong></span> <span class='ocrx_word' id='word_1_34' title='bbox 1217 341 1218 344; x_wconf 66' lang='grc'>’</span> 
     </span>
     <span class='ocr_line' id='line_1_7' title="bbox 193 392 1190 439; baseline -0.002 -11"><span class='ocrx_word' id='word_1_35' title='bbox 193 407 290 436; x_wconf 88' lang='lat' dir='ltr'><strong>rem,</strong></span> <span class='ocrx_word' id='word_1_36' title='bbox 323 396 431 428; x_wconf 73' lang='lat' dir='ltr'><strong>filiam</strong></span> <span class='ocrx_word' id='word_1_37' title='bbox 460 395 737 439; x_wconf 89' lang='lat' dir='ltr'><strong>Proserpinam,</strong></span> <span class='ocrx_word' id='word_1_38' title='bbox 773 401 806 427; x_wconf 88' lang='lat' dir='ltr'><strong>et</strong></span> <span class='ocrx_word' id='word_1_39' title='bbox 832 406 956 427; x_wconf 89' lang='lat' dir='ltr'><strong>canem</strong></span> <span class='ocrx_word' id='word_1_40' title='bbox 982 392 1190 426; x_wconf 83' lang='lat' dir='ltr'>Cerberum.</span> 
     </span>
     <span class='ocr_line' id='line_1_8' title="bbox 194 443 1178 480; baseline -0.004 0"><span class='ocrx_word' id='word_1_41' title='bbox 194 446 250 480; x_wconf 82' lang='lat' dir='ltr'><strong>Ad</strong></span> <span class='ocrx_word' id='word_1_42' title='bbox 274 445 472 480; x_wconf 74' lang='lat' dir='ltr'><strong>hunc‘cum</strong></span> <span class='ocrx_word' id='word_1_43' title='bbox 498 444 682 479; x_wconf 86' lang='lat' dir='ltr'><strong>Pirithous</strong></span> <span class='ocrx_word' id='word_1_44' title='bbox 710 452 743 479; x_wconf 89' lang='lat' dir='ltr'><strong>et</strong></span> <span class='ocrx_word' id='word_1_45' title='bbox 767 443 929 479; x_wconf 83' lang='lat' dir='ltr'><strong>Theseus</strong></span> <span class='ocrx_word' id='word_1_46' title='bbox 953 443 1178 477; x_wconf 77' lang='lat' dir='ltr'><strong>accessissent</strong></span> 
     </span>
     <span class='ocr_line' id='line_1_9' title="bbox 196 493 1193 541; baseline -0.003 -10"><span class='ocrx_word' id='word_1_47' title='bbox 196 505 234 531; x_wconf 85' lang='lat' dir='ltr'><strong>ut</strong></span> <span class='ocrx_word' id='word_1_48' title='bbox 259 498 369 531; x_wconf 85' lang='lat' dir='ltr'><strong>filiam</strong></span> <span class='ocrx_word' id='word_1_49' title='bbox 394 498 468 531; x_wconf 88' lang='lat' dir='ltr'><strong>eius</strong></span> <span class='ocrx_word' id='word_1_50' title='bbox 491 497 748 541; x_wconf 79' lang='lat' dir='ltr'><strong>Proserpinam</strong></span> <span class='ocrx_word' id='word_1_51' title='bbox 776 501 962 540; x_wconf 72' lang='lat' dir='ltr'><strong>raperent,</strong></span> <span class='ocrx_word' id='word_1_52' title='bbox 1007 493 1193 529; x_wconf 84' lang='lat' dir='ltr'><strong>Pirithous</strong></span> 
     </span>
     <span class='ocr_line' id='line_1_10' title="bbox 198 548 1193 587; baseline -0.004 -5"><span class='ocrx_word' id='word_1_53' title='bbox 198 550 277 582; x_wconf 90' lang='lat' dir='ltr'><strong>cani</strong></span> <span class='ocrx_word' id='word_1_54' title='bbox 304 549 459 582; x_wconf 87' lang='lat' dir='ltr'><strong>Cerbero</strong></span> <span class='ocrx_word' id='word_1_55' title='bbox 489 548 664 587; x_wconf 83' lang='lat' dir='ltr'><strong>obiectus,</strong></span> <span class='ocrx_word' id='word_1_56' title='bbox 708 553 741 580; x_wconf 89' lang='lat' dir='ltr'><strong>et</strong></span> <span class='ocrx_word' id='word_1_57' title='bbox 765 548 809 580; x_wconf 87' lang='lat' dir='ltr'><strong>ab</strong></span> <span class='ocrx_word' id='word_1_58' title='bbox 836 560 877 580; x_wconf 90' lang='lat' dir='ltr'><strong>eo</strong></span> <span class='ocrx_word' id='word_1_59' title='bbox 903 548 1095 580; x_wconf 83' lang='lat' dir='ltr'><strong>devoratus</strong></span> <span class='ocrx_word' id='word_1_60' title='bbox 1124 552 1193 583; x_wconf 91' lang='lat' dir='ltr'><strong>est;</strong></span> 
     </span>
     <span class='ocr_line' id='line_1_11' title="bbox 198 597 1222 638; baseline -0.005 -4"><span class='ocrx_word' id='word_1_61' title='bbox 198 599 357 634; x_wconf 85' lang='lat' dir='ltr'><strong>Theseus</strong></span> <span class='ocrx_word' id='word_1_62' title='bbox 374 598 513 632; x_wconf 85' lang='lat' dir='ltr'><strong>veroin</strong></span> <span class='ocrx_word' id='word_1_63' title='bbox 540 598 690 632; x_wconf 79' lang='lat' dir='ltr'><strong>vinculis</strong></span> <span class='ocrx_word' id='word_1_64' title='bbox 718 599 881 632; x_wconf 85' lang='lat' dir='ltr'><strong>detentus</strong></span> <span class='ocrx_word' id='word_1_65' title='bbox 905 605 978 638; x_wconf 92' lang='lat' dir='ltr'><strong>est,</strong></span> <span class='ocrx_word' id='word_1_66' title='bbox 1012 598 1126 630; x_wconf 89' lang='lat' dir='ltr'><strong>donec</strong></span> <span class='ocrx_word' id='word_1_67' title='bbox 1150 597 1194 629; x_wconf 87' lang='lat' dir='ltr'><strong>ab</strong></span> <span class='ocrx_word' id='word_1_68' title='bbox 1221 599 1222 602; x_wconf 72' lang='grc'>’</span> 
     </span>
     <span class='ocr_line' id='line_1_12' title="bbox 196 649 1195 684; baseline -0.003 0"><span class='ocrx_word' id='word_1_69' title='bbox 196 651 350 684; x_wconf 84' lang='lat' dir='ltr'><strong>Hercule</strong></span> <span class='ocrx_word' id='word_1_70' title='bbox 366 650 590 683; x_wconf 75' lang='lat' dir='ltr'><strong>liberaretur.</strong></span> <span class='ocrx_word' id='word_1_71' title='bbox 646 649 738 682; x_wconf 91' lang='lat' dir='ltr'><strong>Hinc</strong></span> <span class='ocrx_word' id='word_1_72' title='bbox 755 651 903 683; x_wconf 88' lang='lat' dir='ltr'><strong>conficta</strong></span> <span class='ocrx_word' id='word_1_73' title='bbox 930 655 982 683; x_wconf 88' lang='lat' dir='ltr'><strong>est</strong></span> <span class='ocrx_word' id='word_1_74' title='bbox 1006 649 1125 682; x_wconf 85' lang='lat' dir='ltr'><strong>fabula</strong></span> <span class='ocrx_word' id='word_1_75' title='bbox 1152 649 1195 681; x_wconf 87' lang='lat' dir='ltr'><strong>de</strong></span> 
     </span>
     <span class='ocr_line' id='line_1_13' title="bbox 200 700 1224 745; baseline -0.003 -10"><span class='ocrx_word' id='word_1_76' title='bbox 200 700 339 736; x_wconf 89' lang='lat' dir='ltr'><strong>Theseo</strong></span> <span class='ocrx_word' id='word_1_77' title='bbox 360 713 423 745; x_wconf 92' lang='lat' dir='ltr'><strong>per</strong></span> <span class='ocrx_word' id='word_1_78' title='bbox 440 701 631 735; x_wconf 85' lang='lat' dir='ltr'><strong>Herculem</strong></span> <span class='ocrx_word' id='word_1_79' title='bbox 659 701 703 733; x_wconf 90' lang='lat' dir='ltr'><strong>ab</strong></span> <span class='ocrx_word' id='word_1_80' title='bbox 726 701 849 735; x_wconf 86' lang='lat' dir='ltr'><strong>inseris</strong></span> <span class='ocrx_word' id='word_1_81' title='bbox 873 700 1045 739; x_wconf 83' lang='lat' dir='ltr'><strong>liberato,</strong></span> <span class='ocrx_word' id='word_1_82' title='bbox 1080 700 1196 745; x_wconf 87' lang='lat' dir='ltr'><strong>deque</strong></span> <span class='ocrx_word' id='word_1_83' title='bbox 1222 704 1224 732; x_wconf 52' lang='grc' dir='ltr'><em>Ὺ</em></span> 
     </span>
     <span class='ocr_line' id='line_1_14' title="bbox 198 749 1197 786; baseline -0.004 0"><span class='ocrx_word' id='word_1_84' title='bbox 198 753 397 786; x_wconf 83' lang='lat' dir='ltr'><strong>inferorum</strong></span> <span class='ocrx_word' id='word_1_85' title='bbox 424 764 510 785; x_wconf 89' lang='lat' dir='ltr'><strong>cane</strong></span> <span class='ocrx_word' id='word_1_86' title='bbox 533 752 639 786; x_wconf 91' lang='lat' dir='ltr'><strong>simul</strong></span> <span class='ocrx_word' id='word_1_87' title='bbox 661 752 827 786; x_wconf 80' lang='lat' dir='ltr'><strong>abducto.</strong></span> <span class='ocrx_word' id='word_1_88' title='bbox 880 751 1049 785; x_wconf 80' lang='lat' dir='ltr'><strong>Nicolaus</strong></span> <span class='ocrx_word' id='word_1_89' title='bbox 1064 749 1197 783; x_wconf 91' lang='lat' dir='ltr'><strong>Leoni-</strong></span> 
     </span>
     <span class='ocr_line' id='line_1_15' title="bbox 201 801 1226 842; baseline -0.006 -4"><span class='ocrx_word' id='word_1_90' title='bbox 201 817 307 838; x_wconf 86' lang='lat' dir='ltr'><strong>cenus</strong></span> <span class='ocrx_word' id='word_1_91' title='bbox 325 810 446 837; x_wconf 87' lang='lat' dir='ltr'><strong>tamen</strong></span> <span class='ocrx_word' id='word_1_92' title='bbox 471 805 513 836; x_wconf 88' lang='lat' dir='ltr'><strong>de</strong></span> <span class='ocrx_word' id='word_1_93' title='bbox 533 803 631 836; x_wconf 71' lang='lat' dir='ltr'><strong>varia</strong></span> <span class='ocrx_word' id='word_1_94' title='bbox 658 801 807 837; x_wconf 89' lang='lat' dir='ltr'><strong>historia</strong></span> <span class='ocrx_word' id='word_1_95' title='bbox 833 802 973 842; x_wconf 86' lang='lat' dir='ltr'><strong>scribit,</strong></span> <span class='ocrx_word' id='word_1_96' title='bbox 1000 802 1196 834; x_wconf 89' lang='lat' dir='ltr'><strong>Hecateum</strong></span> <span class='ocrx_word' id='word_1_97' title='bbox 1223 818 1226 831; x_wconf 66' lang='lat'><strong>·</strong></span> 
     </span>
     <span class='ocr_line' id='line_1_16' title="bbox 199 852 1226 895; baseline -0.004 -7"><span class='ocrx_word' id='word_1_98' title='bbox 199 855 401 895; x_wconf 88' lang='lat' dir='ltr'><strong>Milesium,</strong></span> <span class='ocrx_word' id='word_1_99' title='bbox 438 860 600 888; x_wconf 88' lang='lat' dir='ltr'><strong>autorem</strong></span> <span class='ocrx_word' id='word_1_100' title='bbox 625 854 826 893; x_wconf 89' lang='lat' dir='ltr'><strong>Graecum,</strong></span> <span class='ocrx_word' id='word_1_101' title='bbox 867 854 1029 893; x_wconf 79' lang='lat' dir='ltr'><strong>tradere,</strong></span> <span class='ocrx_word' id='word_1_102' title='bbox 1063 852 1100 885; x_wconf 91' lang='lat' dir='ltr'><strong>in</strong></span> <span class='ocrx_word' id='word_1_103' title='bbox 1125 852 1199 885; x_wconf 88' lang='lat' dir='ltr'><strong>Te-</strong></span> <span class='ocrx_word' id='word_1_104' title='bbox 1224 857 1226 877; x_wconf 71' lang='grc' dir='ltr'>ἱ</span> 
     </span>
     <span class='ocr_line' id='line_1_17' title="bbox 201 904 1227 950; baseline -0.005 -10"><span class='ocrx_word' id='word_1_105' title='bbox 201 919 313 946; x_wconf 89' lang='lat' dir='ltr'><strong>naro,</strong></span> <span class='ocrx_word' id='word_1_106' title='bbox 348 905 529 938; x_wconf 86' lang='lat' dir='ltr'><strong>Laconiae</strong></span> <span class='ocrx_word' id='word_1_107' title='bbox 553 905 828 950; x_wconf 88' lang='lat' dir='ltr'><strong>promontorio,</strong></span> <span class='ocrx_word' id='word_1_108' title='bbox 868 904 974 938; x_wconf 80' lang='lat' dir='ltr'><strong>fuisse</strong></span> <span class='ocrx_word' id='word_1_109' title='bbox 995 909 1197 947; x_wconf 89' lang='lat' dir='ltr'><strong>serpentem</strong></span> <span class='ocrx_word' id='word_1_110' title='bbox 1225 915 1227 948; x_wconf 49' lang='lat' dir='ltr'><strong>l</strong></span> 
     </span>
     <span class='ocr_line' id='line_1_18' title="bbox 202 950 1227 1001; baseline -0.004 -10"><span class='ocrx_word' id='word_1_111' title='bbox 202 956 370 991; x_wconf 84' lang='lat' dir='ltr'><strong>horribili</strong></span> <span class='ocrx_word' id='word_1_112' title='bbox 394 957 641 1000; x_wconf 80' lang='lat' dir='ltr'><strong>magnitudine</strong></span> <span class='ocrx_word' id='word_1_113' title='bbox 665 963 699 989; x_wconf 92' lang='lat' dir='ltr'><strong>et</strong></span> <span class='ocrx_word' id='word_1_114' title='bbox 722 957 859 995; x_wconf 87' lang='lat' dir='ltr'><strong>forma,</strong></span> <span class='ocrx_word' id='word_1_115' title='bbox 902 967 1007 1001; x_wconf 90' lang='lat' dir='ltr'><strong>quem</strong></span> <span class='ocrx_word' id='word_1_116' title='bbox 1029 954 1199 988; x_wconf 91' lang='lat' dir='ltr'><strong>Hercules</strong></span> <span class='ocrx_word' id='word_1_117' title='bbox 1225 950 1227 956; x_wconf 62' lang='grc'><em>’</em></span> 
     </span>
     <span class='ocr_line' id='line_1_19' title="bbox 204 1002 1227 1052; baseline -0.002 -11"><span class='ocrx_word' id='word_1_118' title='bbox 204 1009 302 1043; x_wconf 85' lang='lat' dir='ltr'><strong>iussu</strong></span> <span class='ocrx_word' id='word_1_119' title='bbox 325 1006 517 1052; x_wconf 76' lang='lat' dir='ltr'><strong>Eurysthei</strong></span> <span class='ocrx_word' id='word_1_120' title='bbox 543 1007 782 1047; x_wconf 78' lang='lat' dir='ltr'><strong>interfecerit,</strong></span> <span class='ocrx_word' id='word_1_121' title='bbox 825 1019 977 1052; x_wconf 86' lang='lat' dir='ltr'><strong>eumque</strong></span> <span class='ocrx_word' id='word_1_122' title='bbox 1004 1007 1048 1039; x_wconf 87' lang='lat' dir='ltr'><strong>ab</strong></span> <span class='ocrx_word' id='word_1_123' title='bbox 1073 1005 1200 1039; x_wconf 88' lang='lat' dir='ltr'><strong>incolis</strong></span> <span class='ocrx_word' id='word_1_124' title='bbox 1226 1002 1227 1026; x_wconf 70' lang='lat' dir='ltr'>i</span> 
     </span>
     <span class='ocr_line' id='line_1_20' title="bbox 206 1058 1228 1101; baseline -0.004 -8"><span class='ocrx_word' id='word_1_125' title='bbox 206 1060 301 1093; x_wconf 86' lang='lat' dir='ltr'><strong>illius</strong></span> <span class='ocrx_word' id='word_1_126' title='bbox 324 1060 392 1092; x_wconf 90' lang='lat' dir='ltr'><strong>loci</strong></span> <span class='ocrx_word' id='word_1_127' title='bbox 415 1059 547 1092; x_wconf 86' lang='lat' dir='ltr'><strong>dictum</strong></span> <span class='ocrx_word' id='word_1_128' title='bbox 575 1058 681 1092; x_wconf 86' lang='lat' dir='ltr'><strong>fuisse</strong></span> <span class='ocrx_word' id='word_1_129' title='bbox 707 1070 831 1091; x_wconf 88' lang='lat' dir='ltr'><strong>canem</strong></span> <span class='ocrx_word' id='word_1_130' title='bbox 860 1058 1077 1097; x_wconf 84' lang='lat' dir='ltr'><strong>inferorum,</strong></span> <span class='ocrx_word' id='word_1_131' title='bbox 1117 1068 1201 1101; x_wconf 87' lang='lat' dir='ltr'><strong>pro·</strong></span> <span class='ocrx_word' id='word_1_132' title='bbox 1227 1068 1228 1074; x_wconf 62' lang='lat'>¹</span> 
     </span>
    </p>
   </div>
   <div class='ocr_carea' id='block_1_4' title="bbox 205 1109 1200 1195">
    <p class='ocr_par' dir='ltr' id='par_1_4' title="bbox 205 1109 1200 1195">
     <span class='ocr_line' id='line_1_21' title="bbox 206 1109 1200 1156; baseline -0.004 -12"><span class='ocrx_word' id='word_1_133' title='bbox 206 1118 326 1156; x_wconf 79' lang='lat' dir='ltr'><strong>pterea</strong></span> <span class='ocrx_word' id='word_1_134' title='bbox 347 1111 443 1156; x_wconf 91' lang='lat' dir='ltr'><strong>quod</strong></span> <span class='ocrx_word' id='word_1_135' title='bbox 463 1116 539 1143; x_wconf 87' lang='lat' dir='ltr'><strong>erat</strong></span> <span class='ocrx_word' id='word_1_136' title='bbox 554 1109 679 1144; x_wconf 90' lang='lat' dir='ltr'><strong>solitus</strong></span> <span class='ocrx_word' id='word_1_137' title='bbox 700 1110 825 1143; x_wconf 80' lang='lat' dir='ltr'><strong>obvios</strong></span> <span class='ocrx_word' id='word_1_138' title='bbox 845 1121 1006 1155; x_wconf 89' lang='lat' dir='ltr'><strong>quosque</strong></span> <span class='ocrx_word' id='word_1_139' title='bbox 1023 1114 1200 1142; x_wconf 83' lang='lat' dir='ltr'><strong>venenato</strong></span> 
     </span>
     <span class='ocr_line' id='line_1_22' title="bbox 205 1161 685 1195; baseline -0.004 0"><span class='ocrx_word' id='word_1_140' title='bbox 205 1175 327 1195; x_wconf 87' lang='lat' dir='ltr'><strong>morsu</strong></span> <span class='ocrx_word' id='word_1_141' title='bbox 344 1168 377 1194; x_wconf 86' lang='lat' dir='ltr'><strong>et</strong></span> <span class='ocrx_word' id='word_1_142' title='bbox 395 1161 518 1194; x_wconf 81' lang='lat' dir='ltr'><strong>afflatu</strong></span> <span class='ocrx_word' id='word_1_143' title='bbox 544 1173 685 1194; x_wconf 82' lang='lat' dir='ltr'><strong>necare.</strong></span> 
     </span>
    </p>
   </div>
   <div class='ocr_carea' id='block_1_5' title="bbox 206 1211 1231 1461">
    <p class='ocr_par' dir='ltr' id='par_1_5' title="bbox 206 1211 1202 1412">
     <span class='ocr_line' id='line_1_23' title="bbox 307 1211 1199 1256; baseline -0.003 -11"><span class='ocrx_word' id='word_1_144' title='bbox 307 1213 442 1256; x_wconf 81' lang='lat' dir='ltr'><strong>Augiae</strong></span> <span class='ocrx_word' id='word_1_145' title='bbox 467 1213 645 1246; x_wconf 84' lang='lat' dir='ltr'><strong>stabulum</strong></span> <span class='ocrx_word' id='word_1_146' title='bbox 672 1218 838 1255; x_wconf 85' lang='lat' dir='ltr'><strong>congesto</strong></span> <span class='ocrx_word' id='word_1_147' title='bbox 872 1218 926 1244; x_wconf 90' lang='lat' dir='ltr'><strong>ter</strong></span> <span class='ocrx_word' id='word_1_148' title='bbox 961 1211 1057 1243; x_wconf 87' lang='lat' dir='ltr'><strong>mille</strong></span> <span class='ocrx_word' id='word_1_149' title='bbox 1091 1211 1199 1243; x_wconf 91' lang='lat' dir='ltr'><strong>boum</strong></span> 
     </span>
     <span class='ocr_line' id='line_1_24' title="bbox 209 1261 1202 1308; baseline -0.003 -11"><span class='ocrx_word' id='word_1_150' title='bbox 209 1266 290 1297; x_wconf 76' lang='lat' dir='ltr'><strong>fimo</strong></span> <span class='ocrx_word' id='word_1_151' title='bbox 322 1265 519 1308; x_wconf 80' lang='lat' dir='ltr'><strong>repletum,</strong></span> <span class='ocrx_word' id='word_1_152' title='bbox 571 1264 637 1297; x_wconf 80' lang='lat' dir='ltr'><strong>fuit</strong></span> <span class='ocrx_word' id='word_1_153' title='bbox 670 1263 779 1307; x_wconf 88' lang='lat' dir='ltr'><strong>ipsius</strong></span> <span class='ocrx_word' id='word_1_154' title='bbox 812 1262 949 1306; x_wconf 79' lang='lat' dir='ltr'><strong>Augiae</strong></span> <span class='ocrx_word' id='word_1_155' title='bbox 983 1262 1074 1306; x_wconf 88' lang='lat' dir='ltr'><strong>regis</strong></span> <span class='ocrx_word' id='word_1_156' title='bbox 1109 1261 1202 1299; x_wconf 84' lang='lat' dir='ltr'><strong>aula,</strong></span> 
     </span>
     <span class='ocr_line' id='line_1_25' title="bbox 206 1313 1057 1359; baseline -0.004 -10"><span class='ocrx_word' id='word_1_157' title='bbox 206 1317 291 1349; x_wconf 86' lang='lat' dir='ltr'><strong>luxu</strong></span> <span class='ocrx_word' id='word_1_158' title='bbox 308 1316 446 1359; x_wconf 87' lang='lat' dir='ltr'><strong>perdita</strong></span> <span class='ocrx_word' id='word_1_159' title='bbox 460 1342 468 1355; x_wconf 96' lang='lat'><strong>,</strong></span> <span class='ocrx_word' id='word_1_160' title='bbox 497 1327 536 1347; x_wconf 85' lang='lat' dir='ltr'><strong>ac</strong></span> <span class='ocrx_word' id='word_1_161' title='bbox 552 1314 715 1359; x_wconf 88' lang='lat' dir='ltr'><strong>plurimis</strong></span> <span class='ocrx_word' id='word_1_162' title='bbox 731 1314 825 1347; x_wconf 71' lang='lat' dir='ltr'><strong>vitiis</strong></span> <span class='ocrx_word' id='word_1_163' title='bbox 849 1313 1034 1359; x_wconf 88' lang='lat' dir='ltr'><strong>inquinata</strong></span> <span class='ocrx_word' id='word_1_164' title='bbox 1049 1340 1057 1353; x_wconf 91' lang='lat'><strong>,</strong></span> 
     </span>
     <span class='ocr_line' id='line_1_26' title="bbox 209 1365 929 1412; baseline -0.004 -12"><span class='ocrx_word' id='word_1_165' title='bbox 209 1367 324 1400; x_wconf 85' lang='lat' dir='ltr'><strong>occiso</strong></span> <span class='ocrx_word' id='word_1_166' title='bbox 343 1373 499 1412; x_wconf 77' lang='lat' dir='ltr'><strong>tyranno</strong></span> <span class='ocrx_word' id='word_1_167' title='bbox 520 1366 688 1399; x_wconf 89' lang='lat' dir='ltr'><strong>Hercules</strong></span> <span class='ocrx_word' id='word_1_168' title='bbox 707 1365 929 1410; x_wconf 81' lang='lat' dir='ltr'><strong>expurgavit.</strong></span> 
     </span>
    </p>

    <p class='ocr_par' dir='ltr' id='par_1_6' title="bbox 310 1413 1231 1461">
     <span class='ocr_line' id='line_1_27' title="bbox 310 1413 1231 1461; baseline -0.004 -11"><span class='ocrx_word' id='word_1_169' title='bbox 310 1417 504 1451; x_wconf 88' lang='lat' dir='ltr'><strong>Diomedes</strong></span> <span class='ocrx_word' id='word_1_170' title='bbox 529 1417 702 1461; x_wconf 84' lang='lat' dir='ltr'><strong>sanguine</strong></span> <span class='ocrx_word' id='word_1_171' title='bbox 729 1423 763 1449; x_wconf 84' lang='lat' dir='ltr'><strong>et</strong></span> <span class='ocrx_word' id='word_1_172' title='bbox 788 1415 982 1449; x_wconf 81' lang='lat' dir='ltr'><strong>visceribus</strong></span> <span class='ocrx_word' id='word_1_173' title='bbox 1012 1413 1201 1448; x_wconf 85' lang='lat' dir='ltr'><strong>hominum</strong></span> <span class='ocrx_word' id='word_1_174' title='bbox 1230 1418 1231 1431; x_wconf 76' lang='lat'><em>³</em></span> 
     </span>
    </p>
   </div>
   <div class='ocr_carea' id='block_1_6' title="bbox 1094 1324 1200 1358">
    <p class='ocr_par' dir='ltr' id='par_1_7' title="bbox 1094 1324 1200 1358">
     <span class='ocr_line' id='line_1_28' title="bbox 1094 1324 1200 1358; baseline -0.009 -13"><span class='ocrx_word' id='word_1_175' title='bbox 1094 1324 1200 1358; x_wconf 70' lang='lat' dir='ltr'>qnam</span> 
     </span>
    </p>
   </div>
   <div class='ocr_carea' id='block_1_7' title="bbox 208 1466 1240 2527">
    <p class='ocr_par' dir='ltr' id='par_1_8' title="bbox 208 1466 1235 1963">
     <span class='ocr_line' id='line_1_29' title="bbox 209 1466 1232 1514; baseline -0.004 -12"><span class='ocrx_word' id='word_1_176' title='bbox 209 1481 320 1514; x_wconf 84' lang='lat' dir='ltr'><strong>equos</strong></span> <span class='ocrx_word' id='word_1_177' title='bbox 337 1469 475 1513; x_wconf 77' lang='lat' dir='ltr'><strong>pavisse</strong></span> <span class='ocrx_word' id='word_1_178' title='bbox 493 1469 651 1512; x_wconf 83' lang='lat' dir='ltr'><strong>fingitur,</strong></span> <span class='ocrx_word' id='word_1_179' title='bbox 678 1480 732 1508; x_wconf 79' lang='lat' dir='ltr'><strong>eo,</strong></span> <span class='ocrx_word' id='word_1_180' title='bbox 762 1468 856 1513; x_wconf 85' lang='lat' dir='ltr'><strong>quod</strong></span> <span class='ocrx_word' id='word_1_181' title='bbox 878 1479 1048 1510; x_wconf 81' lang='lat' dir='ltr'><strong>inagnum</strong></span> <span class='ocrx_word' id='word_1_182' title='bbox 1070 1466 1105 1498; x_wconf 93' lang='lat' dir='ltr'><strong>in</strong></span> <span class='ocrx_word' id='word_1_183' title='bbox 1123 1466 1203 1499; x_wconf 89' lang='lat' dir='ltr'><strong>aula</strong></span> <span class='ocrx_word' id='word_1_184' title='bbox 1230 1474 1232 1486; x_wconf 63' lang='lat'><em>¹</em></span> 
     </span>
     <span class='ocr_line' id='line_1_30' title="bbox 209 1517 1232 1565; baseline -0.003 -13"><span class='ocrx_word' id='word_1_185' title='bbox 209 1520 408 1565; x_wconf 84' lang='lat' dir='ltr'><strong>equitatum</strong></span> <span class='ocrx_word' id='word_1_186' title='bbox 429 1520 559 1564; x_wconf 84' lang='lat' dir='ltr'><strong>partim</strong></span> <span class='ocrx_word' id='word_1_187' title='bbox 586 1520 804 1558; x_wconf 85' lang='lat' dir='ltr'><strong>latrociniis,</strong></span> <span class='ocrx_word' id='word_1_188' title='bbox 840 1518 970 1562; x_wconf 86' lang='lat' dir='ltr'><strong>partim</strong></span> <span class='ocrx_word' id='word_1_189' title='bbox 997 1517 1205 1550; x_wconf 84' lang='lat' dir='ltr'><strong>intolerabi-</strong></span> <span class='ocrx_word' id='word_1_190' title='bbox 1231 1521 1232 1524; x_wconf 75' lang='grc'>’</span> 
     </span>
     <span class='ocr_line' id='line_1_31' title="bbox 208 1568 1205 1605; baseline -0.003 -2"><span class='ocrx_word' id='word_1_191' title='bbox 208 1571 300 1605; x_wconf 86' lang='lat' dir='ltr'><strong>libus</strong></span> <span class='ocrx_word' id='word_1_192' title='bbox 319 1572 459 1604; x_wconf 80' lang='lat' dir='ltr'><strong>tributis</strong></span> <span class='ocrx_word' id='word_1_193' title='bbox 475 1578 509 1604; x_wconf 90' lang='lat' dir='ltr'><strong>et</strong></span> <span class='ocrx_word' id='word_1_194' title='bbox 527 1571 771 1604; x_wconf 82' lang='lat' dir='ltr'><strong>exactionibus</strong></span> <span class='ocrx_word' id='word_1_195' title='bbox 794 1570 893 1602; x_wconf 87' lang='lat' dir='ltr'><strong>aluit.</strong></span> <span class='ocrx_word' id='word_1_196' title='bbox 944 1568 1116 1602; x_wconf 79' lang='lat' dir='ltr'><strong>Erasmus</strong></span> <span class='ocrx_word' id='word_1_197' title='bbox 1132 1568 1205 1600; x_wconf 82' lang='lat' dir='ltr'><strong>Ro-</strong></span> 
     </span>
     <span class='ocr_line' id='line_1_32' title="bbox 210 1619 1233 1665; baseline -0.002 -12"><span class='ocrx_word' id='word_1_198' title='bbox 210 1623 416 1655; x_wconf 84' lang='lat' dir='ltr'><strong>terodamus</strong></span> <span class='ocrx_word' id='word_1_199' title='bbox 436 1623 471 1654; x_wconf 89' lang='lat' dir='ltr'><strong>in</strong></span> <span class='ocrx_word' id='word_1_200' title='bbox 491 1622 634 1665; x_wconf 77' lang='lat' dir='ltr'><strong>adagio:</strong></span> <span class='ocrx_word' id='word_1_201' title='bbox 663 1621 859 1654; x_wconf 77' lang='lat' dir='ltr'><strong>Diomeden</strong></span> <span class='ocrx_word' id='word_1_202' title='bbox 877 1619 1135 1664; x_wconf 62' lang='lat' dir='ltr'><strong>necessitas‘ff‘),</strong></span> <span class='ocrx_word' id='word_1_203' title='bbox 1152 1631 1207 1651; x_wconf 90' lang='lat' dir='ltr'><strong>re-</strong></span> <span class='ocrx_word' id='word_1_204' title='bbox 1232 1632 1233 1658; x_wconf 49' lang='grc' dir='ltr'>ι</span> 
     </span>
     <span class='ocr_line' id='line_1_33' title="bbox 211 1670 1235 1738; baseline -0.003 -33"><span class='ocrx_word' id='word_1_205' title='bbox 211 1675 279 1706; x_wconf 74' lang='grc' dir='ltr'><strong>ίόΓῐ</strong></span> <span class='ocrx_word' id='word_1_206' title='bbox 295 1686 335 1705; x_wconf 83' lang='lat' dir='ltr'><strong>ex</strong></span> <span class='ocrx_word' id='word_1_207' title='bbox 350 1671 602 1717; x_wconf 80' lang='lat' dir='ltr'><strong>Aristophanis</strong></span> <span class='ocrx_word' id='word_1_208' title='bbox 621 1673 814 1716; x_wconf 81' lang='lat' dir='ltr'><strong>interprete</strong></span> <span class='ocrx_word' id='word_1_209' title='bbox 831 1671 1044 1703; x_wconf 86' lang='lat' dir='ltr'><strong>Diomedem</strong></span> <span class='ocrx_word' id='word_1_210' title='bbox 1061 1670 1205 1703; x_wconf 89' lang='lat' dir='ltr'><strong>solitum</strong></span> <span class='ocrx_word' id='word_1_211' title='bbox 1232 1694 1235 1738; x_wconf 65' lang='grc' dir='ltr'>Ι</span> 
     </span>
     <span class='ocr_line' id='line_1_34' title="bbox 213 1721 1235 1768; baseline -0.004 -11"><span class='ocrx_word' id='word_1_212' title='bbox 213 1723 368 1768; x_wconf 83' lang='lat' dir='ltr'><strong>hospites</strong></span> <span class='ocrx_word' id='word_1_213' title='bbox 396 1736 478 1757; x_wconf 90' lang='lat' dir='ltr'><strong>suos</strong></span> <span class='ocrx_word' id='word_1_214' title='bbox 501 1724 714 1767; x_wconf 89' lang='lat' dir='ltr'><strong>compellere</strong></span> <span class='ocrx_word' id='word_1_215' title='bbox 742 1724 785 1755; x_wconf 89' lang='lat' dir='ltr'><strong>ad</strong></span> <span class='ocrx_word' id='word_1_216' title='bbox 811 1728 974 1766; x_wconf 87' lang='lat' dir='ltr'><strong>stuprum</strong></span> <span class='ocrx_word' id='word_1_217' title='bbox 1003 1721 1206 1754; x_wconf 83' lang='lat' dir='ltr'><strong>faciendum</strong></span> <span class='ocrx_word' id='word_1_218' title='bbox 1234 1742 1235 1745; x_wconf 62' lang='lat'><em>=</em></span> 
     </span>
     <span class='ocr_line' id='line_1_35' title="bbox 212 1772 1207 1817; baseline -0.004 -9"><span class='ocrx_word' id='word_1_219' title='bbox 212 1788 291 1809; x_wconf 87' lang='lat' dir='ltr'><strong>cum</strong></span> <span class='ocrx_word' id='word_1_220' title='bbox 319 1775 457 1809; x_wconf 85' lang='lat' dir='ltr'><strong>filiabus</strong></span> <span class='ocrx_word' id='word_1_221' title='bbox 482 1775 554 1808; x_wconf 87' lang='lat' dir='ltr'><strong>suis</strong></span> <span class='ocrx_word' id='word_1_222' title='bbox 577 1774 864 1813; x_wconf 65' lang='lat' dir='ltr'><strong>desormissimss,</strong></span> <span class='ocrx_word' id='word_1_223' title='bbox 900 1779 933 1806; x_wconf 90' lang='lat' dir='ltr'><strong>et</strong></span> <span class='ocrx_word' id='word_1_224' title='bbox 955 1779 1079 1817; x_wconf 88' lang='lat' dir='ltr'><strong>stupro</strong></span> <span class='ocrx_word' id='word_1_225' title='bbox 1101 1772 1207 1811; x_wconf 87' lang='lat' dir='ltr'><strong>facto,</strong></span> 
     </span>
     <span class='ocr_line' id='line_1_36' title="bbox 212 1823 1208 1863; baseline -0.003 -4"><span class='ocrx_word' id='word_1_226' title='bbox 212 1827 292 1860; x_wconf 88' lang='lat' dir='ltr'><strong>illos</strong></span> <span class='ocrx_word' id='word_1_227' title='bbox 317 1826 556 1863; x_wconf 72' lang='lat' dir='ltr'><strong>interemisse:</strong></span> <span class='ocrx_word' id='word_1_228' title='bbox 600 1833 633 1859; x_wconf 87' lang='lat' dir='ltr'><strong>et</strong></span> <span class='ocrx_word' id='word_1_229' title='bbox 668 1839 745 1858; x_wconf 85' lang='lat' dir='ltr'><strong>eam</strong></span> <span class='ocrx_word' id='word_1_230' title='bbox 781 1826 825 1859; x_wconf 90' lang='lat' dir='ltr'><strong>ob</strong></span> <span class='ocrx_word' id='word_1_231' title='bbox 852 1836 994 1858; x_wconf 89' lang='lat' dir='ltr'><strong>causam</strong></span> <span class='ocrx_word' id='word_1_232' title='bbox 1021 1823 1208 1856; x_wconf 88' lang='lat' dir='ltr'><strong>Diomedis</strong></span> 
     </span>
     <span class='ocr_line' id='line_1_37' title="bbox 214 1878 1209 1921; baseline -0.004 -11"><span class='ocrx_word' id='word_1_233' title='bbox 214 1878 302 1911; x_wconf 78' lang='lat' dir='ltr'><strong>filias</strong></span> <span class='ocrx_word' id='word_1_234' title='bbox 320 1890 336 1910; x_wconf 91' lang='lat' dir='ltr'><strong>a</strong></span> <span class='ocrx_word' id='word_1_235' title='bbox 357 1878 442 1911; x_wconf 85' lang='lat' dir='ltr'><strong>viris</strong></span> <span class='ocrx_word' id='word_1_236' title='bbox 460 1878 608 1921; x_wconf 83' lang='lat' dir='ltr'><strong>agitatas</strong></span> <span class='ocrx_word' id='word_1_237' title='bbox 622 1905 629 1916; x_wconf 89' lang='lat'>‚</span> <span class='ocrx_word' id='word_1_238' title='bbox 657 1878 768 1910; x_wconf 89' lang='lat' dir='ltr'><strong>dictas</strong></span> <span class='ocrx_word' id='word_1_239' title='bbox 789 1889 862 1910; x_wconf 90' lang='lat' dir='ltr'><strong>esse</strong></span> <span class='ocrx_word' id='word_1_240' title='bbox 879 1888 1007 1920; x_wconf 78' lang='lat' dir='ltr'><strong>equas,</strong></span> <span class='ocrx_word' id='word_1_241' title='bbox 1036 1887 1127 1921; x_wconf 86' lang='lat' dir='ltr'><strong>quae</strong></span> <span class='ocrx_word' id='word_1_242' title='bbox 1147 1886 1209 1919; x_wconf 91' lang='lat' dir='ltr'><strong>pa—</strong></span> 
     </span>
     <span class='ocr_line' id='line_1_38' title="bbox 217 1927 939 1963; baseline -0.001 -2"><span class='ocrx_word' id='word_1_243' title='bbox 217 1930 287 1963; x_wconf 82' lang='lat' dir='ltr'><strong>buli</strong></span> <span class='ocrx_word' id='word_1_244' title='bbox 307 1930 381 1962; x_wconf 76' lang='lat' dir='ltr'><strong>vice</strong></span> <span class='ocrx_word' id='word_1_245' title='bbox 397 1927 553 1962; x_wconf 82' lang='lat' dir='ltr'><strong>bumana</strong></span> <span class='ocrx_word' id='word_1_246' title='bbox 574 1941 679 1962; x_wconf 86' lang='lat' dir='ltr'><strong>carne</strong></span> <span class='ocrx_word' id='word_1_247' title='bbox 701 1934 939 1962; x_wconf 84' lang='lat' dir='ltr'><strong>vescerentur.</strong></span> 
     </span>
    </p>

    <p class='ocr_par' dir='ltr' id='par_1_9' title="bbox 217 1976 1238 2180">
     <span class='ocr_line' id='line_1_39' title="bbox 307 1976 1237 2025; baseline -0.005 -12"><span class='ocrx_word' id='word_1_248' title='bbox 307 1979 569 2025; x_wconf 74' lang='lat' dir='ltr'><strong>Stymphalides</strong></span> <span class='ocrx_word' id='word_1_249' title='bbox 587 1993 668 2014; x_wconf 73' lang='lat' dir='ltr'><strong>aves</strong></span> <span class='ocrx_word' id='word_1_250' title='bbox 686 1986 787 2013; x_wconf 87' lang='lat' dir='ltr'><strong>erant</strong></span> <span class='ocrx_word' id='word_1_251' title='bbox 806 1980 1016 2024; x_wconf 81' lang='lat' dir='ltr'><strong>praedones,</strong></span> <span class='ocrx_word' id='word_1_252' title='bbox 1038 1977 1099 2022; x_wconf 90' lang='lat' dir='ltr'><strong>qui</strong></span> <span class='ocrx_word' id='word_1_253' title='bbox 1118 1976 1208 2009; x_wconf 91' lang='lat' dir='ltr'><strong>circa</strong></span> <span class='ocrx_word' id='word_1_254' title='bbox 1236 1981 1237 1995; x_wconf 71' lang='lat'>³</span> 
     </span>
     <span class='ocr_line' id='line_1_40' title="bbox 217 2028 1211 2076; baseline -0.003 -13"><span class='ocrx_word' id='word_1_255' title='bbox 217 2030 464 2075; x_wconf 82' lang='lat' dir='ltr'><strong>Stymphalnm</strong></span> <span class='ocrx_word' id='word_1_256' title='bbox 487 2032 658 2076; x_wconf 83' lang='lat' dir='ltr'><strong>oppidum</strong></span> <span class='ocrx_word' id='word_1_257' title='bbox 677 2038 710 2064; x_wconf 87' lang='lat' dir='ltr'><strong>et</strong></span> <span class='ocrx_word' id='word_1_258' title='bbox 734 2033 849 2064; x_wconf 89' lang='lat' dir='ltr'><strong>lacum</strong></span> <span class='ocrx_word' id='word_1_259' title='bbox 867 2029 1042 2063; x_wconf 87' lang='lat' dir='ltr'><strong>Arcadiae</strong></span> <span class='ocrx_word' id='word_1_260' title='bbox 1069 2028 1211 2061; x_wconf 89' lang='lat' dir='ltr'><strong>latroci-</strong></span> 
     </span>
     <span class='ocr_line' id='line_1_41' title="bbox 218 2079 1238 2128; baseline -0.001 -14"><span class='ocrx_word' id='word_1_261' title='bbox 218 2083 413 2115; x_wconf 83' lang='lat' dir='ltr'><strong>nabantur:</strong></span> <span class='ocrx_word' id='word_1_262' title='bbox 444 2084 477 2116; x_wconf 84' lang='lat' dir='ltr'><strong>id</strong></span> <span class='ocrx_word' id='word_1_263' title='bbox 498 2085 592 2128; x_wconf 84' lang='lat' dir='ltr'><strong>quod</strong></span> <span class='ocrx_word' id='word_1_264' title='bbox 613 2083 786 2116; x_wconf 83' lang='lat' dir='ltr'><strong>coniicere</strong></span> <span class='ocrx_word' id='word_1_265' title='bbox 804 2084 883 2115; x_wconf 90' lang='lat' dir='ltr'><strong>licet</strong></span> <span class='ocrx_word' id='word_1_266' title='bbox 907 2093 948 2114; x_wconf 91' lang='lat' dir='ltr'><strong>ex</strong></span> <span class='ocrx_word' id='word_1_267' title='bbox 972 2079 1027 2114; x_wconf 80' lang='lat' dir='ltr'><strong>liis</strong></span> <span class='ocrx_word' id='word_1_268' title='bbox 1050 2080 1211 2113; x_wconf 85' lang='lat' dir='ltr'><strong>versibus</strong></span> <span class='ocrx_word' id='word_1_269' title='bbox 1237 2091 1238 2120; x_wconf 54' lang='grc' dir='ltr'>ς</span> 
     </span>
     <span class='ocr_line' id='line_1_42' title="bbox 220 2133 483 2180; baseline 0.008 -15"><span class='ocrx_word' id='word_1_270' title='bbox 220 2133 406 2167; x_wconf 79' lang='lat' dir='ltr'><strong>Claudiani</strong></span> <span class='ocrx_word' id='word_1_271' title='bbox 417 2135 483 2180; x_wconf 67' lang='lat'>²¹²):</span> 
     </span>
    </p>

    <p class='ocr_par' dir='ltr' id='par_1_10' title="bbox 288 2189 1125 2221">
     <span class='ocr_line' id='line_1_43' title="bbox 288 2189 1125 2221; baseline -0.002 -7"><span class='ocrx_word' id='word_1_272' title='bbox 288 2190 452 2220; x_wconf 76' lang='lat' dir='ltr'><strong>Audieram,</strong></span> <span class='ocrx_word' id='word_1_273' title='bbox 471 2193 663 2221; x_wconf 73' lang='lat' dir='ltr'><strong>memorande,</strong></span> <span class='ocrx_word' id='word_1_274' title='bbox 688 2193 768 2219; x_wconf 76' lang='lat' dir='ltr'><strong>tuas.</strong></span> <span class='ocrx_word' id='word_1_275' title='bbox 791 2190 970 2221; x_wconf 81' lang='lat' dir='ltr'><strong>Stymphale,</strong></span> <span class='ocrx_word' id='word_1_276' title='bbox 995 2189 1125 2214; x_wconf 86' lang='lat' dir='ltr'><strong>volucres</strong></span> 
     </span>
    </p>

    <p class='ocr_par' dir='ltr' id='par_1_11' title="bbox 221 2217 1240 2527">
     <span class='ocr_line' id='line_1_44' title="bbox 289 2217 1240 2265; baseline 0 -8"><span class='ocrx_word' id='word_1_277' title='bbox 289 2234 400 2264; x_wconf 71' lang='lat' dir='ltr'><strong>Spicula</strong></span> <span class='ocrx_word' id='word_1_278' title='bbox 420 2235 548 2258; x_wconf 83' lang='lat' dir='ltr'><strong>vulnifico</strong></span> <span class='ocrx_word' id='word_1_279' title='bbox 568 2235 703 2265; x_wconf 81' lang='lat' dir='ltr'><strong>quondam</strong></span> <span class='ocrx_word' id='word_1_280' title='bbox 722 2234 863 2264; x_wconf 79' lang='lat' dir='ltr'><strong>sparsisse</strong></span> <span class='ocrx_word' id='word_1_281' title='bbox 882 2233 987 2257; x_wconf 82' lang='lat' dir='ltr'><strong>volatu.</strong></span> <span class='ocrx_word' id='word_1_282' title='bbox 1237 2217 1240 2257; x_wconf 81' lang='grc' dir='ltr'>Ι</span> 
     </span>
     <span class='ocr_line' id='line_1_45' title="bbox 221 2258 1240 2322; baseline -0.003 -10"><span class='ocrx_word' id='word_1_283' title='bbox 221 2278 311 2313; x_wconf 63' lang='lat' dir='ltr'><strong>Nam</strong></span> <span class='ocrx_word' id='word_1_284' title='bbox 331 2291 410 2312; x_wconf 88' lang='lat' dir='ltr'><strong>cum</strong></span> <span class='ocrx_word' id='word_1_285' title='bbox 432 2278 480 2311; x_wconf 91' lang='lat' dir='ltr'><strong>ait</strong></span> <span class='ocrx_word' id='word_1_286' title='bbox 500 2279 667 2322; x_wconf 80' lang='lat' dir='ltr'><strong>sparsisse</strong></span> <span class='ocrx_word' id='word_1_287' title='bbox 686 2279 753 2311; x_wconf 87' lang='lat' dir='ltr'><strong>tela</strong></span> <span class='ocrx_word' id='word_1_288' title='bbox 775 2291 837 2311; x_wconf 88' lang='lat' dir='ltr'><strong>seu</strong></span> <span class='ocrx_word' id='word_1_289' title='bbox 863 2277 1017 2321; x_wconf 86' lang='lat' dir='ltr'><strong>spicula,</strong></span> <span class='ocrx_word' id='word_1_290' title='bbox 1053 2289 1127 2310; x_wconf 93' lang='lat' dir='ltr'><strong>non</strong></span> <span class='ocrx_word' id='word_1_291' title='bbox 1150 2277 1212 2309; x_wconf 86' lang='lat' dir='ltr'><strong>ob-</strong></span> <span class='ocrx_word' id='word_1_292' title='bbox 1237 2258 1240 2303; x_wconf 74' lang='grc' dir='ltr'>Ι</span> 
     </span>
     <span class='ocr_line' id='line_1_46' title="bbox 222 2329 1211 2373; baseline -0.002 -9"><span class='ocrx_word' id='word_1_293' title='bbox 222 2342 321 2364; x_wconf 87' lang='lat' dir='ltr'><strong>scure</strong></span> <span class='ocrx_word' id='word_1_294' title='bbox 340 2329 492 2369; x_wconf 82' lang='lat' dir='ltr'><strong>indicat,</strong></span> <span class='ocrx_word' id='word_1_295' title='bbox 527 2331 631 2363; x_wconf 71' lang='lat' dir='ltr'><strong>l‘nisse</strong></span> <span class='ocrx_word' id='word_1_296' title='bbox 650 2331 848 2373; x_wconf 81' lang='lat' dir='ltr'><strong>praedones</strong></span> <span class='ocrx_word' id='word_1_297' title='bbox 871 2329 980 2362; x_wconf 82' lang='lat' dir='ltr'><strong>armis</strong></span> <span class='ocrx_word' id='word_1_298' title='bbox 1008 2329 1211 2362; x_wconf 89' lang='lat' dir='ltr'><strong>instructos.</strong></span> 
     </span>
     <span class='ocr_line' id='line_1_47' title="bbox 224 2380 1212 2424; baseline -0.003 -9"><span class='ocrx_word' id='word_1_299' title='bbox 224 2382 299 2415; x_wconf 87' lang='lat' dir='ltr'><strong>Hae</strong></span> <span class='ocrx_word' id='word_1_300' title='bbox 319 2393 402 2414; x_wconf 79' lang='lat' dir='ltr'><strong>vero</strong></span> <span class='ocrx_word' id='word_1_301' title='bbox 421 2394 502 2414; x_wconf 82' lang='lat' dir='ltr'><strong>aves</strong></span> <span class='ocrx_word' id='word_1_302' title='bbox 528 2381 561 2412; x_wconf 90' lang='lat' dir='ltr'><strong>in</strong></span> <span class='ocrx_word' id='word_1_303' title='bbox 581 2381 704 2424; x_wconf 79' lang='lat' dir='ltr'><strong>primis</strong></span> <span class='ocrx_word' id='word_1_304' title='bbox 730 2382 875 2414; x_wconf 81' lang='lat' dir='ltr'><strong>infestae</strong></span> <span class='ocrx_word' id='word_1_305' title='bbox 900 2387 984 2414; x_wconf 89' lang='lat' dir='ltr'><strong>sunt</strong></span> <span class='ocrx_word' id='word_1_306' title='bbox 1006 2380 1212 2413; x_wconf 87' lang='lat' dir='ltr'><strong>mercatori—</strong></span> 
     </span>
     <span class='ocr_line' id='line_1_48' title="bbox 221 2432 1213 2475; baseline -0.002 -8"><span class='ocrx_word' id='word_1_307' title='bbox 221 2435 306 2473; x_wconf 84' lang='lat' dir='ltr'><strong>bus,</strong></span> <span class='ocrx_word' id='word_1_308' title='bbox 346 2439 380 2466; x_wconf 85' lang='lat' dir='ltr'><strong>et</strong></span> <span class='ocrx_word' id='word_1_309' title='bbox 401 2433 521 2465; x_wconf 84' lang='lat' dir='ltr'><strong>relicta</strong></span> <span class='ocrx_word' id='word_1_310' title='bbox 546 2432 692 2464; x_wconf 73' lang='lat' dir='ltr'><strong>Arcadia</strong></span> <span class='ocrx_word' id='word_1_311' title='bbox 717 2432 1002 2475; x_wconf 80' lang='lat' dir='ltr'><strong>commigrarunt</strong></span> <span class='ocrx_word' id='word_1_312' title='bbox 1022 2432 1059 2464; x_wconf 88' lang='lat' dir='ltr'><strong>in</strong></span> <span class='ocrx_word' id='word_1_313' title='bbox 1085 2432 1213 2465; x_wconf 86' lang='lat' dir='ltr'><strong>multas</strong></span> 
     </span>
     <span class='ocr_line' id='line_1_49' title="bbox 223 2484 630 2527; baseline -0.002 -9"><span class='ocrx_word' id='word_1_314' title='bbox 223 2484 439 2518; x_wconf 85' lang='lat' dir='ltr'><strong>Germaniae</strong></span> <span class='ocrx_word' id='word_1_315' title='bbox 457 2484 630 2527; x_wconf 73' lang='lat' dir='ltr'><strong>regiones.</strong></span> 
     </span>
    </p>
   </div>
   <div class='ocr_carea' id='block_1_8' title="bbox 1231 1558 1240 2081">
    <p class='ocr_par' dir='ltr' id='par_1_12' title="bbox 1231 1558 1240 2081">
     <span class='ocr_line' id='line_1_50' title="bbox 1231 1558 1240 2081; baseline 0 0"><span class='ocrx_word' id='word_1_316' title='bbox 1231 1558 1240 2081; x_wconf 95' lang='lat' dir='ltr'><strong> </strong></span> 
     </span>
    </p>
   </div>
   <div class='ocr_carea' id='block_1_9' title="bbox 320 2562 439 2568">
    <p class='ocr_par' dir='ltr' id='par_1_13' title="bbox 320 2562 439 2568">
     <span class='ocr_line' id='line_1_51' title="bbox 320 2562 439 2568; baseline 0 0"><span class='ocrx_word' id='word_1_317' title='bbox 320 2562 439 2568; x_wconf 95' lang='lat' dir='ltr'><strong> </strong></span> 
     </span>
    </p>
   </div>
   <div class='ocr_carea' id='block_1_10' title="bbox 260 2606 1243 2741">
    <p class='ocr_par' dir='ltr' id='par_1_14' title="bbox 260 2606 1243 2741">
     <span class='ocr_line' id='line_1_52' title="bbox 260 2606 850 2637; baseline 0 -6"><span class='ocrx_word' id='word_1_318' title='bbox 260 2608 306 2637; x_wconf 64' lang='lat'><strong>4⁴2)</strong></span> <span class='ocrx_word' id='word_1_319' title='bbox 327 2609 403 2632; x_wconf 61' lang='lat' dir='ltr'><strong>Fons.</strong></span> <span class='ocrx_word' id='word_1_320' title='bbox 425 2609 562 2632; x_wconf 72' lang='lat' dir='ltr'><strong>Plutarch.</strong></span> <span class='ocrx_word' id='word_1_321' title='bbox 583 2608 635 2631; x_wconf 83' lang='lat' dir='ltr'><strong>vita</strong></span> <span class='ocrx_word' id='word_1_322' title='bbox 657 2606 753 2631; x_wconf 75' lang='lat' dir='ltr'><strong>Thesei</strong></span> <span class='ocrx_word' id='word_1_323' title='bbox 773 2613 794 2631; x_wconf 86' lang='lat' dir='ltr'><strong>c.</strong></span> <span class='ocrx_word' id='word_1_324' title='bbox 809 2607 850 2630; x_wconf 81' lang='lat'><strong>31.</strong></span> 
     </span>
     <span class='ocr_line' id='line_1_53' title="bbox 262 2658 946 2690; baseline 0 -8"><span class='ocrx_word' id='word_1_325' title='bbox 262 2660 307 2690; x_wconf 69' lang='lat'><strong>⁴3)</strong></span> <span class='ocrx_word' id='word_1_326' title='bbox 330 2661 434 2683; x_wconf 64' lang='lat' dir='ltr'><strong>Erasini</strong></span> <span class='ocrx_word' id='word_1_327' title='bbox 455 2661 540 2690; x_wconf 75' lang='lat' dir='ltr'><strong>Adag.</strong></span> <span class='ocrx_word' id='word_1_328' title='bbox 561 2660 622 2683; x_wconf 83' lang='lat' dir='ltr'><strong>chil.</strong></span> <span class='ocrx_word' id='word_1_329' title='bbox 637 2660 656 2683; x_wconf 88' lang='lat'><strong>1.</strong></span> <span class='ocrx_word' id='word_1_330' title='bbox 676 2659 745 2682; x_wconf 77' lang='lat' dir='ltr'><strong>cent.</strong></span> <span class='ocrx_word' id='word_1_331' title='bbox 763 2658 808 2682; x_wconf 85' lang='grc' dir='ltr'><strong>ΙΧ.</strong></span> <span class='ocrx_word' id='word_1_332' title='bbox 830 2664 906 2687; x_wconf 76' lang='lat' dir='ltr'><strong>prov.</strong></span> <span class='ocrx_word' id='word_1_333' title='bbox 922 2659 946 2682; x_wconf 68' lang='lat'><strong>⁴.</strong></span> 
     </span>
     <span class='ocr_line' id='line_1_54' title="bbox 261 2699 1243 2741; baseline -0.001 -7"><span class='ocrx_word' id='word_1_334' title='bbox 261 2715 305 2737; x_wconf 60' lang='grc'><strong>4,)</strong></span> <span class='ocrx_word' id='word_1_335' title='bbox 330 2712 473 2735; x_wconf 58' lang='lat' dir='ltr'><strong>&lt;anu-naui</strong></span> <span class='ocrx_word' id='word_1_336' title='bbox 493 2712 572 2741; x_wconf 65' lang='grc' dir='ltr'>ιαμι.</span> <span class='ocrx_word' id='word_1_337' title='bbox 587 2712 620 2741; x_wconf 78' lang='grc' dir='ltr'><strong>ιι,</strong></span> <span class='ocrx_word' id='word_1_338' title='bbox 644 2712 651 2734; x_wconf 87' lang='grc' dir='ltr'><strong>ι</strong></span> <span class='ocrx_word' id='word_1_339' title='bbox 671 2716 711 2738; x_wconf 67' lang='lat' dir='ltr'><strong>sq.</strong></span> <span class='ocrx_word' id='word_1_340' title='bbox 1237 2699 1243 2736; x_wconf 67' lang='grc' dir='ltr'><strong>ί</strong></span> 
     </span>
    </p>
   </div>
   <div class='ocr_carea' id='block_1_11' title="bbox 1070 99 1644 136">
    <p class='ocr_par' dir='ltr' id='par_1_15' title="bbox 1070 99 1644 136">
     <span class='ocr_line' id='line_1_55' title="bbox 1070 99 1644 136; baseline 0 0"><span class='ocrx_word' id='word_1_341' title='bbox 1070 99 1273 136; x_wconf 82' lang='lat' dir='ltr'>SCRIPTA</span> <span class='ocrx_word' id='word_1_342' title='bbox 1307 100 1644 136; x_wconf 83' lang='lat' dir='ltr'><strong>PHILOLOGICA.</strong></span> 
     </span>
    </p>
   </div>
   <div class='ocr_carea' id='block_1_12' title="bbox 1236 1984 1883 2032">
    <p class='ocr_par' dir='ltr' id='par_1_16' title="bbox 1236 1984 1883 2032">
     <span class='ocr_line' id='line_1_56' title="bbox 1236 1984 1883 2032; baseline 0 -12"><span class='ocrx_word' id='word_1_343' title='bbox 1236 2015 1238 2024; x_wconf 75' lang='grc'>,</span> <span class='ocrx_word' id='word_1_344' title='bbox 1265 1986 1366 2032; x_wconf 86' lang='lat' dir='ltr'><strong>quasi</strong></span> <span class='ocrx_word' id='word_1_345' title='bbox 1384 1999 1440 2020; x_wconf 90' lang='lat' dir='ltr'><strong>res</strong></span> <span class='ocrx_word' id='word_1_346' title='bbox 1456 1984 1632 2019; x_wconf 88' lang='lat' dir='ltr'><strong>humanas</strong></span> <span class='ocrx_word' id='word_1_347' title='bbox 1657 1984 1747 2019; x_wconf 90' lang='lat' dir='ltr'><strong>nihil</strong></span> <span class='ocrx_word' id='word_1_348' title='bbox 1774 1993 1883 2020; x_wconf 87' lang='lat' dir='ltr'><strong>curet.</strong></span> 
     </span>
    </p>
   </div>
   <div class='ocr_carea' id='block_1_13' title="bbox 2159 98 2236 135">
    <p class='ocr_par' dir='ltr' id='par_1_17' title="bbox 2159 98 2236 135">
     <span class='ocr_line' id='line_1_57' title="bbox 2159 98 2236 135; baseline 0.013 -1"><span class='ocrx_word' id='word_1_349' title='bbox 2159 98 2236 135; x_wconf 84' lang='lat'><strong>596</strong></span> 
     </span>
    </p>
   </div>
   <div class='ocr_carea' id='block_1_14' title="bbox 1244 187 2241 335">
    <p class='ocr_par' dir='ltr' id='par_1_18' title="bbox 1244 187 2241 335">
     <span class='ocr_line' id='line_1_58' title="bbox 1345 187 2238 231; baseline 0 -11"><span class='ocrx_word' id='word_1_350' title='bbox 1345 187 1489 222; x_wconf 86' lang='lat' dir='ltr'><strong>Taurus</strong></span> <span class='ocrx_word' id='word_1_351' title='bbox 1501 214 1510 228; x_wconf 89' lang='lat'>‚</span> <span class='ocrx_word' id='word_1_352' title='bbox 1539 200 1640 221; x_wconf 86' lang='lat' dir='ltr'><strong>cerva</strong></span> <span class='ocrx_word' id='word_1_353' title='bbox 1655 214 1664 227; x_wconf 90' lang='lat'><strong>,</strong></span> <span class='ocrx_word' id='word_1_354' title='bbox 1691 187 1768 226; x_wconf 85' lang='lat' dir='ltr'><strong>leo,</strong></span> <span class='ocrx_word' id='word_1_355' title='bbox 1804 187 1897 219; x_wconf 85' lang='lat' dir='ltr'><strong>inter</strong></span> <span class='ocrx_word' id='word_1_356' title='bbox 1924 192 2176 231; x_wconf 84' lang='lat' dir='ltr'><strong>praepotentes</strong></span> <span class='ocrx_word' id='word_1_357' title='bbox 2204 193 2238 220; x_wconf 86' lang='lat' dir='ltr'><strong>et</strong></span> 
     </span>
     <span class='ocr_line' id='line_1_59' title="bbox 1244 236 2240 283; baseline -0.002 -11"><span class='ocrx_word' id='word_1_358' title='bbox 1244 238 1381 273; x_wconf 88' lang='lat' dir='ltr'><strong>nobiles</strong></span> <span class='ocrx_word' id='word_1_359' title='bbox 1399 239 1557 272; x_wconf 88' lang='lat' dir='ltr'><strong>latrones</strong></span> <span class='ocrx_word' id='word_1_360' title='bbox 1573 238 1788 273; x_wconf 89' lang='lat' dir='ltr'><strong>numerandi</strong></span> <span class='ocrx_word' id='word_1_361' title='bbox 1808 244 1909 278; x_wconf 86' lang='lat' dir='ltr'><strong>sunt,</strong></span> <span class='ocrx_word' id='word_1_362' title='bbox 1938 237 1999 283; x_wconf 87' lang='lat' dir='ltr'><strong>qui</strong></span> <span class='ocrx_word' id='word_1_363' title='bbox 2016 236 2146 272; x_wconf 89' lang='lat' dir='ltr'><strong>horum</strong></span> <span class='ocrx_word' id='word_1_364' title='bbox 2163 237 2240 271; x_wconf 86' lang='lat' dir='ltr'><strong>ani-</strong></span> 
     </span>
     <span class='ocr_line' id='line_1_60' title="bbox 1245 290 2241 335; baseline 0 -13"><span class='ocrx_word' id='word_1_365' title='bbox 1245 290 1393 323; x_wconf 86' lang='lat' dir='ltr'><strong>malium</strong></span> <span class='ocrx_word' id='word_1_366' title='bbox 1412 291 1469 323; x_wconf 89' lang='lat' dir='ltr'><strong>vel</strong></span> <span class='ocrx_word' id='word_1_367' title='bbox 1485 290 1638 334; x_wconf 86' lang='lat' dir='ltr'><strong>insignia</strong></span> <span class='ocrx_word' id='word_1_368' title='bbox 1656 290 1712 323; x_wconf 88' lang='lat' dir='ltr'><strong>vel</strong></span> <span class='ocrx_word' id='word_1_369' title='bbox 1728 290 1875 323; x_wconf 90' lang='lat' dir='ltr'><strong>nomina</strong></span> <span class='ocrx_word' id='word_1_370' title='bbox 1893 295 2095 333; x_wconf 87' lang='lat' dir='ltr'><strong>gesserunt;</strong></span> <span class='ocrx_word' id='word_1_371' title='bbox 2115 301 2241 335; x_wconf 86' lang='lat' dir='ltr'><strong>quam-</strong></span> 
     </span>
    </p>
   </div>
   <div class='ocr_carea' id='block_1_15' title="bbox 1184 340 2242 489">
    <p class='ocr_par' dir='ltr' id='par_1_19' title="bbox 1184 340 2242 489">
     <span class='ocr_line' id='line_1_61' title="bbox 1217 340 2242 386; baseline -0.001 -12"><span class='ocrx_word' id='word_1_372' title='bbox 1217 378 1219 381; x_wconf 26' lang='lat'><strong>,</strong></span> <span class='ocrx_word' id='word_1_373' title='bbox 1246 353 1352 386; x_wconf 86' lang='lat' dir='ltr'><strong>quarn</strong></span> <span class='ocrx_word' id='word_1_374' title='bbox 1379 341 1455 374; x_wconf 89' lang='lat' dir='ltr'><strong>fieri</strong></span> <span class='ocrx_word' id='word_1_375' title='bbox 1482 341 1589 374; x_wconf 88' lang='lat' dir='ltr'><strong>etiam</strong></span> <span class='ocrx_word' id='word_1_376' title='bbox 1617 347 1752 385; x_wconf 86' lang='lat' dir='ltr'><strong>potest,</strong></span> <span class='ocrx_word' id='word_1_377' title='bbox 1787 347 1827 374; x_wconf 90' lang='lat' dir='ltr'><strong>ut</strong></span> <span class='ocrx_word' id='word_1_378' title='bbox 1851 340 2038 380; x_wconf 88' lang='lat' dir='ltr'><strong>Hercules,</strong></span> <span class='ocrx_word' id='word_1_379' title='bbox 2070 341 2242 386; x_wconf 88' lang='lat' dir='ltr'><strong>quemad-</strong></span> 
     </span>
     <span class='ocr_line' id='line_1_62' title="bbox 1218 390 2242 437; baseline 0 -12"><span class='ocrx_word' id='word_1_380' title='bbox 1218 390 1219 409; x_wconf 72' lang='lat'>³</span> <span class='ocrx_word' id='word_1_381' title='bbox 1246 393 1393 425; x_wconf 88' lang='lat' dir='ltr'><strong>modum</strong></span> <span class='ocrx_word' id='word_1_382' title='bbox 1422 391 1564 426; x_wconf 88' lang='lat' dir='ltr'><strong>Simson</strong></span> <span class='ocrx_word' id='word_1_383' title='bbox 1578 391 1651 437; x_wconf 76' lang='lat'><strong>¹²⁵),</strong></span> <span class='ocrx_word' id='word_1_384' title='bbox 1695 392 1862 426; x_wconf 89' lang='lat' dir='ltr'><strong>inciderit</strong></span> <span class='ocrx_word' id='word_1_385' title='bbox 1889 392 1980 425; x_wconf 84' lang='lat' dir='ltr'><strong>forte</strong></span> <span class='ocrx_word' id='word_1_386' title='bbox 2015 391 2052 424; x_wconf 84' lang='lat' dir='ltr'><strong>in</strong></span> <span class='ocrx_word' id='word_1_387' title='bbox 2087 392 2242 431; x_wconf 86' lang='lat' dir='ltr'><strong>leonem,</strong></span> 
     </span>
     <span class='ocr_line' id='line_1_63' title="bbox 1184 443 1990 489; baseline -0.001 -13"><span class='ocrx_word' id='word_1_388' title='bbox 1184 469 1192 483; x_wconf 92' lang='lat'><strong>,</strong></span> <span class='ocrx_word' id='word_1_389' title='bbox 1218 479 1220 483; x_wconf 22' lang='lat' dir='ltr'><strong>f</strong></span> <span class='ocrx_word' id='word_1_390' title='bbox 1247 455 1400 489; x_wconf 86' lang='lat' dir='ltr'><strong>eumque</strong></span> <span class='ocrx_word' id='word_1_391' title='bbox 1416 443 1645 476; x_wconf 89' lang='lat' dir='ltr'><strong>memorabili</strong></span> <span class='ocrx_word' id='word_1_392' title='bbox 1662 455 1744 477; x_wconf 90' lang='lat' dir='ltr'><strong>casu</strong></span> <span class='ocrx_word' id='word_1_393' title='bbox 1762 443 1990 477; x_wconf 85' lang='lat' dir='ltr'><strong>interfecerit.</strong></span> 
     </span>
    </p>
   </div>
   <div class='ocr_carea' id='block_1_16' title="bbox 1350 493 2243 539">
    <p class='ocr_par' dir='ltr' id='par_1_20' title="bbox 1350 493 2243 539">
     <span class='ocr_line' id='line_1_64' title="bbox 1350 493 2243 539; baseline -0.001 -12"><span class='ocrx_word' id='word_1_394' title='bbox 1350 494 1489 536; x_wconf 85' lang='lat' dir='ltr'><strong>Draco,</strong></span> <span class='ocrx_word' id='word_1_395' title='bbox 1516 494 1671 539; x_wconf 83' lang='lat' dir='ltr'><strong>pomarii</strong></span> <span class='ocrx_word' id='word_1_396' title='bbox 1694 500 1831 535; x_wconf 90' lang='lat' dir='ltr'><strong>custos,</strong></span> <span class='ocrx_word' id='word_1_397' title='bbox 1865 495 1932 529; x_wconf 83' lang='lat' dir='ltr'><strong>suit</strong></span> <span class='ocrx_word' id='word_1_398' title='bbox 1953 494 2010 539; x_wconf 90' lang='lat' dir='ltr'><strong>(ut</strong></span> <span class='ocrx_word' id='word_1_399' title='bbox 2028 493 2167 528; x_wconf 88' lang='lat' dir='ltr'><strong>Plinius</strong></span> <span class='ocrx_word' id='word_1_400' title='bbox 2189 505 2243 526; x_wconf 88' lang='lat' dir='ltr'><strong>re-</strong></span> 
     </span>
    </p>
   </div>
   <div class='ocr_carea' id='block_1_17' title="bbox 1220 545 2241 593">
    <p class='ocr_par' dir='ltr' id='par_1_21' title="bbox 1220 545 2241 593">
     <span class='ocr_line' id='line_1_65' title="bbox 1220 545 2241 593; baseline -0.001 -14"><span class='ocrx_word' id='word_1_401' title='bbox 1220 583 1222 593; x_wconf 45' lang='grc' dir='ltr'>Ι</span> <span class='ocrx_word' id='word_1_402' title='bbox 1248 546 1333 592; x_wconf 83' lang='lat' dir='ltr'><strong>fert)</strong></span> <span class='ocrx_word' id='word_1_403' title='bbox 1352 552 1490 580; x_wconf 85' lang='lat' dir='ltr'><strong>meatus</strong></span> <span class='ocrx_word' id='word_1_404' title='bbox 1508 545 1617 579; x_wconf 85' lang='lat' dir='ltr'><strong>maris</strong></span> <span class='ocrx_word' id='word_1_405' title='bbox 1634 545 1830 586; x_wconf 85' lang='lat' dir='ltr'><strong>flexuosus,</strong></span> <span class='ocrx_word' id='word_1_406' title='bbox 1858 546 1920 592; x_wconf 86' lang='lat' dir='ltr'><strong>qui</strong></span> <span class='ocrx_word' id='word_1_407' title='bbox 1936 545 2063 590; x_wconf 88' lang='lat' dir='ltr'><strong>procul</strong></span> <span class='ocrx_word' id='word_1_408' title='bbox 2080 550 2241 589; x_wconf 89' lang='lat' dir='ltr'><strong>spectan-</strong></span> 
     </span>
    </p>
   </div>
   <div class='ocr_carea' id='block_1_18' title="bbox 1221 596 2245 682">
    <p class='ocr_par' dir='ltr' id='par_1_22' title="bbox 1221 596 2245 682">
     <span class='ocr_line' id='line_1_66' title="bbox 1221 596 2245 644; baseline -0.002 -14"><span class='ocrx_word' id='word_1_409' title='bbox 1221 615 1223 644; x_wconf 36' lang='grc' dir='ltr'><em>ὲ</em></span> <span class='ocrx_word' id='word_1_410' title='bbox 1250 597 1343 632; x_wconf 88' lang='lat' dir='ltr'><strong>tibus</strong></span> <span class='ocrx_word' id='word_1_411' title='bbox 1360 598 1555 641; x_wconf 83' lang='lat' dir='ltr'><strong>praebebat</strong></span> <span class='ocrx_word' id='word_1_412' title='bbox 1581 597 1732 641; x_wconf 85' lang='lat' dir='ltr'><strong>effigiem</strong></span> <span class='ocrx_word' id='word_1_413' title='bbox 1756 597 1854 641; x_wconf 86' lang='lat' dir='ltr'><strong>longi</strong></span> <span class='ocrx_word' id='word_1_414' title='bbox 1878 610 1918 630; x_wconf 89' lang='lat' dir='ltr'><strong>ac</strong></span> <span class='ocrx_word' id='word_1_415' title='bbox 1941 596 2095 630; x_wconf 84' lang='lat' dir='ltr'><strong>tortuosi</strong></span> <span class='ocrx_word' id='word_1_416' title='bbox 2120 597 2245 629; x_wconf 85' lang='lat' dir='ltr'><strong>draco-</strong></span> 
     </span>
     <span class='ocr_line' id='line_1_67' title="bbox 1250 662 1316 682; baseline 0.015 -1"><span class='ocrx_word' id='word_1_417' title='bbox 1250 662 1316 682; x_wconf 86' lang='lat' dir='ltr'><strong>nlS.</strong></span> 
     </span>
    </p>
   </div>
   <div class='ocr_carea' id='block_1_19' title="bbox 1251 645 2254 1296">
    <p class='ocr_par' dir='ltr' id='par_1_23' title="bbox 1251 645 2246 745">
     <span class='ocr_line' id='line_1_68' title="bbox 1385 645 2246 692; baseline -0.001 -11"><span class='ocrx_word' id='word_1_418' title='bbox 1385 648 1439 681; x_wconf 88' lang='lat' dir='ltr'><strong>Eo</strong></span> <span class='ocrx_word' id='word_1_419' title='bbox 1464 655 1586 682; x_wconf 88' lang='lat' dir='ltr'><strong>meatu</strong></span> <span class='ocrx_word' id='word_1_420' title='bbox 1611 655 1715 681; x_wconf 89' lang='lat' dir='ltr'><strong>erant</strong></span> <span class='ocrx_word' id='word_1_421' title='bbox 1741 648 1846 682; x_wconf 90' lang='lat' dir='ltr'><strong>cincti</strong></span> <span class='ocrx_word' id='word_1_422' title='bbox 1869 648 2108 692; x_wconf 88' lang='lat' dir='ltr'><strong>Hesperidum</strong></span> <span class='ocrx_word' id='word_1_423' title='bbox 2136 645 2246 687; x_wconf 86' lang='lat' dir='ltr'><strong>horti,</strong></span> 
     </span>
     <span class='ocr_line' id='line_1_69' title="bbox 1251 699 1863 745; baseline -0.002 -11"><span class='ocrx_word' id='word_1_424' title='bbox 1251 712 1341 745; x_wconf 89' lang='lat' dir='ltr'><strong>quos</strong></span> <span class='ocrx_word' id='word_1_425' title='bbox 1358 699 1527 734; x_wconf 88' lang='lat' dir='ltr'><strong>Hercules</strong></span> <span class='ocrx_word' id='word_1_426' title='bbox 1543 700 1781 744; x_wconf 89' lang='lat' dir='ltr'><strong>depopulatus</strong></span> <span class='ocrx_word' id='word_1_427' title='bbox 1800 706 1863 734; x_wconf 90' lang='lat' dir='ltr'><strong>est.</strong></span> 
     </span>
    </p>

    <p class='ocr_par' dir='ltr' id='par_1_24' title="bbox 1251 748 2250 1001">
     <span class='ocr_line' id='line_1_70' title="bbox 1354 748 2247 795; baseline -0.003 -11"><span class='ocrx_word' id='word_1_428' title='bbox 1354 751 1525 784; x_wconf 83' lang='lat' dir='ltr'><strong>Centauri</strong></span> <span class='ocrx_word' id='word_1_429' title='bbox 1542 753 1688 785; x_wconf 89' lang='lat' dir='ltr'><strong>fuerunt</strong></span> <span class='ocrx_word' id='word_1_430' title='bbox 1704 751 1831 795; x_wconf 82' lang='lat' dir='ltr'><strong>populi</strong></span> <span class='ocrx_word' id='word_1_431' title='bbox 1841 748 2048 784; x_wconf 85' lang='lat' dir='ltr'><strong>Thessaliae</strong></span> <span class='ocrx_word' id='word_1_432' title='bbox 2059 775 2069 789; x_wconf 92' lang='lat'>‚</span> <span class='ocrx_word' id='word_1_433' title='bbox 2097 748 2160 795; x_wconf 87' lang='lat' dir='ltr'><strong>qui</strong></span> <span class='ocrx_word' id='word_1_434' title='bbox 2175 749 2247 793; x_wconf 89' lang='lat' dir='ltr'><strong>pri-</strong></span> 
     </span>
     <span class='ocr_line' id='line_1_71' title="bbox 1251 800 2249 847; baseline -0.002 -13"><span class='ocrx_word' id='word_1_435' title='bbox 1251 802 1301 834; x_wconf 86' lang='lat' dir='ltr'><strong>mi</strong></span> <span class='ocrx_word' id='word_1_436' title='bbox 1318 802 1455 847; x_wconf 89' lang='lat' dir='ltr'><strong>equites</strong></span> <span class='ocrx_word' id='word_1_437' title='bbox 1471 802 1579 836; x_wconf 83' lang='lat' dir='ltr'><strong>fuisse</strong></span> <span class='ocrx_word' id='word_1_438' title='bbox 1603 800 1857 846; x_wconf 88' lang='lat' dir='ltr'><strong>perhibentur;</strong></span> <span class='ocrx_word' id='word_1_439' title='bbox 1893 814 1933 835; x_wconf 90' lang='lat' dir='ltr'><strong>ac</strong></span> <span class='ocrx_word' id='word_1_440' title='bbox 1957 801 2038 834; x_wconf 92' lang='lat' dir='ltr'><strong>ideo</strong></span> <span class='ocrx_word' id='word_1_441' title='bbox 2064 800 2249 844; x_wconf 86' lang='lat' dir='ltr'><strong>finguntur</strong></span> 
     </span>
     <span class='ocr_line' id='line_1_72' title="bbox 1252 851 2250 900; baseline -0.002 -15"><span class='ocrx_word' id='word_1_442' title='bbox 1252 853 1488 894; x_wconf 86' lang='lat' dir='ltr'><strong>bimembres,</strong></span> <span class='ocrx_word' id='word_1_443' title='bbox 1516 854 1689 899; x_wconf 85' lang='lat' dir='ltr'><strong>quoniam</strong></span> <span class='ocrx_word' id='word_1_444' title='bbox 1708 854 1746 886; x_wconf 90' lang='lat' dir='ltr'><strong>in</strong></span> <span class='ocrx_word' id='word_1_445' title='bbox 1764 854 1943 900; x_wconf 88' lang='lat' dir='ltr'><strong>equitibus</strong></span> <span class='ocrx_word' id='word_1_446' title='bbox 1956 851 2083 897; x_wconf 88' lang='lat' dir='ltr'><strong>procul</strong></span> <span class='ocrx_word' id='word_1_447' title='bbox 2100 857 2250 896; x_wconf 87' lang='lat' dir='ltr'><strong>apparet</strong></span> 
     </span>
     <span class='ocr_line' id='line_1_73' title="bbox 1253 901 2250 951; baseline -0.002 -15"><span class='ocrx_word' id='word_1_448' title='bbox 1253 904 1362 937; x_wconf 87' lang='lat' dir='ltr'><strong>mixta</strong></span> <span class='ocrx_word' id='word_1_449' title='bbox 1380 905 1513 948; x_wconf 92' lang='lat' dir='ltr'><strong>species</strong></span> <span class='ocrx_word' id='word_1_450' title='bbox 1531 905 1614 951; x_wconf 89' lang='lat' dir='ltr'><strong>equi</strong></span> <span class='ocrx_word' id='word_1_451' title='bbox 1632 911 1667 937; x_wconf 93' lang='lat' dir='ltr'><strong>et</strong></span> <span class='ocrx_word' id='word_1_452' title='bbox 1684 905 1765 940; x_wconf 85' lang='lat' dir='ltr'><strong>viri.</strong></span> <span class='ocrx_word' id='word_1_453' title='bbox 1821 905 1910 939; x_wconf 89' lang='lat' dir='ltr'><strong>Cum</strong></span> <span class='ocrx_word' id='word_1_454' title='bbox 1927 902 1983 938; x_wconf 90' lang='lat' dir='ltr'><strong>his</strong></span> <span class='ocrx_word' id='word_1_455' title='bbox 2001 902 2145 948; x_wconf 90' lang='lat' dir='ltr'><strong>populis</strong></span> <span class='ocrx_word' id='word_1_456' title='bbox 2160 901 2250 935; x_wconf 78' lang='lat' dir='ltr'><strong>Her·</strong></span> 
     </span>
     <span class='ocr_line' id='line_1_74' title="bbox 1254 955 1711 1001; baseline 0.002 -13"><span class='ocrx_word' id='word_1_457' title='bbox 1254 956 1349 990; x_wconf 87' lang='lat' dir='ltr'><strong>cules</strong></span> <span class='ocrx_word' id='word_1_458' title='bbox 1366 967 1510 1001; x_wconf 88' lang='lat' dir='ltr'><strong>quoque</strong></span> <span class='ocrx_word' id='word_1_459' title='bbox 1526 955 1711 1000; x_wconf 83' lang='lat' dir='ltr'><strong>pugnavit.</strong></span> 
     </span>
    </p>

    <p class='ocr_par' dir='ltr' id='par_1_25' title="bbox 1254 1005 2254 1296">
     <span class='ocr_line' id='line_1_75' title="bbox 1357 1005 2251 1051; baseline -0.001 -12"><span class='ocrx_word' id='word_1_460' title='bbox 1357 1006 1470 1040; x_wconf 88' lang='lat' dir='ltr'><strong>Cacus</strong></span> <span class='ocrx_word' id='word_1_461' title='bbox 1502 1007 1570 1040; x_wconf 87' lang='lat' dir='ltr'><strong>fuit</strong></span> <span class='ocrx_word' id='word_1_462' title='bbox 1600 1006 1767 1050; x_wconf 89' lang='lat' dir='ltr'><strong>princeps</strong></span> <span class='ocrx_word' id='word_1_463' title='bbox 1793 1006 2035 1050; x_wconf 87' lang='lat' dir='ltr'><strong>Campaniae,</strong></span> <span class='ocrx_word' id='word_1_464' title='bbox 2079 1005 2143 1051; x_wconf 90' lang='lat' dir='ltr'><strong>qui</strong></span> <span class='ocrx_word' id='word_1_465' title='bbox 2170 1017 2251 1039; x_wconf 84' lang='lat' dir='ltr'><strong>curn</strong></span> 
     </span>
     <span class='ocr_line' id='line_1_76' title="bbox 1255 1056 2252 1097; baseline 0 -8"><span class='ocrx_word' id='word_1_466' title='bbox 1255 1062 1344 1090; x_wconf 86' lang='lat' dir='ltr'><strong>esset</strong></span> <span class='ocrx_word' id='word_1_467' title='bbox 1360 1056 1534 1090; x_wconf 88' lang='lat' dir='ltr'><strong>Euandro</strong></span> <span class='ocrx_word' id='word_1_468' title='bbox 1561 1058 1726 1097; x_wconf 84' lang='lat' dir='ltr'><strong>infestus,</strong></span> <span class='ocrx_word' id='word_1_469' title='bbox 1760 1058 1848 1090; x_wconf 89' lang='lat' dir='ltr'><strong>duce</strong></span> <span class='ocrx_word' id='word_1_470' title='bbox 1866 1057 2018 1090; x_wconf 88' lang='lat' dir='ltr'><strong>Hercule</strong></span> <span class='ocrx_word' id='word_1_471' title='bbox 2043 1057 2088 1089; x_wconf 86' lang='lat' dir='ltr'><strong>ab</strong></span> <span class='ocrx_word' id='word_1_472' title='bbox 2104 1056 2252 1090; x_wconf 87' lang='lat' dir='ltr'><strong>Arcadi-</strong></span> 
     </span>
     <span class='ocr_line' id='line_1_77' title="bbox 1254 1107 2253 1153; baseline 0 -13"><span class='ocrx_word' id='word_1_473' title='bbox 1254 1109 1319 1141; x_wconf 88' lang='lat' dir='ltr'><strong>bus</strong></span> <span class='ocrx_word' id='word_1_474' title='bbox 1337 1120 1527 1153; x_wconf 88' lang='lat' dir='ltr'><strong>oppressus</strong></span> <span class='ocrx_word' id='word_1_475' title='bbox 1539 1135 1549 1148; x_wconf 90' lang='lat'><em>‚</em></span> <span class='ocrx_word' id='word_1_476' title='bbox 1577 1114 1611 1141; x_wconf 92' lang='lat' dir='ltr'><strong>et</strong></span> <span class='ocrx_word' id='word_1_477' title='bbox 1627 1109 1726 1141; x_wconf 86' lang='lat' dir='ltr'><strong>sumo</strong></span> <span class='ocrx_word' id='word_1_478' title='bbox 1744 1114 1890 1142; x_wconf 91' lang='lat' dir='ltr'><strong>necatus</strong></span> <span class='ocrx_word' id='word_1_479' title='bbox 1906 1113 1976 1148; x_wconf 87' lang='lat' dir='ltr'><strong>est,</strong></span> <span class='ocrx_word' id='word_1_480' title='bbox 2007 1107 2088 1152; x_wconf 87' lang='lat' dir='ltr'><strong>igne</strong></span> <span class='ocrx_word' id='word_1_481' title='bbox 2113 1107 2152 1140; x_wconf 91' lang='lat' dir='ltr'><strong>in</strong></span> <span class='ocrx_word' id='word_1_482' title='bbox 2175 1119 2253 1151; x_wconf 84' lang='lat' dir='ltr'><strong>spe·</strong></span> 
     </span>
     <span class='ocr_line' id='line_1_78' title="bbox 1255 1157 2254 1202; baseline -0.001 -10"><span class='ocrx_word' id='word_1_483' title='bbox 1255 1160 1360 1192; x_wconf 86' lang='lat' dir='ltr'><strong>lnnca</strong></span> <span class='ocrx_word' id='word_1_484' title='bbox 1384 1172 1573 1200; x_wconf 88' lang='lat' dir='ltr'><strong>succenso,</strong></span> <span class='ocrx_word' id='word_1_485' title='bbox 1608 1160 1670 1193; x_wconf 88' lang='lat' dir='ltr'><strong>ubi</strong></span> <span class='ocrx_word' id='word_1_486' title='bbox 1697 1171 1771 1193; x_wconf 91' lang='lat' dir='ltr'><strong>sese</strong></span> <span class='ocrx_word' id='word_1_487' title='bbox 1794 1159 1992 1192; x_wconf 87' lang='lat' dir='ltr'><strong>abdiderat.</strong></span> <span class='ocrx_word' id='word_1_488' title='bbox 2052 1157 2085 1192; x_wconf 88' lang='lat' dir='ltr'><strong>Is</strong></span> <span class='ocrx_word' id='word_1_489' title='bbox 2107 1158 2254 1202; x_wconf 86' lang='lat' dir='ltr'><strong>fingitur</strong></span> 
     </span>
     <span class='ocr_line' id='line_1_79' title="bbox 1256 1208 2252 1256; baseline -0.003 -13"><span class='ocrx_word' id='word_1_490' title='bbox 1256 1210 1433 1255; x_wconf 83' lang='lat' dir='ltr'><strong>exspuisse</strong></span> <span class='ocrx_word' id='word_1_491' title='bbox 1451 1211 1584 1255; x_wconf 85' lang='lat' dir='ltr'><strong>ignem,</strong></span> <span class='ocrx_word' id='word_1_492' title='bbox 1612 1217 1803 1255; x_wconf 87' lang='lat' dir='ltr'><strong>propterea</strong></span> <span class='ocrx_word' id='word_1_493' title='bbox 1823 1211 1921 1256; x_wconf 92' lang='lat' dir='ltr'><strong>quod</strong></span> <span class='ocrx_word' id='word_1_494' title='bbox 1938 1209 2113 1243; x_wconf 90' lang='lat' dir='ltr'><strong>incendiis</strong></span> <span class='ocrx_word' id='word_1_495' title='bbox 2130 1208 2252 1242; x_wconf 86' lang='lat' dir='ltr'><strong>omnia</strong></span> 
     </span>
     <span class='ocr_line' id='line_1_80' title="bbox 1257 1263 1480 1296; baseline 0.009 -2"><span class='ocrx_word' id='word_1_496' title='bbox 1257 1263 1480 1296; x_wconf 76' lang='lat' dir='ltr'><strong>devastabat.</strong></span> 
     </span>
    </p>
   </div>
   <div class='ocr_carea' id='block_1_20' title="bbox 1360 1312 2255 1359">
    <p class='ocr_par' dir='ltr' id='par_1_26' title="bbox 1360 1312 2255 1359">
     <span class='ocr_line' id='line_1_81' title="bbox 1360 1312 2255 1359; baseline -0.002 -13"><span class='ocrx_word' id='word_1_497' title='bbox 1360 1313 1531 1357; x_wconf 85' lang='lat' dir='ltr'><strong>Magnam</strong></span> <span class='ocrx_word' id='word_1_498' title='bbox 1550 1325 1694 1359; x_wconf 89' lang='lat' dir='ltr'><strong>quoque</strong></span> <span class='ocrx_word' id='word_1_499' title='bbox 1719 1313 1872 1357; x_wconf 85' lang='lat' dir='ltr'><strong>gloriam</strong></span> <span class='ocrx_word' id='word_1_500' title='bbox 1892 1312 2063 1346; x_wconf 87' lang='lat' dir='ltr'><strong>Hercules</strong></span> <span class='ocrx_word' id='word_1_501' title='bbox 2088 1323 2255 1345; x_wconf 89' lang='lat' dir='ltr'><strong>consecu-</strong></span> 
     </span>
    </p>
   </div>
   <div class='ocr_carea' id='block_1_21' title="bbox 1229 1363 2254 1552">
    <p class='ocr_par' dir='ltr' id='par_1_27' title="bbox 1229 1363 2254 1552">
     <span class='ocr_line' id='line_1_82' title="bbox 1229 1363 2252 1408; baseline -0.003 -11"><span class='ocrx_word' id='word_1_502' title='bbox 1229 1371 1231 1401; x_wconf 56' lang='grc' dir='ltr'>ζ</span> <span class='ocrx_word' id='word_1_503' title='bbox 1257 1371 1312 1397; x_wconf 92' lang='lat' dir='ltr'><strong>tus</strong></span> <span class='ocrx_word' id='word_1_504' title='bbox 1329 1371 1380 1399; x_wconf 88' lang='lat' dir='ltr'><strong>est</strong></span> <span class='ocrx_word' id='word_1_505' title='bbox 1394 1371 1573 1398; x_wconf 86' lang='lat' dir='ltr'><strong>astrorum</strong></span> <span class='ocrx_word' id='word_1_506' title='bbox 1592 1363 1743 1408; x_wconf 87' lang='lat' dir='ltr'><strong>sphaera</strong></span> <span class='ocrx_word' id='word_1_507' title='bbox 1755 1364 1792 1397; x_wconf 90' lang='lat' dir='ltr'><strong>in</strong></span> <span class='ocrx_word' id='word_1_508' title='bbox 1803 1364 1992 1398; x_wconf 87' lang='lat' dir='ltr'><strong>Graeciam</strong></span> <span class='ocrx_word' id='word_1_509' title='bbox 2007 1364 2128 1403; x_wconf 87' lang='lat' dir='ltr'><strong>allata,</strong></span> <span class='ocrx_word' id='word_1_510' title='bbox 2144 1373 2252 1408; x_wconf 86' lang='lat' dir='ltr'><strong>quam</strong></span> 
     </span>
     <span class='ocr_line' id='line_1_83' title="bbox 1230 1414 2253 1461; baseline -0.004 -12"><span class='ocrx_word' id='word_1_511' title='bbox 1230 1443 1231 1461; x_wconf 28' lang='grc' dir='ltr'>ἢ</span> <span class='ocrx_word' id='word_1_512' title='bbox 1257 1416 1376 1455; x_wconf 80' lang='lat' dir='ltr'><strong>Atlas,</strong></span> <span class='ocrx_word' id='word_1_513' title='bbox 1416 1415 1659 1449; x_wconf 87' lang='lat' dir='ltr'><strong>Mauritaniae</strong></span> <span class='ocrx_word' id='word_1_514' title='bbox 1682 1427 1764 1455; x_wconf 89' lang='lat' dir='ltr'><strong>rex,</strong></span> <span class='ocrx_word' id='word_1_515' title='bbox 1805 1415 1913 1459; x_wconf 89' lang='lat' dir='ltr'><strong>paulo</strong></span> <span class='ocrx_word' id='word_1_516' title='bbox 1940 1419 2023 1447; x_wconf 83' lang='lat' dir='ltr'><strong>ante</strong></span> <span class='ocrx_word' id='word_1_517' title='bbox 2054 1414 2253 1447; x_wconf 88' lang='lat' dir='ltr'><strong>invenerat.</strong></span> 
     </span>
     <span class='ocr_line' id='line_1_84' title="bbox 1231 1464 2254 1511; baseline -0.001 -12"><span class='ocrx_word' id='word_1_518' title='bbox 1231 1495 1232 1511; x_wconf 72' lang='lat'><em>÷</em></span> <span class='ocrx_word' id='word_1_519' title='bbox 1258 1466 1303 1499; x_wconf 85' lang='lat' dir='ltr'><strong>Et</strong></span> <span class='ocrx_word' id='word_1_520' title='bbox 1320 1464 1385 1499; x_wconf 89' lang='lat' dir='ltr'><strong>hac</strong></span> <span class='ocrx_word' id='word_1_521' title='bbox 1402 1468 1445 1499; x_wconf 90' lang='lat' dir='ltr'><strong>de</strong></span> <span class='ocrx_word' id='word_1_522' title='bbox 1462 1478 1565 1500; x_wconf 90' lang='lat' dir='ltr'><strong>causa</strong></span> <span class='ocrx_word' id='word_1_523' title='bbox 1584 1466 1699 1499; x_wconf 83' lang='lat' dir='ltr'><strong>dictus</strong></span> <span class='ocrx_word' id='word_1_524' title='bbox 1717 1471 1768 1499; x_wconf 89' lang='lat' dir='ltr'><strong>est</strong></span> <span class='ocrx_word' id='word_1_525' title='bbox 1784 1466 1873 1499; x_wconf 85' lang='lat' dir='ltr'><strong>alter</strong></span> <span class='ocrx_word' id='word_1_526' title='bbox 1893 1465 2166 1509; x_wconf 79' lang='lat' dir='ltr'><strong>postAtlantem</strong></span> <span class='ocrx_word' id='word_1_527' title='bbox 2181 1476 2254 1498; x_wconf 84' lang='lat' dir='ltr'><strong>sus·</strong></span> 
     </span>
     <span class='ocr_line' id='line_1_85' title="bbox 1231 1515 1755 1552; baseline 0.004 -4"><span class='ocrx_word' id='word_1_528' title='bbox 1231 1545 1233 1548; x_wconf 91' lang='lat'><strong>.</strong></span> <span class='ocrx_word' id='word_1_529' title='bbox 1260 1518 1405 1552; x_wconf 88' lang='lat' dir='ltr'><strong>tinuisse</strong></span> <span class='ocrx_word' id='word_1_530' title='bbox 1427 1517 1564 1550; x_wconf 86' lang='lat' dir='ltr'><strong>coelum</strong></span> <span class='ocrx_word' id='word_1_531' title='bbox 1583 1515 1755 1550; x_wconf 88' lang='lat' dir='ltr'><strong>humeris.</strong></span> 
     </span>
    </p>
   </div>
   <div class='ocr_carea' id='block_1_22' title="bbox 1284 1599 2227 1646">
    <p class='ocr_par' dir='ltr' id='par_1_28' title="bbox 1284 1599 2227 1646">
     <span class='ocr_line' id='line_1_86' title="bbox 1284 1599 2227 1646; baseline -0.001 -11"><span class='ocrx_word' id='word_1_532' title='bbox 1284 1601 1551 1646; x_wconf 85' lang='lat' dir='ltr'><strong>Indignatio</strong></span> <span class='ocrx_word' id='word_1_533' title='bbox 1577 1600 1792 1635; x_wconf 90' lang='lat' dir='ltr'><strong>Herculis</strong></span> <span class='ocrx_word' id='word_1_534' title='bbox 1820 1601 2044 1634; x_wconf 85' lang='lat' dir='ltr'><strong>adversus</strong></span> <span class='ocrx_word' id='word_1_535' title='bbox 2070 1599 2227 1634; x_wconf 85' lang='lat' dir='ltr'><strong>Deum.</strong></span> 
     </span>
    </p>
   </div>
   <div class='ocr_carea' id='block_1_23' title="bbox 1312 1671 2163 1765">
    <p class='ocr_par' dir='ltr' id='par_1_29' title="bbox 1312 1671 2163 1765">
     <span class='ocr_line' id='line_1_87' title="bbox 1312 1671 2163 1716; baseline -0.005 -11"><span class='ocrx_word' id='word_1_536' title='bbox 1312 1671 1388 1705; x_wconf 60' lang='lat' dir='ltr'><strong>Vss.</strong></span> <span class='ocrx_word' id='word_1_537' title='bbox 1406 1671 1481 1705; x_wconf 71' lang='lat'><strong>203</strong></span> <span class='ocrx_word' id='word_1_538' title='bbox 1497 1684 1548 1716; x_wconf 80' lang='lat' dir='ltr'><strong>sq.</strong></span> <span class='ocrx_word' id='word_1_539' title='bbox 1577 1674 1624 1705; x_wconf 70' lang='lat' dir='ltr'><strong>At</strong></span> <span class='ocrx_word' id='word_1_540' title='bbox 1650 1672 1732 1704; x_wconf 74' lang='lat' dir='ltr'><strong>valet</strong></span> <span class='ocrx_word' id='word_1_541' title='bbox 1754 1671 1978 1713; x_wconf 69' lang='lat' dir='ltr'><strong>Eurystheus.-</strong></span> <span class='ocrx_word' id='word_1_542' title='bbox 2012 1674 2042 1702; x_wconf 71' lang='lat' dir='ltr'><strong>et</strong></span> <span class='ocrx_word' id='word_1_543' title='bbox 2066 1674 2163 1708; x_wconf 79' lang='lat' dir='ltr'><strong>sunt,</strong></span> 
     </span>
     <span class='ocr_line' id='line_1_88' title="bbox 1674 1720 2024 1765; baseline -0.006 -9"><span class='ocrx_word' id='word_1_544' title='bbox 1674 1724 1808 1756; x_wconf 71' lang='lat' dir='ltr'><strong>credere</strong></span> <span class='ocrx_word' id='word_1_545' title='bbox 1829 1726 1968 1763; x_wconf 79' lang='lat' dir='ltr'><strong>possunt</strong></span> <span class='ocrx_word' id='word_1_546' title='bbox 1979 1720 2024 1765; x_wconf 61' lang='lat'><strong>¹⁶)</strong></span> 
     </span>
    </p>
   </div>
   <div class='ocr_carea' id='block_1_24' title="bbox 2198 1670 2256 1714">
    <p class='ocr_par' dir='ltr' id='par_1_30' title="bbox 2198 1670 2256 1714">
     <span class='ocr_line' id='line_1_89' title="bbox 2198 1670 2256 1714; baseline 0 -13"><span class='ocrx_word' id='word_1_547' title='bbox 2198 1670 2256 1714; x_wconf 77' lang='lat' dir='ltr'><strong>qui</strong></span> 
     </span>
    </p>
   </div>
   <div class='ocr_carea' id='block_1_25' title="bbox 1314 1775 1511 1807">
    <p class='ocr_par' dir='ltr' id='par_1_31' title="bbox 1314 1775 1511 1807">
     <span class='ocr_line' id='line_1_90' title="bbox 1314 1775 1511 1807; baseline 0 -1"><span class='ocrx_word' id='word_1_548' title='bbox 1314 1775 1396 1807; x_wconf 77' lang='lat' dir='ltr'><strong>Esse</strong></span> <span class='ocrx_word' id='word_1_549' title='bbox 1410 1775 1511 1806; x_wconf 81' lang='lat' dir='ltr'><strong>Deos.</strong></span> 
     </span>
    </p>
   </div>
   <div class='ocr_carea' id='block_1_26' title="bbox 1365 1830 2255 1877">
    <p class='ocr_par' dir='ltr' id='par_1_32' title="bbox 1365 1830 2255 1877">
     <span class='ocr_line' id='line_1_91' title="bbox 1365 1830 2255 1877; baseline -0.004 -12"><span class='ocrx_word' id='word_1_550' title='bbox 1365 1832 1454 1865; x_wconf 86' lang='lat' dir='ltr'><strong>Illud</strong></span> <span class='ocrx_word' id='word_1_551' title='bbox 1474 1832 1617 1877; x_wconf 87' lang='lat' dir='ltr'><strong>quidem</strong></span> <span class='ocrx_word' id='word_1_552' title='bbox 1636 1833 1784 1866; x_wconf 86' lang='lat' dir='ltr'><strong>minime</strong></span> <span class='ocrx_word' id='word_1_553' title='bbox 1801 1839 1851 1867; x_wconf 87' lang='lat' dir='ltr'><strong>e&#39;st</strong></span> <span class='ocrx_word' id='word_1_554' title='bbox 1874 1830 2060 1866; x_wconf 88' lang='lat' dir='ltr'><strong>heroicum</strong></span> <span class='ocrx_word' id='word_1_555' title='bbox 2073 1856 2082 1870; x_wconf 94' lang='lat'><strong>,</strong></span> <span class='ocrx_word' id='word_1_556' title='bbox 2116 1830 2176 1863; x_wconf 88' lang='lat' dir='ltr'><strong>sed</strong></span> <span class='ocrx_word' id='word_1_557' title='bbox 2205 1835 2255 1862; x_wconf 89' lang='lat' dir='ltr'><strong>ta-</strong></span> 
     </span>
    </p>
   </div>
   <div class='ocr_carea' id='block_1_27' title="bbox 1235 1880 2256 1979">
    <p class='ocr_par' dir='ltr' id='par_1_33' title="bbox 1235 1880 2256 1979">
     <span class='ocr_line' id='line_1_92' title="bbox 1235 1880 2256 1931; baseline -0.004 -15"><span class='ocrx_word' id='word_1_558' title='bbox 1235 1928 1237 1931; x_wconf 17' lang='grc'>,</span> <span class='ocrx_word' id='word_1_559' title='bbox 1263 1896 1345 1916; x_wconf 86' lang='lat' dir='ltr'><strong>men</strong></span> <span class='ocrx_word' id='word_1_560' title='bbox 1365 1897 1383 1917; x_wconf 90' lang='lat' dir='ltr'><strong>a</strong></span> <span class='ocrx_word' id='word_1_561' title='bbox 1401 1884 1545 1916; x_wconf 85' lang='lat' dir='ltr'><strong>mortali</strong></span> <span class='ocrx_word' id='word_1_562' title='bbox 1569 1882 1715 1917; x_wconf 88' lang='lat' dir='ltr'><strong>homine</strong></span> <span class='ocrx_word' id='word_1_563' title='bbox 1740 1897 1814 1917; x_wconf 90' lang='lat' dir='ltr'><strong>non</strong></span> <span class='ocrx_word' id='word_1_564' title='bbox 1838 1884 2014 1921; x_wconf 87' lang='lat' dir='ltr'><strong>alienum,</strong></span> <span class='ocrx_word' id='word_1_565' title='bbox 2050 1881 2148 1926; x_wconf 90' lang='lat' dir='ltr'><strong>quod</strong></span> <span class='ocrx_word' id='word_1_566' title='bbox 2167 1880 2256 1913; x_wconf 86' lang='lat' dir='ltr'><strong>Her-</strong></span> 
     </span>
     <span class='ocr_line' id='line_1_93' title="bbox 1235 1931 2256 1979; baseline -0.005 -11"><span class='ocrx_word' id='word_1_567' title='bbox 1235 1934 1237 1952; x_wconf 64' lang='lat'><em>³</em></span> <span class='ocrx_word' id='word_1_568' title='bbox 1264 1935 1357 1969; x_wconf 88' lang='lat' dir='ltr'><strong>cules</strong></span> <span class='ocrx_word' id='word_1_569' title='bbox 1382 1935 1589 1979; x_wconf 84' lang='lat' dir='ltr'><strong>indignatur</strong></span> <span class='ocrx_word' id='word_1_570' title='bbox 1616 1942 1650 1968; x_wconf 89' lang='lat' dir='ltr'><strong>et</strong></span> <span class='ocrx_word' id='word_1_571' title='bbox 1680 1935 1866 1974; x_wconf 89' lang='lat' dir='ltr'><strong>irascitur,</strong></span> <span class='ocrx_word' id='word_1_572' title='bbox 1901 1941 1940 1968; x_wconf 89' lang='lat' dir='ltr'><strong>ut</strong></span> <span class='ocrx_word' id='word_1_573' title='bbox 1965 1934 2102 1966; x_wconf 86' lang='lat' dir='ltr'><strong>incuset</strong></span> <span class='ocrx_word' id='word_1_574' title='bbox 2123 1931 2256 1971; x_wconf 88' lang='lat' dir='ltr'><strong>Deum,</strong></span> 
     </span>
    </p>
   </div>
   <div class='ocr_carea' id='block_1_28' title="bbox 1266 1982 2258 2081">
    <p class='ocr_par' dir='ltr' id='par_1_34' title="bbox 1266 1982 2258 2081">
     <span class='ocr_line' id='line_1_94' title="bbox 1945 1982 2257 2019; baseline -0.01 -1"><span class='ocrx_word' id='word_1_575' title='bbox 1945 1985 2038 2019; x_wconf 72' lang='lat' dir='ltr'><strong>Nam</strong></span> <span class='ocrx_word' id='word_1_576' title='bbox 2064 1995 2144 2017; x_wconf 89' lang='lat' dir='ltr'><strong>cum</strong></span> <span class='ocrx_word' id='word_1_577' title='bbox 2170 1982 2257 2016; x_wconf 87' lang='lat' dir='ltr'><strong>honi</strong></span> 
     </span>
     <span class='ocr_line' id='line_1_95' title="bbox 1266 2034 2258 2081; baseline -0.005 -11"><span class='ocrx_word' id='word_1_578' title='bbox 1266 2038 1301 2070; x_wconf 91' lang='lat' dir='ltr'><strong>in</strong></span> <span class='ocrx_word' id='word_1_579' title='bbox 1317 2036 1382 2071; x_wconf 89' lang='lat' dir='ltr'><strong>hac</strong></span> <span class='ocrx_word' id='word_1_580' title='bbox 1401 2038 1474 2070; x_wconf 77' lang='lat' dir='ltr'><strong>vita</strong></span> <span class='ocrx_word' id='word_1_581' title='bbox 1497 2038 1700 2081; x_wconf 80' lang='lat' dir='ltr'><strong>affligantur</strong></span> <span class='ocrx_word' id='word_1_582' title='bbox 1725 2037 2006 2076; x_wconf 88' lang='lat' dir='ltr'><strong>calamitatibus,</strong></span> <span class='ocrx_word' id='word_1_583' title='bbox 2040 2041 2074 2068; x_wconf 86' lang='lat' dir='ltr'><strong>et</strong></span> <span class='ocrx_word' id='word_1_584' title='bbox 2099 2034 2258 2078; x_wconf 87' lang='lat' dir='ltr'><strong>improbi</strong></span> 
     </span>
    </p>
   </div>
   <div class='ocr_carea' id='block_1_29' title="bbox 1237 2084 2257 2232">
    <p class='ocr_par' dir='ltr' id='par_1_35' title="bbox 1237 2084 2257 2232">
     <span class='ocr_line' id='line_1_96' title="bbox 1237 2084 2257 2129; baseline -0.007 -6"><span class='ocrx_word' id='word_1_585' title='bbox 1237 2124 1238 2127; x_wconf 61' lang='grc'>,</span> <span class='ocrx_word' id='word_1_586' title='bbox 1264 2090 1353 2123; x_wconf 88' lang='lat' dir='ltr'><strong>bene</strong></span> <span class='ocrx_word' id='word_1_587' title='bbox 1372 2087 1548 2129; x_wconf 86' lang='lat' dir='ltr'><strong>habeant,</strong></span> <span class='ocrx_word' id='word_1_588' title='bbox 1574 2095 1666 2121; x_wconf 91' lang='lat' dir='ltr'><strong>certe</strong></span> <span class='ocrx_word' id='word_1_589' title='bbox 1684 2087 1863 2123; x_wconf 89' lang='lat' dir='ltr'><strong>humanus</strong></span> <span class='ocrx_word' id='word_1_590' title='bbox 1879 2088 2020 2122; x_wconf 87' lang='lat' dir='ltr'><strong>animus</strong></span> <span class='ocrx_word' id='word_1_591' title='bbox 2035 2086 2106 2120; x_wconf 88' lang='lat' dir='ltr'><strong>nisi</strong></span> <span class='ocrx_word' id='word_1_592' title='bbox 2126 2084 2257 2119; x_wconf 85' lang='lat' dir='ltr'><strong>doctri-</strong></span> 
     </span>
     <span class='ocr_line' id='line_1_97' title="bbox 1237 2131 2257 2185; baseline -0.006 -11"><span class='ocrx_word' id='word_1_593' title='bbox 1237 2131 1239 2160; x_wconf 42' lang='grc' dir='ltr'>ζ</span> <span class='ocrx_word' id='word_1_594' title='bbox 1266 2153 1310 2174; x_wconf 90' lang='lat' dir='ltr'><strong>na</strong></span> <span class='ocrx_word' id='word_1_595' title='bbox 1339 2139 1540 2174; x_wconf 87' lang='lat' dir='ltr'><strong>Christiana</strong></span> <span class='ocrx_word' id='word_1_596' title='bbox 1566 2141 1797 2174; x_wconf 84' lang='lat' dir='ltr'><strong>confirmatus</strong></span> <span class='ocrx_word' id='word_1_597' title='bbox 1822 2152 1897 2173; x_wconf 91' lang='lat' dir='ltr'><strong>non</strong></span> <span class='ocrx_word' id='word_1_598' title='bbox 1920 2144 2037 2185; x_wconf 89' lang='lat' dir='ltr'><strong>potest</strong></span> <span class='ocrx_word' id='word_1_599' title='bbox 2057 2137 2160 2170; x_wconf 84' lang='lat' dir='ltr'><strong>aliter</strong></span> <span class='ocrx_word' id='word_1_600' title='bbox 2187 2142 2257 2170; x_wconf 90' lang='lat' dir='ltr'><strong>sta-</strong></span> 
     </span>
     <span class='ocr_line' id='line_1_98' title="bbox 1238 2186 2257 2232; baseline -0.005 -7"><span class='ocrx_word' id='word_1_601' title='bbox 1238 2192 1239 2213; x_wconf 53' lang='grc' dir='ltr'><strong>ἶ</strong></span> <span class='ocrx_word' id='word_1_602' title='bbox 1267 2199 1383 2232; x_wconf 88' lang='lat' dir='ltr'><strong>tuere,</strong></span> <span class='ocrx_word' id='word_1_603' title='bbox 1410 2191 1478 2225; x_wconf 88' lang='lat' dir='ltr'><strong>nisi</strong></span> <span class='ocrx_word' id='word_1_604' title='bbox 1493 2197 1555 2224; x_wconf 87' lang='lat' dir='ltr'><strong>aut</strong></span> <span class='ocrx_word' id='word_1_605' title='bbox 1572 2192 1709 2225; x_wconf 83' lang='lat' dir='ltr'><strong>nullum</strong></span> <span class='ocrx_word' id='word_1_606' title='bbox 1727 2204 1799 2226; x_wconf 88' lang='lat' dir='ltr'><strong>esse</strong></span> <span class='ocrx_word' id='word_1_607' title='bbox 1816 2191 1932 2225; x_wconf 82' lang='lat' dir='ltr'><strong>Deum</strong></span> <span class='ocrx_word' id='word_1_608' title='bbox 1944 2218 1954 2231; x_wconf 91' lang='lat'><strong>,</strong></span> <span class='ocrx_word' id='word_1_609' title='bbox 1981 2195 2042 2224; x_wconf 86' lang='lat' dir='ltr'><strong>aut</strong></span> <span class='ocrx_word' id='word_1_610' title='bbox 2057 2201 2113 2223; x_wconf 83' lang='lat' dir='ltr'><strong>res</strong></span> <span class='ocrx_word' id='word_1_611' title='bbox 2131 2186 2257 2221; x_wconf 89' lang='lat' dir='ltr'><strong>huma-</strong></span> 
     </span>
    </p>
   </div>
   <div class='ocr_carea' id='block_1_30' title="bbox 1266 2238 2258 2289">
    <p class='ocr_par' dir='ltr' id='par_1_36' title="bbox 1266 2238 2258 2289">
     <span class='ocr_line' id='line_1_99' title="bbox 1266 2238 2258 2289; baseline -0.005 -13"><span class='ocrx_word' id='word_1_612' title='bbox 1266 2256 1330 2277; x_wconf 89' lang='lat' dir='ltr'><strong>nas</strong></span> <span class='ocrx_word' id='word_1_613' title='bbox 1345 2255 1419 2276; x_wconf 90' lang='lat' dir='ltr'><strong>non</strong></span> <span class='ocrx_word' id='word_1_614' title='bbox 1439 2255 1510 2276; x_wconf 87' lang='lat' dir='ltr'><strong>esse</strong></span> <span class='ocrx_word' id='word_1_615' title='bbox 1527 2242 1605 2276; x_wconf 91' lang='lat' dir='ltr'><strong>Deo</strong></span> <span class='ocrx_word' id='word_1_616' title='bbox 1629 2256 1749 2276; x_wconf 84' lang='lat' dir='ltr'><strong>curae:</strong></span> <span class='ocrx_word' id='word_1_617' title='bbox 1787 2256 1893 2289; x_wconf 89' lang='lat' dir='ltr'><strong>quam</strong></span> <span class='ocrx_word' id='word_1_618' title='bbox 1919 2241 2099 2276; x_wconf 81' lang='lat' dir='ltr'><strong>humanae</strong></span> <span class='ocrx_word' id='word_1_619' title='bbox 2126 2238 2258 2272; x_wconf 87' lang='lat' dir='ltr'><strong>mentis</strong></span> 
     </span>
    </p>
   </div>
   <div class='ocr_carea' id='block_1_31' title="bbox 1266 2291 2258 2380">
    <p class='ocr_par' dir='ltr' id='par_1_37' title="bbox 1266 2291 2258 2380">
     <span class='ocr_line' id='line_1_100' title="bbox 1267 2291 2258 2338; baseline -0.006 -10"><span class='ocrx_word' id='word_1_620' title='bbox 1267 2294 1518 2338; x_wconf 82' lang='lat' dir='ltr'><strong>cogitationem</strong></span> <span class='ocrx_word' id='word_1_621' title='bbox 1538 2301 1642 2338; x_wconf 87' lang='lat' dir='ltr'><strong>poeta</strong></span> <span class='ocrx_word' id='word_1_622' title='bbox 1661 2294 1879 2329; x_wconf 86' lang='lat' dir='ltr'><strong>Claudianus</strong></span> <span class='ocrx_word' id='word_1_623' title='bbox 1896 2294 2034 2328; x_wconf 86' lang='lat' dir='ltr'><strong>erudite</strong></span> <span class='ocrx_word' id='word_1_624' title='bbox 2052 2291 2258 2336; x_wconf 87' lang='lat' dir='ltr'><strong>complexus</strong></span> 
     </span>
     <span class='ocr_line' id='line_1_101' title="bbox 1266 2344 1584 2380; baseline -0.006 0"><span class='ocrx_word' id='word_1_625' title='bbox 1266 2353 1317 2380; x_wconf 83' lang='lat' dir='ltr'><strong>est</strong></span> <span class='ocrx_word' id='word_1_626' title='bbox 1337 2344 1391 2379; x_wconf 86' lang='lat' dir='ltr'><strong>his</strong></span> <span class='ocrx_word' id='word_1_627' title='bbox 1408 2346 1584 2379; x_wconf 87' lang='lat' dir='ltr'><strong>versibus:</strong></span> 
     </span>
    </p>
   </div>
   <div class='ocr_carea' id='block_1_32' title="bbox 1370 2403 2117 2563">
    <p class='ocr_par' dir='ltr' id='par_1_38' title="bbox 1370 2403 2117 2563">
     <span class='ocr_line' id='line_1_102' title="bbox 1370 2403 2086 2435; baseline -0.004 -7"><span class='ocrx_word' id='word_1_628' title='bbox 1370 2407 1460 2435; x_wconf 70' lang='lat' dir='ltr'><strong>saepe</strong></span> <span class='ocrx_word' id='word_1_629' title='bbox 1480 2405 1541 2429; x_wconf 76' lang='lat' dir='ltr'><strong>inihi</strong></span> <span class='ocrx_word' id='word_1_630' title='bbox 1564 2405 1670 2429; x_wconf 74' lang='lat' dir='ltr'><strong>dubiam</strong></span> <span class='ocrx_word' id='word_1_631' title='bbox 1689 2404 1774 2428; x_wconf 81' lang='lat' dir='ltr'><strong>traxit</strong></span> <span class='ocrx_word' id='word_1_632' title='bbox 1794 2403 1934 2428; x_wconf 76' lang='lat' dir='ltr'><strong>sententia</strong></span> <span class='ocrx_word' id='word_1_633' title='bbox 1952 2403 2086 2431; x_wconf 80' lang='lat' dir='ltr'><strong>mentem,</strong></span> 
     </span>
     <span class='ocr_line' id='line_1_103' title="bbox 1371 2445 2056 2478; baseline -0.004 -8"><span class='ocrx_word' id='word_1_634' title='bbox 1371 2448 1509 2471; x_wconf 76' lang='lat' dir='ltr'><strong>Curarent</strong></span> <span class='ocrx_word' id='word_1_635' title='bbox 1528 2447 1626 2478; x_wconf 70' lang='lat' dir='ltr'><strong>superi</strong></span> <span class='ocrx_word' id='word_1_636' title='bbox 1645 2449 1753 2476; x_wconf 79' lang='lat' dir='ltr'><strong>terras,</strong></span> <span class='ocrx_word' id='word_1_637' title='bbox 1783 2452 1817 2470; x_wconf 87' lang='lat' dir='ltr'><strong>an</strong></span> <span class='ocrx_word' id='word_1_638' title='bbox 1838 2446 1930 2469; x_wconf 76' lang='lat' dir='ltr'><strong>nullus</strong></span> <span class='ocrx_word' id='word_1_639' title='bbox 1950 2445 2056 2468; x_wconf 78' lang='lat' dir='ltr'><strong>inesset.</strong></span> 
     </span>
     <span class='ocr_line' id='line_1_104' title="bbox 1371 2487 2042 2517; baseline -0.006 -4"><span class='ocrx_word' id='word_1_640' title='bbox 1371 2491 1490 2517; x_wconf 79' lang='lat' dir='ltr'><strong>nector,</strong></span> <span class='ocrx_word' id='word_1_641' title='bbox 1517 2492 1543 2515; x_wconf 86' lang='lat' dir='ltr'><strong>ct</strong></span> <span class='ocrx_word' id='word_1_642' title='bbox 1562 2491 1666 2514; x_wconf 82' lang='lat' dir='ltr'><strong>incerto</strong></span> <span class='ocrx_word' id='word_1_643' title='bbox 1686 2490 1802 2512; x_wconf 82' lang='lat' dir='ltr'><strong>fluerent</strong></span> <span class='ocrx_word' id='word_1_644' title='bbox 1823 2487 1949 2512; x_wconf 79' lang='lat' dir='ltr'><strong>mortalia</strong></span> <span class='ocrx_word' id='word_1_645' title='bbox 1967 2491 2042 2510; x_wconf 82' lang='lat' dir='ltr'><strong>casu.</strong></span> 
     </span>
     <span class='ocr_line' id='line_1_105' title="bbox 1373 2528 2117 2563; baseline -0.007 -7"><span class='ocrx_word' id='word_1_646' title='bbox 1373 2535 1437 2557; x_wconf 56' lang='lat' dir='ltr'><strong>Nam</strong></span> <span class='ocrx_word' id='word_1_647' title='bbox 1458 2540 1517 2557; x_wconf 78' lang='lat' dir='ltr'><strong>cun)</strong></span> <span class='ocrx_word' id='word_1_648' title='bbox 1537 2533 1664 2563; x_wconf 70' lang='lat' dir='ltr'><strong>dispositi</strong></span> <span class='ocrx_word' id='word_1_649' title='bbox 1685 2531 1855 2562; x_wconf 62' lang='lat' dir='ltr'><strong>quaesissem</strong></span> <span class='ocrx_word' id='word_1_650' title='bbox 1876 2530 1989 2554; x_wconf 77' lang='lat' dir='ltr'><strong>foedera</strong></span> <span class='ocrx_word' id='word_1_651' title='bbox 2009 2528 2117 2559; x_wconf 73' lang='lat' dir='ltr'><strong>mundi,</strong></span> 
     </span>
    </p>
   </div>
   <div class='ocr_carea' id='block_1_33' title="bbox 1301 2623 2151 2656">
    <p class='ocr_par' dir='ltr' id='par_1_39' title="bbox 1301 2623 2151 2656">
     <span class='ocr_line' id='line_1_106' title="bbox 1301 2623 2151 2656; baseline -0.007 -4"><span class='ocrx_word' id='word_1_652' title='bbox 1301 2629 1349 2656; x_wconf 74' lang='lat'><strong>45]</strong></span> <span class='ocrx_word' id='word_1_653' title='bbox 1370 2628 1494 2655; x_wconf 66' lang='lat' dir='ltr'><strong>simson]</strong></span> <span class='ocrx_word' id='word_1_654' title='bbox 1515 2627 1555 2651; x_wconf 82' lang='lat' dir='ltr'><strong>sic</strong></span> <span class='ocrx_word' id='word_1_655' title='bbox 1574 2624 1692 2656; x_wconf 73' lang='lat' dir='ltr'><strong>scripsi3</strong></span> <span class='ocrx_word' id='word_1_656' title='bbox 1717 2623 1798 2649; x_wconf 86' lang='lat' dir='ltr'><strong>Editt.</strong></span> <span class='ocrx_word' id='word_1_657' title='bbox 1814 2625 1907 2653; x_wconf 61' lang='grc' dir='ltr'><strong>1555.θ</strong></span> <span class='ocrx_word' id='word_1_658' title='bbox 1931 2624 2005 2648; x_wconf 82' lang='grc'><strong>1559.</strong></span> <span class='ocrx_word' id='word_1_659' title='bbox 2025 2624 2151 2647; x_wconf 80' lang='lat' dir='ltr'><strong>Samson.</strong></span> 
     </span>
    </p>
   </div>
   <div class='ocr_carea' id='block_1_34' title="bbox 1306 2663 2255 2737">
    <p class='ocr_par' dir='ltr' id='par_1_40' title="bbox 1306 2663 2255 2737">
     <span class='ocr_line' id='line_1_107' title="bbox 1306 2663 2255 2702; baseline -0.006 -9"><span class='ocrx_word' id='word_1_660' title='bbox 1306 2672 1348 2702; x_wconf 75' lang='lat'><strong>¹6)</strong></span> <span class='ocrx_word' id='word_1_661' title='bbox 1367 2673 1502 2702; x_wconf 61' lang='lat' dir='ltr'><strong>possunt]</strong></span> <span class='ocrx_word' id='word_1_662' title='bbox 1534 2670 1574 2693; x_wconf 79' lang='lat' dir='ltr'><strong>sic</strong></span> <span class='ocrx_word' id='word_1_663' title='bbox 1598 2669 1681 2693; x_wconf 77' lang='lat' dir='ltr'><strong>Editt.</strong></span> <span class='ocrx_word' id='word_1_664' title='bbox 1708 2668 1799 2692; x_wconf 81' lang='lat'><strong>¹555..</strong></span> <span class='ocrx_word' id='word_1_665' title='bbox 1833 2668 1925 2698; x_wconf 80' lang='lat'><strong>1559.;</strong></span> <span class='ocrx_word' id='word_1_666' title='bbox 1964 2666 2040 2691; x_wconf 79' lang='lat' dir='ltr'><strong>ovid.</strong></span> <span class='ocrx_word' id='word_1_667' title='bbox 2069 2665 2117 2689; x_wconf 80' lang='lat' dir='ltr'><strong>Ed.</strong></span> <span class='ocrx_word' id='word_1_668' title='bbox 2145 2663 2255 2689; x_wconf 77' lang='lat' dir='ltr'><strong>Mitsch.</strong></span> 
     </span>
     <span class='ocr_line' id='line_1_108' title="bbox 1333 2707 1453 2737; baseline -0.008 -7"><span class='ocrx_word' id='word_1_669' title='bbox 1333 2707 1453 2737; x_wconf 75' lang='lat' dir='ltr'><strong>possint.</strong></span> 
     </span>
    </p>
   </div>
  </div>
 </body>
</html>
