2341 2973
173 97 247 133 423
755 96 878 131 PHlL.
912 95 1024 130 MEL.

172 184 322 219 Necesse
355 188 407 216 est
444 182 566 227 itaque
599 193 767 226 magnam
809 182 1067 228 praestantiam
1100 194 1173 216 esse

174 248 304 280 apum,
346 234 408 267 sed
446 239 569 267 tamen
605 234 703 266 illam
739 235 1039 280 longinquitatem
1080 234 1174 266 vitae

176 288 283 320 etiam
317 291 392 318 arte
425 292 660 325 conservant,
697 286 829 319 scilicet
855 286 1012 318 mirabili
1039 291 1175 329 tempe-

175 338 315 377 rantia,
342 337 520 370 munditie
539 344 573 370 et
589 337 829 377 continentia,
865 337 948 382 qnia
976 338 1065 369 adeo
1093 343 1177 370 sunt

175 394 438 434 temperantes,
465 395 505 422 ut
520 390 626 421 etiam
646 400 790 421 voraces
818 389 981 432 puniant.
1037 388 1176 421 Deinde

176 452 307 485 magna
326 446 377 473 est
394 441 607 479 mundities,
637 439 718 484 qnia
740 440 775 471 in
793 440 939 473 alveolis
959 438 1049 472 nihil
1076 452 1177 484 repe-

177 492 270 525 ritur
295 491 476 531 sordium,
519 491 639 524 omnia
661 491 846 523 immunda
874 489 1050 531 evehunt,
1088 493 1177 524 adeo

177 550 217 577 ut
250 542 356 575 etiam
395 555 456 575 sua
493 548 717 574 excrementa
750 542 788 574 in
813 543 1031 586 peculiarem
1057 543 1177 576 locum

181 592 399 628 convehant.

281 644 341 678 Vs.
364 643 450 678 208.
491 640 702 690 Immortale]
746 644 951 689 Quotannis
987 650 1179 689 procreant

181 696 289 736 alias,
318 696 400 741 quia
420 702 572 738 pereunt
589 695 710 728 inultis
735 697 869 737 modis,
898 703 1051 741 pereunt
1072 696 1180 739 frigo-

180 748 299 787 ribus,
347 746 546 786 caloribus,

180 798 283 831 Hanc
306 797 355 831 eis
378 798 529 841 gratiam
554 798 777 832 reddidimus
803 811 870 843 pro
904 798 1180 832 mellificatione.

183 850 240 884 Sic
255 850 466 894 plerumque
483 847 647 882 homines
665 850 794 894 ingrati
818 857 900 884 sunt
924 863 1003 894 erga
1031 861 1181 892 magnos

184 902 282 934 viros
314 902 357 933 de
390 900 573 944 republica
607 901 867 943 benemeritos,
910 909 948 936 ut
977 902 1181 945 exemplum

184 951 438 986 Themistoclis
460 958 620 985 testatur.

285 1003 346 1038 Vs.
361 1003 448 1038 210.
481 1006 665 1037 Praeterea
685 1002 810 1052 reyem]
845 1004 898 1037 De
922 1003 1126 1037 obedientia
1149 1008 1182 1035 et

182 1055 317 1089 iustitia
337 1068 466 1099 apum,
493 1056 587 1099 apud
604 1056 879 1100 Xenophontem
907 1056 1025 1102 inquit
1051 1056 1109 1088 ille
1137 1055 1182 1087 ad
1208 1069 1209 1078 ¹

184 1107 334 1152 Cyrum:
365 1107 423 1139 Tu
441 1118 475 1139 es
491 1112 620 1139 natura
639 1119 701 1140 rex
713 1134 721 1147 ,
749 1107 838 1141 sient
855 1120 917 1140 rex
939 1120 1046 1152 apum
1060 1134 1068 1147 ‚
1098 1106 1180 1152 quia

183 1157 348 1191 homines
368 1157 431 1190 tibi
448 1158 600 1191 libenter
616 1165 649 1191 et
665 1166 792 1203 sponte
810 1160 1072 1203 obtemperant.
1111 1159 1183 1191 Ta-

181 1210 230 1243 les
247 1216 330 1243 sunt
346 1207 481 1242 heroici
506 1209 593 1250 viri,
623 1223 712 1255 quos
736 1218 863 1255 sponte
889 1217 1089 1256 sequnntur
1118 1208 1183 1243 ho-

182 1262 317 1301 mines,
346 1267 379 1294 et
397 1261 537 1294 labores
554 1268 637 1295 sunt
656 1262 795 1303 dulces,
822 1261 955 1296 habent
981 1264 1087 1295 etiam
1105 1275 1182 1296 suc-

184 1325 299 1346 cessus
333 1313 535 1353 mirabiles,
580 1313 641 1358 qui
675 1314 750 1347 sine
782 1315 850 1348 illis
883 1312 1052 1348 heroibus
1080 1314 1181 1346 nullo
1208 1341 1209 1344 ,

183 1365 292 1397 modo
327 1364 588 1408 contingerent.
660 1365 758 1399 Sicut
790 1367 945 1399 extincto
974 1366 1180 1400 Alexandro

184 1416 357 1450 exercitus
375 1416 485 1460 ipsius
501 1414 593 1449 nihil
611 1424 733 1458 erant,
769 1419 829 1451 sed
848 1418 999 1459 similes,
1033 1424 1072 1451 ut
1089 1417 1183 1450 Dea-

184 1469 243 1502 des
261 1467 350 1501 dixit
366 1466 593 1513 Polyphemo
614 1469 717 1502 oculo
737 1469 880 1503 amisso.

285 1519 345 1553 Vs.
365 1520 452 1554 211.
488 1522 560 1554 lVec
582 1522 697 1563 populi
723 1522 945 1566 Parthorum]
973 1519 1013 1553 In
1034 1520 1182 1554 Oriente

182 1584 312 1615 magna
342 1584 397 1605 res
424 1571 491 1604 suit
517 1573 614 1615 regia
642 1579 811 1616 potestas.
880 1573 980 1605 Talis
1004 1584 1079 1604 non
1108 1577 1184 1604 erat

182 1623 344 1661 Romae,
388 1622 437 1655 ibi
470 1622 640 1655 volebant
673 1624 786 1656 videri
818 1623 969 1656 studiosi
997 1622 1183 1655 libertatis.

183 1675 376 1719 Hydaspes]
404 1673 550 1706 Fluvius
569 1674 604 1706 in
623 1674 756 1707 Media.

291 1725 449 1759 Vs.212.
494 1726 584 1768 Περι»
618 1725 794 1769 incolumi]
830 1722 1079 1758 Pulcherrima
1105 1737 1184 1758 sen-

183 1776 308 1810 tentia.

183 1880 335 1912 xandro.

289 1929 349 1964 Vs.
370 1928 457 1966 215.
499 1932 562 1965 Ille
586 1943 722 1974 operum
748 1932 873 1975 custos]
917 1930 992 1963 Rex
1023 1942 1097 1963 non
1135 1937 1185 1964 est
1211 1949 1212 1957 κ

187 1982 340 2021 otiosus,
370 1983 534 2016 circumit
551 1989 625 2016 tota
645 1982 720 2023 die,
749 1989 783 2015 et
807 1983 920 2023 videt,
955 1995 1000 2015 an
1023 1982 1184 2026 singulae
1211 1978 1212 1993 ἶ

184 2033 315 2066 faciant
334 2047 413 2067 suas
436 2047 575 2079 operas.

289 2084 348 2118 Vs.
374 2086 461 2120 219.
503 2089 569 2120 llis
600 2087 736 2132 quidam
767 2085 894 2128 sfynis]
935 2084 1114 2117 Excursus
1141 2084 1183 2115 de

186 2138 327 2178 anima,
355 2140 449 2171 unde
471 2137 768 2170 inanimantibus
792 2138 829 2169 fit
857 2137 1035 2181 quaedam
1061 2135 1184 2168 simili·
1210 2130 1212 2155 ᾗ

186 2191 272 2223 tudo
299 2189 439 2222 animae
467 2188 673 2229 rationalis,
715 2190 758 2221 de
784 2200 854 2233 qua
880 2200 918 2219 rc
943 2187 1038 2221 scitis
1072 2187 1182 2219 multa

186 2241 363 2285 disputari
381 2254 400 2274 a
421 2238 654 2285 philosophis.
712 2239 809 2272 Deus
836 2238 966 2271 indidit
991 2238 1183 2270 animanti-

185 2294 250 2326 bus
275 2293 450 2338 quosdam
476 2291 628 2335 impetus
652 2291 726 2324 sine
753 2289 907 2330 iudicio,
951 2290 1025 2323 sine
1052 2290 1183 2333 cogita·

186 2344 304 2383 tione,
333 2344 407 2377 sine
428 2343 588 2382 ratione,
624 2349 662 2375 ut
679 2343 714 2375 in
731 2342 849 2387 equis,
877 2342 1044 2381 canibus,
1070 2342 1182 2375 leoni-

184 2396 250 2429 bus
267 2401 301 2428 et
318 2395 430 2428 cervis
447 2394 567 2427 videre
587 2393 677 2427 licet.
721 2393 846 2438 Equus
863 2391 971 2426 habet
990 2406 1111 2427 sensus
1130 2394 1183 2425 in-

186 2446 358 2488 teriores,
386 2444 494 2480 babet
513 2446 693 2491 quamdam
715 2445 1045 2485 ratiocinationem,
1074 2457 1183 2488 agno-

186 2499 249 2531 scit
267 2495 392 2531 herum
411 2510 535 2537 suum,
564 2496 727 2530 meminit
746 2496 835 2530 loca.
889 2495 985 2529 Idem
1003 2498 1042 2529 sit
1065 2497 1101 2528 in
1127 2510 1182 2529 ca-

185 2549 291 2582 nibus
309 2556 341 2582 et
358 2550 532 2583 leonibus.
587 2549 682 2594 Quid
708 2548 816 2591 igitur
839 2548 983 2581 interest
1008 2549 1100 2581 inter
1126 2561 1182 2580 co—

187 2600 376 2644 gitationes
392 2602 467 2635 illas
486 2600 568 2646 equi
587 2607 619 2634 et
635 2598 816 2634 hominis?
846 2600 1073 2643 Pri-spondeo.
1111 2600 1182 2632 Ho-

186 2651 302 2685 mines
320 2650 452 2685 habent
469 2659 585 2685 actum
604 2653 795 2691 reflexum,
822 2651 926 2683 bruta
945 2665 1018 2684 non
1037 2650 1182 2685 habent.

186 2702 360 2737 Homines
377 2704 537 2738 iudicant
553 2704 650 2737 illam
668 2715 769 2737 suam
788 2702 1054 2746 cogitationem.

1061 94 1263 130 SCRIPTA
1300 95 1639 130 PHILOLOGICA.

1206 658 1207 664 ¹
1233 647 1314 677 dam
1336 645 1499 677 divinum
1518 644 1710 677 infundens
1728 643 1918 678 rationem.

588 746 853 780 interficiuntur
883 749 926 781 ab
960 746 1180 780 hominibus.
1206 764 1209 770 ·

363 1776 419 1809 Sic
436 1775 578 1809 vivente
593 1777 800 1809 Alexandro
819 1783 895 1808 erat
915 1788 1064 1809 concors
1087 1788 1185 1809 exer—
1210 1791 1211 1799 ¹

185 1828 293 1867 citus,
337 1833 371 1860 ct
403 1839 533 1871 magna
569 1828 734 1872 voluptas
759 1834 836 1860 erat
858 1827 907 1861 eis
935 1828 1079 1861 obedire
1102 1828 1185 1861 Ale-
1211 1846 1212 1855 κ

1105 2703 1180 2746 Ego
1207 2687 1209 2699 Ι

2155 95 2232 133 424

1226 181 1371 227 legens,
1399 181 1538 222 dicens,
1567 182 1660 223 scio,
1682 182 1769 228 quid
1787 182 1902 226 legam
1921 182 1977 215 vel
1995 182 2124 217 dicam.
2159 182 2230 216 Sed

1227 235 1332 267 bruta
1353 245 1428 266 non
1443 231 1578 267 habent
1603 240 1701 267 actus
1729 233 1900 274 reflexus,
1934 234 2070 267 faciunt
2092 234 2231 279 impetu

1231 286 1389 331 quodam
1409 297 1470 318 sua
1491 296 1613 329 opera.
1649 284 1737 329 Apis
1754 286 1839 318 facit
1853 296 1915 319 sua
1935 297 2063 330 opera,
2089 286 2231 320 nullum

1230 335 1340 370 habet
1366 342 1483 369 actum
1512 336 1703 377 reflexum,
1730 337 1814 370 facit
1838 335 2086 381 hexagonum,
2114 343 2149 370 et
2169 349 2232 370 ne-

1231 388 1308 428 scit,
1327 400 1372 420 an
1391 388 1501 420 faciat
1517 385 1763 432 hexagonum:
1793 388 1841 422 sic
1857 388 1942 422 facit
1958 389 2076 429 mella,
2101 400 2236 429 caeras,

1231 441 1291 474 sed
1309 451 1383 472 non
1403 439 1588 473 diiudicat.
1643 439 1808 473 Secundo
1827 441 1979 485 pecudes
1998 445 2139 473 tantum
2163 439 2236 474 sin-

1232 490 1369 536 gularia
1391 491 1705 531 animadvertunt,
1732 489 1897 526 homines
1916 491 2147 526 universalia.

1335 541 1395 576 Vs.
1412 543 1498 577 220.
1534 543 1706 586 Haustus]
1735 542 1892 586 Quidam
1920 543 2088 575 dixerunt
2112 540 2237 575 omnia

1234 593 1433 626 animantia
1459 606 1586 638 rapere
1612 593 1749 637 aliquid
1777 605 1817 625 ex
1840 600 1940 634 aere,
1976 593 2038 638 qui
2064 592 2110 627 sit
2133 593 2237 639 quid-

1972 643 2043 677 Sed
2057 656 2121 678 vos
2140 643 2236 678 scitis

1234 697 1293 728 illa
1324 707 1396 728 esse
1427 695 1540 727 aliena
1574 708 1593 727 a
1630 695 1793 728 doctrina
1821 693 2046 735 Christiana,
2090 701 2124 728 et
2150 706 2236 729 vera

1234 744 1476 792 philosophia.
1531 745 1596 780 Est
1614 747 1809 781 absurdum
1836 747 1952 781 dicere
1977 752 2135 780 mentem
2162 759 2236 780 esse

1236 806 1351 831 ortam
1371 810 1411 830 ex
1430 798 1548 843 aliqua
1569 798 1748 843 corporali
1767 805 1910 840 natura,
1937 798 2070 833 scilicet
2087 810 2128 832 ex
2142 805 2237 833 aere.

1337 849 1398 883 Vs.
1416 850 1503 884 221.
1531 850 1657 895 Deum]
1686 850 1721 883 id
1741 857 1810 891 est,
1845 859 1977 886 aerem.

1339 900 1399 934 Vs.
1416 900 1504 937 224.
1531 902 1731 946 Arcessere]
1758 903 1815 936 Ab
1839 905 1902 944 ad,
1938 909 1972 936 et
1990 913 2009 935 a
2027 901 2138 935 verbo
2156 902 2237 942 cieo,

1236 952 1271 985 id
1303 958 1372 993 est,
1417 955 1573 993 advoco,
1612 953 1647 986 id
1676 960 1746 995 est,
1790 952 1873 987 hinc
1908 952 2081 988 hauriunt
2111 953 2236 987 vitam.

1236 1004 1420 1048 Scriptura
1442 1017 1540 1039 sacra
1559 1005 1746 1039 manifeste
1766 1006 1936 1040 discernit
1952 1004 2142 1039 hominum
2161 1004 2238 1037 ani-

1236 1067 1312 1089 mas
1329 1068 1346 1088 a
1367 1056 1438 1088 vita
1456 1057 1653 1101 pecudum,
1680 1057 1771 1091 sicut
1788 1064 1902 1091 textus
1911 1057 1958 1105 ¹4)
1977 1057 2113 1103 inquit:
2149 1055 2239 1090 Cor-

1236 1108 1480 1153 pusloccidere
1497 1115 1660 1154 possunt,
1686 1109 1845 1142 animam
1862 1122 1937 1142 non
1954 1114 2115 1154 possunt.
2147 1106 2237 1141 Item

1237 1159 1399 1194 Christus
1418 1161 1580 1206 loquitur
1605 1173 1684 1194 cum
1710 1161 1811 1195 Mose
1830 1162 1866 1194 in
1881 1167 2004 1195 monte
2020 1159 2238 1207 Tabana),

1237 1219 1270 1245 et
1290 1219 1410 1246 tamen
1428 1212 1548 1246 Moses
1565 1213 1626 1247 diu
1645 1218 1720 1246 erat
1736 1213 1913 1258 sepultus:
1943 1225 2028 1258 ergo
2045 1211 2167 1245 anima
2187 1217 2240 1245 est

1235 1264 1445 1308 separabilis
1479 1265 1626 1308 quidam
1667 1265 1815 1309 spiritus
1854 1277 1873 1297 a
1914 1276 2067 1310 corpore
2101 1263 2239 1298 vivens.

1236 1315 1340 1347 Talia
1373 1313 1578 1347 testimonia
1614 1319 1698 1347 sunt
1729 1317 1967 1347 observanda.
2033 1315 2144 1356 Quod
2176 1327 2239 1344 au-

1236 1373 1307 1399 tem
1327 1365 1573 1399 animantibus
1591 1371 1674 1399 sunt
1690 1364 1885 1410 impressae
1909 1363 2087 1410 quaedam
2111 1361 2239 1405 imagi-

1236 1431 1297 1452 nes
1316 1423 1349 1450 et
1367 1417 1620 1451 similitudines
1639 1416 1842 1450 animarum
1855 1442 1864 1455 ,
1893 1415 2046 1449 sciamus
2068 1412 2239 1458 simplici-

1236 1477 1290 1503 ter
1308 1482 1381 1502 esse
1405 1469 1504 1512 signa
1528 1475 1561 1502 et
1587 1468 1749 1512 exempla
1774 1467 1949 1501 mirabilis
1973 1466 2069 1500 illius
2093 1465 2240 1510 opificii,

1237 1533 1328 1568 quae
1349 1526 1524 1553 testantur
1542 1520 1717 1553 mundum
1735 1532 1809 1552 non
1830 1519 1984 1553 extitisse
2003 1530 2098 1552 casu.

1339 1571 1400 1605 Vs.
1426 1572 1512 1607 228.
1555 1574 1598 1606 Sz'
1621 1572 1770 1617 qnccndo]
1805 1571 1839 1604 id
1866 1577 1936 1611 est,
1970 1570 2117 1616 quando
2140 1568 2239 1601 voles

1238 1624 1391 1656 eximere
1420 1624 1537 1657 mella.
1593 1623 1756 1655 Mellatio
1782 1623 1924 1656 dicitur.
2035 1620 2174 1664 Sedem]
2202 1620 2240 1652 id

1239 1683 1311 1717 est,
1341 1675 1511 1708 alveolos.

1341 1726 1401 1760 Vs.
1417 1726 1504 1761 229.
1532 1726 1686 1770 Relines]
1713 1725 1748 1758 id
1766 1730 1838 1766 est,
1873 1723 2032 1769 aperies,
2065 1722 2241 1763 recludes,

1238 1779 1446 1824 resignabis.

1341 1829 1402 1863 Vs.
1420 1830 1507 1865 230.
1538 1827 1761 1875 01·e¹⁵)f02-e]
1790 1827 1827 1860 id
1851 1834 1921 1868 est,
1950 1838 2080 1872 exspue
2107 1837 2239 1871 aquam

1238 1884 1277 1916 in
1301 1881 1479 1921 alveolos,
1517 1887 1554 1914 ut
1579 1892 1663 1925 apes
1687 1880 1845 1924 fugiant,
1879 1879 2094 1925 quiaffaegre
2119 1878 2241 1910 ferunt

1240 1934 1329 1978 eripi
1348 1933 1414 1967 sibi
1435 1933 1520 1966 illud
1539 1945 1642 1966 suum
1661 1944 1771 1975 opus,
1799 1930 1889 1964 sicut
1906 1931 2011 1963 debet
2035 1929 2150 1962 facere
2175 1928 2240 1961 bo-

1238 2000 1305 2020 nus
1320 1984 1590 2029 paterfamilias.
1632 1983 1678 2013 Et
1695 1983 1820 2012 dicunt
1833 1990 1917 2022 apes
1935 1981 2027 2011 circa
2045 1981 2135 2012 illud
2151 1985 2241 2012 tein-

1239 2050 1323 2081 pus,
1358 2034 1505 2080 quando
1539 2032 1745 2065 eximuntur
1771 2030 1896 2071 mella,
1937 2030 2078 2063 avidius
2101 2041 2241 2069 rorare,

1240 2101 1317 2121 cum
1336 2093 1458 2119 tamen
1477 2083 1614 2128 alioqui
1631 2083 1701 2116 sint
1719 2081 1961 2127 parcissimae.
2041 2080 2240 2127 Famesque]

1238 2140 1273 2173 id
1292 2144 1361 2177 est,
1389 2138 1443 2170 fac
1462 2137 1600 2169 fumum
1620 2135 1664 2167 ad
1682 2134 1856 2174 alveolos,
1881 2139 1915 2166 et
1932 2134 2031 2167 sumo
2048 2145 2108 2167 eas
2125 2133 2240 2176 abige.

1340 2189 1400 2223 Vs.
1417 2188 1504 2223 231.
1531 2189 1610 2220 Duo
1624 2186 1792 2230 tempora]
1815 2184 1877 2219 Bis
1902 2185 2109 2219 eximuntur
2130 2183 2238 2217 mella

1237 2243 1275 2276 in
1291 2239 1470 2287 principio
1489 2238 1581 2271 veris
1599 2244 1632 2271 et
1650 2239 1686 2271 in
1703 2244 1891 2273 autumno.

1340 2291 1400 2325 Vs.
1420 2291 1507 2326 232..
1546 2291 1707 2335 Tuyyete]
1736 2290 1771 2323 id
1798 2296 1869 2330 est,
1905 2288 2024 2322 Pleias
2050 2286 2238 2327 Arcadica,

1237 2344 1320 2390 quia
1340 2343 1496 2376 Arcadis
1511 2342 1621 2386 primi
1638 2343 1784 2376 suerunt
1800 2341 1950 2375 studiosi
1973 2352 2095 2374 rerum
2125 2338 2247 2390 coele--

1236 2396 1363 2434 stium,
1399 2396 1493 2428 unde
1521 2393 1628 2427 etiam
1653 2394 1822 2428 dicuntur
1843 2393 1950 2427 fnisse
1976 2392 2115 2438 priores
2138 2390 2237 2425 luna.

1238 2449 1408 2489 ostendit]
1438 2446 1646 2480 Oriefflibus
1670 2446 1876 2479 Pleiadibus
1900 2444 2051 2479 cosmice
2077 2443 2113 2475 in
2136 2440 2235 2475 Maio

1236 2501 1329 2539 sere,
1373 2499 1454 2544 qnia
1484 2498 1551 2543 ipsi
1576 2498 1752 2533 maturius
1776 2497 1948 2532 eximunt.
2014 2494 2107 2530 Nam
2133 2493 2237 2528 citius

1236 2550 1366 2584 habent
1386 2551 1459 2584 dies
1481 2550 1680 2584 calidiores.

1271 2650 1317 2675 1⁴)
1337 2648 1431 2671 matth.
1456 2647 1497 2674 ιο,
1516 2647 1558 2672 28.
1587 2647 1654 2671 Luc.
1678 2645 1719 2675 12,
1739 2646 1765 2669 4.

1271 2685 1335 2710 141¹)
1356 2683 1450 2707 Matth,
1468 2682 1507 2710 17,
1527 2681 1551 2704 3.
1578 2682 1663 2704 Marc.
1682 2681 1708 2709 9,
1726 2681 1751 2703 4.
1779 2679 1843 2703 Luc.
1859 2678 1885 2709 9,
1905 2679 1948 2702 30.

1272 2718 1318 2746 15)
1339 2715 1407 2748 (Ji-e]
1430 2717 1469 2739 sic
1488 2716 1536 2739 Ed.
1556 2716 1647 2745 1514.;
1672 2714 1721 2739 Ed.
1744 2714 1882 2745 WVagner.
1904 2714 1972 2738 Ora.
