2421 3005
86 71 163 107 645
402 69 491 106 XCI.

119 158 314 199 Canens,
350 158 448 192 Pici
476 170 607 198 uxor,
644 157 803 203 erepti
831 157 1046 202 coniugis

355 211 520 244 dolore
550 211 809 255 absumpta.

131 278 192 313 Vs.
213 278 302 315 432.

342 281 466 314 Tabuit
474 305 485 320 ‚
521 281 623 325 inque
647 280 732 313 leves
751 280 923 323 paulatim
946 281 1085 313 evanuit

501 343 619 365 auras.

181 390 323 425 Canens
347 403 365 423 a
395 391 558 423 canendo
584 402 720 424 nomen
749 391 878 435 adepta
902 395 970 427 est;
1015 388 1082 422 fuit

77 441 171 476 enim
183 469 192 484 ‚
219 449 259 477 ut
275 443 394 488 inquit
412 449 519 486 poeta
544 442 640 488 (Vss.
658 441 906 488 337—340.)
918 468 927 481 ,

126 505 223 538 Rara
241 505 372 549 quidem
384 502 493 546 facie,
523 505 580 537 sed
598 506 716 537 rarior
732 508 807 537 arte
824 503 968 536 canendi
977 517 986 534 .-

131 557 225 588 Unde
245 556 379 589 Canens
394 557 487 590 dicta
502 561 563 589 est.
617 556 742 599 Sylva-s·
756 561 789 588 et
802 567 894 589 saxa
912 564 1052 593 movere,

126 608 171 640 Et
188 607 331 640 mulcere
345 607 461 650 seras,
489 613 521 641 et
534 607 681 650 flumina
697 608 795 650 lonqa
812 608 943 640 morari

127 659 194 692 Ore
212 671 290 699 suo,
319 660 532 705 volucresque
549 671 651 702 vuyczs
669 661 816 692 retinere
831 658 968 691 solebat.

70 715 170 751 Haec
186 725 281 752 recte
300 719 447 764 fingitur
466 718 601 753 mutari
624 719 662 751 in
686 730 812 757 auras,

70 782 201 812 sonus,
229 771 348 806 omnis
366 784 436 805 vox
454 771 491 804 in
510 783 616 804 auras
635 769 828 804 evanescit.

850 717 935 763 quia
961 715 1079 750 omnis

274 854 512 889 Diomedis
539 853 659 888 socii
687 853 730 886 in
760 864 877 887 aves.

121 923 184 959 Vs.
202 922 289 959 499.
325 926 368 958 In
389 925 525 967 plumas
550 924 694 963 abeatur,-
736 923 862 965 plumz‘s
895 919 1076 968 quoque‘ffi)

497 975 568 1008 cola
584 980 755 1019 teyuutur.

173 1035 217 1070 In
234 1036 350 1070 insula
369 1041 493 1069 contra
511 1035 666 1080 Apuliae
685 1046 787 1068 oram
807 1039 892 1068 sunt
915 1045 997 1067 aves
1023 1033 1078 1066 fu-

68 1087 147 1132 licis
162 1088 316 1129 similes,
345 1100 437 1134 quae
456 1100 637 1134 nusquam
659 1087 745 1120 alibi
766 1086 943 1120 visuntur.
999 1084 1077 1118 Hae

70 1141 179 1182 olim,
212 1147 253 1175 ut
275 1147 382 1175 autor
408 1147 460 1174 est
476 1140 636 1181 Plinius,
673 1140 797 1173 aedem
823 1138 1012 1171 Diomedis
1039 1137 1078 1170 in

71 1205 112 1226 ea
128 1193 246 1226 insula
272 1192 403 1238 sepulti
428 1193 642 1237 perluebant
664 1191 825 1237 quotidie
849 1189 1078 1224 madentibus

69 1244 219 1290 pennis,
246 1257 287 1278 ac
304 1244 408 1291 quasi
426 1244 686 1289 purificabant;
718 1245 875 1277 advenas
894 1243 980 1276 item
996 1243 1078 1276 bar-

68 1297 178 1330 baros
198 1297 373 1342 plangore
392 1297 622 1336 infestantes,
651 1296 799 1329 Graecis
825 1302 966 1328 tantum
991 1296 1078 1328 adu-

68 1348 240 1382 labantur
264 1349 358 1382 miro
382 1349 610 1389 discrimine,
647 1348 757 1381 veluti
775 1348 899 1392 generi
926 1347 1077 1380 Diome-

70 1401 126 1435 dis
148 1398 218 1434 hoc
242 1401 459 1434 tribuentes:
499 1402 594 1433 unde
620 1400 721 1444 origo
747 1400 910 1441 fabulae,
947 1412 1077 1444 nempe

70 1464 129 1487 eas
145 1465 228 1487 aves
245 1452 353 1486 fuisse
369 1451 558 1486 Diomedis
576 1452 704 1486 socios.

188 1538 399 1584 Appulus
427 1545 589 1584 pastor
617 1538 662 1571 in
691 1538 963 1572 oleastrum.

122 1609 183 1643 Vs.
204 1606 291 1644 521.
317 1608 489 1652 Improbat
506 1610 564 1642 hos
578 1609 622 1652 ³⁷)
644 1615 780 1652 pastor,
815 1610 969 1655 saltuque
998 1610 1078 1642 imi-

489 1666 580 1694 tatus
601 1663 741 1704 ayrestess

178 1720 263 1756 Non
289 1727 341 1755 est
364 1720 625 1754 inconveniens
658 1720 931 1754 transformatio
967 1720 1078 1753 male-

72 1773 145 1808 dici
178 1773 433 1806 conviciatoris
464 1773 501 1805 in
536 1772 750 1810 oleastrum;
801 1784 867 1816 par
897 1777 948 1805 est
981 1772 1078 1805 enim

73 1825 250 1860 acerbitas
267 1825 306 1858 in
323 1825 469 1859 oleastri
488 1825 619 1864 fructu,
648 1831 682 1857 et
698 1824 735 1856 in
752 1824 928 1868 petulanti
943 1823 1079 1868 lingua.

73 1878 173 1924 Quid
188 1877 298 1922 igitur
315 1877 435 1910 fabula
454 1876 639 1920 significet,
657 1876 809 1910 Ovidius
827 1876 974 1916 indicat,
999 1888 1079 1909 cum

73 1930 194 1976 inquit
217 1929 313 1975 (Vss.
333 1926 408 1964 525
427 1929 517 1973 sq.):

127 1993 255 2033 Nempe
264 1989 310 2036 4³)
333 1995 446 2022 notam
463 1989 599 2032 linquae
615 1990 725 2022 buccis
742 1989 885 2021 oleaster
900 1990 1031 2021 amaris

127 2042 296 2081 Exhibet,
323 2042 494 2084 asperitas
513 2042 687 2074 verborum
707 2043 805 2073 cessit
827 2042 862 2073 iu
880 2041 969 2073 illas.

128 2126 290 2161 'Venti
320 2139 371 2161 ex
398 2126 592 2161 Astraeo
622 2133 665 2161 et
690 2126 869 2160 Aurora
899 2125 1011 2159 nati.

128 2196 207 2234 Vss.
232 2193 309 2231 544
331 2209 384 2243 sq.

435 2199 602 2231 tumidum
638 2199 760 2232 subitis
778 2196 825 2242 4⁹)
866 2196 1084 2229 concursibus

502 2261 627 2295 aequor

130 2303 274 2336 Astraei
291 2302 451 2341 turbant,
480 2306 511 2333 et
528 2306 608 2334 eunt
627 2303 661 2333 ἱη
676 2302 808 2344 proelia
825 2300 966 2344 fratres.

182 2360 292 2394 Venti
308 2361 478 2395 dicuntur
496 2373 536 2393 ex
546 2361 697 2395 Astraeo
709 2361 863 2405 Gigante
879 2359 967 2400 nati,
988 2359 1086 2405 quod

78 2426 124 2448 ex
156 2411 273 2447 halitu
301 2419 419 2447 terrae
455 2413 553 2446 velut
590 2425 632 2446 ex
668 2414 818 2446 materia
856 2417 1085 2457 generentur.

115 2515 165 2543 46)
184 2515 310 2546 quoque]
329 2514 370 2537 sic
385 2513 468 2537 Editt.
486 2513 572 2542 1555„
596 2512 686 2543 1559.;
709 2512 789 2537 Ovid.
805 2513 852 2536 Ed.
869 2513 979 2537 Mitsch.
999 2519 1086 2535 nov-‚a

117 2558 166 2586 47)
186 2558 252 2586 hos]
271 2557 417 2594 sichditt.
434 2557 527 2586 ¹555»,
551 2556 642 2585 1559.;
672 2556 751 2579 Ovid.
773 2556 821 2579 Ed.
843 2556 952 2580 Mitsch.
973 2556 1036 2581 lias.

118 2602 167 2629 48)
187 2600 310 2631 Nempe]
343 2601 383 2624 sic
414 2600 499 2624 Editt.
527 2599 621 2631 1555.‚
662 2600 752 2629 1559.;
800 2599 878 2623 ovid.
905 2600 954 2622 Ed.
979 2599 1087 2622 Mitsch.

154 2636 272 2667 Quippe.

116 2679 167 2707 49)
186 2679 329 2703 tumidum
348 2679 470 2707 subitis]
498 2678 537 2701 sic
565 2678 647 2701 Editt.
676 2678 768 2705 1555„

155 2713 264 2737 Mitsch.
285 2714 390 2739 subitis
410 2714 562 2739 tumidum.

799 2677 889 2707 1559.;
927 2676 1008 2702 Ovid.
1039 2676 1087 2700 Ed.

540 69 829 106 ENARRATIO
860 67 990 104 LIBRI
1016 66 1110 104 XIV.
1145 66 1629 103 METAMORPHOSEON
1666 68 1827 105 OVIDII.

2067 70 2142 106 646

1140 156 1170 190 N
1176 169 1232 189 am
1251 153 1389 201 physici
1404 167 1469 200 per
1489 156 1662 199 Gigantes
1680 157 1886 202 intelligunt
1902 157 2049 202 spiritus
2072 164 2143 190 ter-

1139 220 1200 242 rae
1226 208 1403 248 inclusos,
1436 208 1527 242 sicut
1553 214 1657 241 antea
1683 210 1817 244 dictum
1846 216 1909 244 est.
1970 209 2143 243 Astraeus

1140 267 1259 294 autem
1285 261 1413 304 Gigas,
1453 260 1517 293 ubi
1542 261 1667 304 genuit
1690 269 1836 320 ventos,
1875 263 1990 295 fertur
2013 273 2143 295 concu-

1139 313 1256 346 buisse
1288 325 1369 346 cum
1395 313 1551 346 Aurora.
1612 312 1674 346 Sol
1698 313 1793 347 enim
1820 320 1925 348 autor
1951 320 1985 347 et
2013 325 2143 359 parens

1138 371 1191 399 est
1213 371 1398 405 motuum,
1434 377 1549 411 eoque
1575 364 1713 399 oriente
1738 366 1884 411 spititus
1908 372 1943 399 et
1966 372 2143 411 augentur

1139 422 1172 449 et
1195 422 1407 451 sternuntur
1431 429 1498 462 pro
1524 417 1770 451 commotione
1797 418 1854 451 vel
1879 419 1972 452 aeris
2001 419 2058 452 vel
2088 430 2144 451 re-

1137 468 1334 503 dundantis
1358 466 1542 510 humoris,
1569 469 1675 503 sicuti
1691 469 1901 504 Aristoteles
1919 470 2079 514 disputat
2106 470 2143 503 in

1137 520 1363 564 problemate
1382 519 1443 555 35.
1472 521 1629 556 sectione
1647 520 1710 558 25.

1286 621 1435 657 Naves
1463 624 1642 657 Aeneae
1672 623 1717 657 in
1744 622 1987 670 Nymphas.

1188 689 1248 725 Vs.
1266 689 1353 726 554.
1389 694 1482 726 Lina
1507 706 1619 727 comae
1641 695 1773 735 molles,
1806 700 1978 728 antennae
2001 695 2142 729 brachia

1548 744 1649 787 fiunt.

1240 803 1396 837 Mutatio
1415 804 1564 837 navium
1586 805 1624 837 in
1641 803 1851 850 Nymphas,
1879 806 2055 851 significat
2079 819 2143 841 na-

1134 866 1194 888 ves
1211 854 1248 888 in
1265 856 1368 902 aquis
1383 856 1491 890 fuisse
1508 868 1657 897 mersas,
1685 869 1778 903 quae
1798 858 1843 891 ab
1859 855 2022 893 hostibus
2040 866 2143 893 erant

1134 906 1321 949 incensae,
1349 914 1457 955 atque
1480 909 1530 942 ita
1556 915 1799 943 conservatas.
1861 909 1978 945 Huius
2001 911 2142 945 fibulae

1134 965 1240 993 lutor
1260 966 1312 994 est
1328 959 1527 1006 Virgilius
1517 973 1555 994 ln
1573 973 1673 995 nono
1691 961 1873 996 Aeneidos
1882 961 1942 1009 ⁵⁰).

1157 1063 1307 1097 Ardea
1337 1065 1558 1110 oppidum
1586 1065 1635 1099 in
1663 1077 1789 1100 avem
1819 1067 1888 1101 sui
1912 1069 2123 1104 nominis.

1183 1133 1244 1167 Vs.
1261 1131 1349 1168 576.
1387 1137 1549 1179 Conyere'e
1569 1148 1586 1167 e
1609 1137 1721 1168 media
1740 1141 1813 1170 tum
1833 1139 1984 1180 primum
2007 1142 2141 1183 coqnz'ta

1553 1199 1706 1230 praepes.

1237 1246 1375 1280 Fabula
1407 1259 1449 1280 ex
1483 1248 1661 1282 allusione
1686 1247 1847 1283 nominis
1873 1251 2042 1289 conficta;

1133 1298 1229 1331 enim
1270 1311 1406 1332 nomen
1442 1299 1584 1333 Ardeae
1627 1300 1896 1346 aequivocum,
1946 1308 2142 1349 utrumque

1133 1350 1336 1394 significans
1359 1357 1393 1384 et
1422 1351 1597 1396 oppidum
1623 1358 1658 1386 et
1683 1364 1799 1386 avem.
1868 1352 1994 1389 Livius
2021 1362 2143 1389 autem

1134 1409 1284 1437 testa-tul
1310 1404 1468 1436 Ardeam
1494 1404 1715 1438 Rutulorum
1741 1405 1869 1439 nibem
1895 1404 2013 1440 adhuc
2035 1408 2142 1441 fuisse

1133 1455 1328 1501 Tarquinii
1364 1456 1607 1500 temporffius,
1652 1458 1747 1491 unde
1780 1464 1921 1492 constat
1950 1471 2027 1492 eam
2058 1466 2142 1493 tunc

1133 1507 1301 1540 incendio
1329 1507 1475 1552 quidem
1503 1509 1762 1554 conflagrasse,
1794 1511 1856 1544 sed
1880 1517 2005 1556 postea
2034 1512 2142 1546 fuisse

1133 1559 1385 1594 instauratam.

2091 1258 2143 1285 est

1278 1662 1458 1696 Aeneas
1487 1661 1532 1695 in
1559 1661 1698 1696 Deum
1727 1661 2000 1708 Indigetem.

1185 1730 1247 1764 Vs.
1265 1730 1352 1764 603.
1382 1732 1550 1776 Quicquid
1569 1733 1603 1763 in
1624 1733 1739 1765 Aenea
1752 1732 1869 1775 fuerat
1892 1735 2051 1774 mortale,
2088 1747 2143 1767 re-

1550 1789 1686 1825 purqat.

1240 1843 1343 1888 Quae
1385 1840 1443 1876 hic
1484 1848 1683 1875 narrantur
1722 1844 1765 1876 de
1811 1843 1980 1878 Numicio
2025 1858 2145 1888 amne,

1135 1895 1280 1928 Aeneae
1306 1895 1565 1927 mortalitatem
1593 1894 1782 1935 abluente,
1826 1893 1924 1929 haud
1954 1898 2061 1931 dubie
2089 1911 2145 1932 re-

1134 1948 1283 1981 ferenda
1304 1953 1388 1980 sunt
1407 1948 1452 1979 ad
1467 1944 1677 1986 historiam;
1712 1959 1787 1981 non
1807 1949 1956 1982 obscure
1974 1950 2069 1984 enim
2091 1951 2145 1984 in-

1137 2000 1207 2033 dic
1209 2006 1234 2032 it
1248 1994 1412 2032 Ovidius'
1423 1999 1583 2032 Aeneam
1608 1999 1645 2032 in
1667 1999 1836 2034 Numicio
1859 2001 2006 2045 periisse
2020 2029 2028 2043 ,
2063 2016 2143 2037 cum

1138 2052 1189 2085 ait
1205 2051 1284 2098 (Vs.
1304 2050 1379 2086 598
1392 2071 1441 2077 —-
1452 2050 1574 2096 604)

1190 2115 1306 2147 Littus
1338 2115 1412 2146 adit
1442 2115 1621 2153 Laurens,

1559 2178 1592 2197 st
1597 2167 1664 2207 1))ῐί

1191 2220 1234 2252 In
1246 2217 1339 2261 freta
1355 2217 1530 2260 flumineis
1545 2229 1563 2249 z
1567 2219 1658 2250 leina
1678 2218 1859 2250 [turnicius
1874 2220 1986 2252 undis.

1192 2268 1338 2313 Hiuc⁵¹)
1359 2269 1445 2302 iubet
1457 2272 1604 2309 Aeuom,
1633 2281 1847 2315 (saucecuuque
1867 2271 2016 2305 obnoxia
2031 2274 2143 2312 morti,

1192 2322 1356 2361 Abluere,
1386 2326 1417 2354 et
1431 2323 1533 2354 tacito
1547 2322 1679 2364 deferre
1694 2321 1754 2354 sub
1772 2334 1918 2367 aequora
1935 2335 2047 2357 cursu.

1194 2375 1358 2416 Corniyer
1371 2376 1556 2419 exequitur
1576 2375 1718 2407 Veneris
1733 2376 1915 2414 mandata,
1945 2377 2080 2422 suisque
2090 2401 2098 2415 ,

1196 2426 1364 2470 Quicquid
1381 2427 1418 2457 ἱιι
1435 2428 1552 2459 Aenea
1565 2425 1683 2468 fuerat
1699 2427 1860 2466 mortale,
1891 2433 2051 2471 repuryut

1196 2478 1239 2510 Et
1260 2479 1425 2520 resperye't
1448 2480 1556 2522 aquis.

1677 2114 1734 2146 ubi
1761 2119 1873 2148 certus
1889 2113 1934 2160 51)
1975 2118 2144 2150 (nundine

1177 2620 1226 2652 50)
1247 2620 1326 2645 Cous.
1347 2621 1429 2652 Virg.
1449 2622 1518 2644 Aen.
1539 2621 1587 2648 lx,
1610 2620 1658 2644 107
1672 2627 1731 2650 sqq.

1179 2675 1228 2701 51)
1250 2674 1349 2697 cereus
1366 2686 1395 2690 —
1411 2674 1500 2701 Hinc]
1516 2672 1555 2695 sic
1567 2673 1651 2695 Editt.
1666 2672 1754 2703 1555„
1773 2672 1866 2703 1559.;
1888 2673 1966 2698 Ovid.
1978 2674 2027 2698 Ed.
2039 2675 2147 2700 Mitsch.

1215 2710 1310 2733 tectus
1330 2722 1364 2725 —
1383 2709 1476 2733 Hunc.

1541 2740 1623 2777 41*
