2421 3005
66 101 143 140 573
380 99 471 135 XCI.

68 190 176 235 etiam
206 187 294 221 novi
325 188 505 233 quendam
533 187 791 231 impostorem,
835 187 897 232 qui
924 191 1068 229 accepta

65 239 204 286 ingenti
233 240 384 284 pecunia
419 239 504 272 olim
533 244 762 283 persuaserat
790 238 943 278 Carolo,
985 237 1069 270 Gel-

65 294 165 328 driae
190 292 293 332 duci,
330 292 431 325 senio
456 292 617 325 confecto
643 303 679 324 se
704 296 1006 335 praeparaturum
1036 288 1068 321 ei

65 357 193 379 aurum
211 344 390 389 potabile,
418 355 489 388 quo
506 342 554 376 ita
573 349 815 382 recrearetur,
843 342 903 375 vix
922 347 963 375 ut
977 351 1067 386 qua-

64 396 301 441 dragenarius
319 396 515 429 videretur.
568 394 666 427 Haec
691 400 774 428 sunt
796 393 926 428 similia
951 399 985 426 et
1009 404 1067 425 co-

64 455 171 493 gnata
194 446 277 481 huic
302 447 446 481 fabulae
471 448 514 480 de
533 446 673 480 Aesone
702 452 823 486 cocto,
852 452 887 479 et
911 445 949 477 in
967 445 1067 477 iuve-

62 513 146 534 nem
162 500 340 534 restituto.
393 498 531 532 Ferunt
547 505 665 532 autem
685 498 850 531 Medeam
871 496 1066 531 instituisse

64 553 242 598 quaedam
269 550 456 591 exercitia,
499 551 629 596 quibus
653 550 775 583 mollia
801 556 836 583 et
859 549 1063 582 effeminata

63 616 217 648 corpora
245 604 482 636 redderentur
514 609 638 647 vegeta
676 609 710 636 et
738 602 900 636 robusta.
973 600 1066 633 Hinc

60 656 156 688 fama
181 661 252 696 est,
285 655 424 689 effoetis
453 655 666 700 corporibus
692 660 846 687 aetatem
873 653 1063 686 florentem

59 707 276 745 restituisse3
319 720 540 753 quamquam
569 713 603 740 et
627 705 795 739 credibile
821 711 872 739 est
896 704 1063 737 Medeam

60 759 198 793 salubri
217 759 481 792 medicamento
499 770 712 804 prorogasse
739 757 850 790 vitam
868 756 1003 789 Aesoni
1028 755 1065 788 in

58 811 201 855 perdita
229 811 435 845 valetudine
466 811 665 855 affectaque
695 815 831 848 aetate3
873 808 942 842 suit
968 807 1063 841 enim

58 862 136 908 ipsa
154 861 351 897 herbarum
371 869 406 896 et
420 863 507 897 artis
526 862 683 895 medicae
702 861 830 906 perita.

374 965 547 1000 Caedes
579 950 750 999 Peliae.

110 1034 188 1068 Vss.
213 1033 289 1068 304
312 1047 364 1080 sq.
410 1037 498 1078 Spes
531 1041 580 1069 est
616 1036 807 1079 ciryinibus
840 1035 937 1068 Pelia
968 1036 1065 1077 yeni-

485 1092 559 1120 tore
575 1087 620 1130 ὃι)
650 1089 774 1120 creatis

108 1140 196 1171 Arte
212 1149 309 1171 suum
323 1138 433 1181 parili
451 1140 656 1172 revirescere
671 1150 768 1181 posse
783 1143 972 1181 parentem.

161 1197 259 1230 Haec
275 1198 394 1231 sabula
408 1224 417 1238 ‚
446 1192 755 1243 quemadmodum
773 1199 877 1231 (locet
891 1197 1064 1231 Erasmus

56 1249 346 1289 Roterodarnus,
382 1261 459 1282 non
482 1250 734 1294 intempestive
758 1250 902 1283 narrari
933 1255 1064 1294 potest,

56 1300 119 1334 ubi
138 1300 218 1346 quis
232 1300 318 1334 falsa
339 1313 400 1345 spe
421 1303 566 1342 ductus,
595 1314 669 1335 non
693 1302 809 1335 solum
836 1302 981 1334 inanem
1006 1314 1063 1335 su-

56 1353 124 1384 mit
143 1364 312 1396 operam,
341 1354 402 1386 sed
421 1354 528 1386 etiam
548 1355 744 1388 maximum
767 1355 938 1387 damnum
962 1353 1062 1391 facit3

55 1403 207 1448 perinde
223 1415 263 1436 ac
283 1404 311 1437 si
333 1405 413 1449 quis
440 1411 574 1445 artem,
611 1418 719 1451 quam
743 1412 875 1438 vocant
889 1403 1062 1439 Alchimi-

57 1467 150 1496 cam,
169 1462 344 1489 exerceat.
372 1456 466 1490 Nam
479 1456 591 1490 veluti
603 1457 725 1490 Peliae
737 1457 830 1501 regis
844 1457 938 1491 filiae
956 1470 972 1490 a
985 1457 1062 1490 Me-

56 1507 122 1540 dea
148 1519 340 1551 persuasae
368 1515 529 1552 patrem,
571 1510 656 1543 dum
685 1511 830 1543 student
857 1511 900 1543 ad
936 1510 1063 1543 iuven-

55 1565 131 1592 tam
157 1571 350 1598 revocare,
377 1560 485 1593 lebeti
512 1561 665 1594 ferventi
694 1561 906 1606 impositum
931 1568 1062 1595 necant

58 1622 98 1643 ac
121 1611 296 1654 perdunt:
327 1611 375 1643 ita
398 1612 456 1645 ille
472 1613 516 1645 ab
532 1613 793 1657 impostoribus
816 1626 1009 1658 persuasus
1028 1621 1062 1647 et

58 1667 134 1694 arte
161 1662 294 1702 fretus,
330 1663 415 1696 dum
451 1664 517 1697 sibi
554 1666 733 1708 promittit
761 1666 942 1707 futurum,
977 1673 1017 1699 ut
1044 1679 1061 1699 e

58 1719 188 1747 stanno
214 1714 275 1746 fiat
299 1721 508 1758 argentum,
534 1722 568 1749 et
594 1729 635 1750 ex
659 1729 740 1750 aere
767 1730 914 1759 aurum,
943 1718 1063 1762 perdit

59 1777 204 1798 omnem
224 1777 371 1810 operam
393 1773 427 1799 et
446 1779 550 1812 opes,
580 1781 669 1814 quas
687 1768 875 1813 impendit.

241 1868 490 1905 Cei-ambus
523 1871 566 1904 in
603 1873 884 1906 scarabeum.

110 1936 188 1972 Vss.
212 1935 301 1972 354.
328 1936 415 1973 356.
458 1942 526 1974 Hic
558 1952 615 1983 ope
638 1942 878 1984 Atqmplncrum
911 1943 1063 1977 sublatus
1089 1950 1091 1976 ἑ

474 1994 509 2026 in
526 2004 608 2026 aera
623 1996 767 2036 pennis,

112 2043 363 2077 Deucalioneas
379 2043 494 2087 effugit
513 2045 690 2078 inobrutus
709 2047 828 2079 undas.

164 2110 337 2156 Quisquis
365 2109 422 2144 hic
455 2112 523 2145 fuit
559 2112 774 2155 Cerambus,
825 2115 970 2158 fingitur
1007 2114 1063 2159 (ut

61 2162 210 2210 opinor)
240 2163 518 2198 transformatus
537 2171 686 2209 propter
704 2166 977 2200 similitudinem
998 2179 1062 2199 no-

60 2215 168 2249 minis
192 2215 230 2248 in
253 2215 462 2249 scarabeum
477 2242 486 2255 ,
523 2229 627 2262 quem
648 2218 776 2251 Graeci
800 2232 863 2263 per
881 2218 1062 2264 ὀνοματο-

60 2265 189 2302 ποιῖἀν
215 2273 347 2300 vocant
369 2265 584 2314 κέραμβον,
619 2271 720 2315 quasi
749 2269 886 2318 κέρατα
915 2270 1061 2316 ἔχοντα,

62 2330 196 2352 cornua
219 2316 426 2354 habentem.
481 2320 599 2354 Habet
618 2322 712 2355 enim
739 2324 928 2358 scarabeus
955 2323 1061 2367 longa

62 2376 97 2404 et
119 2382 263 2405 ramosa
295 2384 441 2406 cornua.
504 2372 576 2406 Cur
602 2385 688 2407 vero
716 2375 871 2419 fingatur
899 2381 1062 2420 tempore

62 2422 190 2456 diluvii
213 2424 342 2468 pennis
374 2431 546 2470 tanquam
573 2425 662 2458 alter
694 2426 851 2470 Pegasus
881 2428 919 2460 in
949 2428 1061 2462 altum

62 2475 222 2509 sublatus
245 2482 281 2509 et
302 2483 534 2510 conservatus
564 2489 581 2509 a
603 2476 799 2523 Nymphis,
831 2479 868 2512 id
894 2479 1063 2526 relinquo

65 2526 189 2560 otiosis
205 2527 358 2572 ingeniis
376 2528 647 2575 inquirendum.
702 2530 765 2564 Est
788 2531 882 2564 enim
911 2532 1062 2566 obscura

64 2583 100 2610 et
121 2578 289 2622 ignobilis
309 2581 450 2623 sabula,
495 2582 618 2627 quales
642 2588 725 2616 sunt
752 2588 785 2615 et
808 2590 967 2617 caeterae
990 2585 1064 2617 sere

100 2698 149 2731 81)
175 2699 320 2732 qenitore]
352 2700 391 2725 sic
420 2701 503 2726 Editt.
525 2702 617 2731 1555..

136 2736 276 2760 subiecta.

659 2702 748 2731 15594
777 2703 856 2727 ovid.
883 2704 933 2728 Ed.
954 2704 1064 2731 Mitsch.

524 98 812 135 ENARRATIO
846 98 978 134 LIBRI
1006 97 1083 133 VII.

1090 330 1097 809 Ι
1225 350 1229 353 “
1266 342 1520 378 Telchines
1555 356 1574 376 a
1612 343 1717 377 Iove
1755 346 1995 380 submersi.

1120 98 1600 135 METAMORPHOSEON
1638 99 1799 136 OVIDII.
2052 100 2131 139 574

1125 198 1248 221 omnes
1261 214 1269 227 ‚
1296 200 1384 233 quas
1403 186 1555 221 Ovidius
1573 185 1630 220 bic
1650 188 1765 221 obiter
1782 188 1925 233 attingit
1945 188 1981 221 in
2001 189 2131 222 descri-

1123 238 1238 272 benda
1258 239 1408 273 Medeae
1425 240 1508 284 fuga
1528 240 1570 272 ad
1590 239 1748 283 Aegeum
1764 268 1772 281 ,
1802 253 1919 287 neque
1939 241 2103 286 explicat.

1172 419 1232 453 Vs.
1251 419 1337 454 365.
1375 422 1629 467 Phoebeamque
1652 422 1791 455 Rhodon
1821 428 1850 455 et
1875 424 2022 466 Ialysios
2051 424 2129 457 Tel-

1547 474 1677 507 chinus.

1222 538 1341 585 Ialysii
1386 549 1536 585 propter
1577 542 1752 586 insignem
1797 543 2065 586 ii‘nprobitatem
2109 558 2126 576 a

1120 589 1268 625 Graecis
1294 594 1542 636 cognominati
1568 601 1651 628 sunt
1676 592 1886 633 Telchines,
1924 595 2014 628 sicut
2043 595 2127 628 olim

1119 642 1157 674 in
1181 642 1303 676 littore
1320 642 1443 677 ltalico
1471 645 1554 678 dicti
1581 653 1663 679 sunt
1691 660 1708 679 a
1737 646 1936 680 latrociniis
1961 646 2130 693 Laestry-

1119 706 1240 738 gones.
1294 695 1481 729 Vocantur
1504 697 1599 730 enim
1624 695 1816 731 Telchines
1841 699 1935 743 apud
1959 698 2130 743 Graecos,

1120 747 1206 779 mali
1226 747 1355 787 Genii,
1390 747 1452 793 qui
1472 747 1639 783 homines
1666 750 1802 783 illectos
1829 750 2129 791 circumveniunt,

1119 796 1222 845 παρὰ
1244 797 1287 834 τὸ
1310 798 1480 847 θέλγειν,
1518 802 1615 845 quod
1645 809 1695 835 est
1726 802 1941 836 demulcere.
2012 802 2127 836 Erant

1121 857 1239 883 autem
1265 849 1408 896 Ialysii,
1446 859 1484 885 ut
1501 851 1686 887 Diodorus
1714 853 1858 893 scribit,
1893 854 2128 889 fascinatores

1121 908 1155 934 et
1177 903 1350 944 malefici,
1390 904 1452 949 qui
1483 904 1616 945 nubes,
1661 905 1814 945 imbres,
1857 905 2068 949 grandinem
2095 913 2129 939 et

1120 954 1240 987 nivem
1261 955 1480 988 inducebant
1505 958 1550 989 ad
1579 956 1801 989 afferendam
1829 957 1956 991 vicinis
1983 958 2127 990 calami-

1121 1012 1255 1046 tatem,
1298 1014 1449 1052 propter
1484 1021 1591 1054 quam
1631 1009 1902 1054 improbitatem
1934 1010 2028 1043 iusto
2057 1009 2126 1043 Dei

1121 1058 1254 1091 iudicio
1282 1061 1427 1092 tandem
1455 1060 1576 1102 puniti
1601 1067 1695 1094 sunt.
1765 1061 1856 1094 Nam
1887 1060 2043 1107 Ialysus,
2072 1061 2124 1094 in-

1119 1110 1217 1143 sulae
1240 1108 1362 1143 Rhodi
1384 1112 1490 1152 urbs,
1516 1112 1554 1144 in
1582 1125 1651 1157 qua
1676 1111 1908 1153 habitabant,
1943 1114 2125 1147 submersa

1120 1168 1170 1195 est
1190 1163 1427 1196 inundatione
1449 1164 1558 1198 maris
1575 1163 1635 1211 ⁸²).

1295 1256 1527 1292 Corinthii
1567 1272 1615 1292 ex
1652 1260 1804 1304 fungis
1842 1261 1950 1294 nati.

1168 1327 1228 1360 Vs.
1254 1326 1340 1361 393.
1387 1329 1537 1371 Corpora
1575 1329 1758 1372 rulyarunl
1793 1330 1998 1373 pluvialibus
2036 1332 2126 1363 edita

1531 1380 1662 1424 funye’s.

1220 1440 1327 1484 Apud
1347 1437 1563 1474 Corinthum
1590 1441 1788 1487 antiquitus
1816 1440 1980 1474 homines
2005 1441 2125 1474 serun-

1117 1497 1175 1523 tur
1193 1504 1234 1524 ex
1249 1493 1367 1536 fungis
1387 1493 1481 1532 nati,
1502 1493 1547 1525 ob
1567 1493 1773 1537 primaevos
1790 1494 1926 1527 incolas
1946 1493 2038 1526 illius
2057 1492 2125 1525 loci

1117 1543 1243 1577 stultos
1259 1543 1305 1589 ⁸3)
1327 1551 1360 1577 et
1377 1545 1514 1582 fatuos;
1544 1557 1628 1577 nam
1651 1546 1748 1590 fungi
1778 1545 1973 1590 proverbio
2001 1545 2125 1577 dicun-

1116 1601 1174 1628 tur
1192 1596 1313 1631 stolidi
1331 1602 1364 1629 et
1381 1596 1492 1630 stulti.

1226 1690 1403 1725 Iasonis
1441 1698 1484 1724 et
1512 1690 1700 1725 Medeae
1737 1692 2011 1726 divortium.

1088 1775 1089 1789 π
1167 1761 1246 1795 Vss.
1265 1759 1339 1794 395
1363 1774 1415 1806 sq.
1446 1761 1731 1807 Flayruniemque
1758 1764 1892 1795 domum
1920 1764 2010 1805 reyis
2037 1762 2124 1794 male

1088 1793 1091 1872 Ι
1536 1815 1636 1851 cidit,
1667 1819 1804 1858 utroque
1823 1814 1868 1856 Μ)

1089 1897 1091 1904 ,
1170 1866 1348 1908 sanquine
1365 1869 1521 1898 natorum
1535 1864 1757 1908 persiendilur
1773 1867 1896 1908 impius
1914 1867 2017 1898 ensis.

1088 1909 1091 1929 1
1219 1933 1355 1967 Iasonis
1373 1941 1408 1966 et
1425 1934 1573 1967 Medeae
1591 1934 1801 1974 divortium,
1821 1946 2019 1980 eorumque
2038 1935 2123 1968 libc-

1088 1990 1241 2034 ]rorum
1273 1986 1383 2019 tristis
1418 1999 1457 2018 ac
1492 1986 1703 2019 miserabilis
1736 1986 1923 2027 interitus,
1968 1987 2124 2020 ostendit

1088 2037 1091 2078 ξ
1118 2038 1318 2077 connubia,
1362 2051 1454 2082 quae
1481 2039 1604 2072 invitis
1639 2039 1693 2070 vel
1732 2039 1880 2072 desertis
1912 2039 2124 2082 parentibus

1088 2086 1091 2131 l
1118 2091 1309 2130 ineuntur,
1339 2102 1413 2122 nou
1443 2102 1516 2124 esse
1544 2091 1643 2123 firma
1671 2097 1705 2122 et
1734 2090 1859 2124 felicia.
1924 2090 2121 2136 Postquam

1088 2144 1091 2194 [
1117 2142 1212 2176 enim
1236 2148 1353 2176 aestus
1373 2143 1507 2176 amoris
1526 2143 1724 2181 deferbuit,
1754 2155 1857 2175 amor
1876 2143 1911 2175 in
1938 2143 2061 2176 odium
2089 2148 2123 2174 et

1087 2197 1090 2235 Ι
1117 2195 1206 2227 iram
1229 2194 1471 2227 convertitur:
1510 2195 1604 2228 unde
1624 2201 1746 2238 postea
1767 2207 1919 2239 magnae
1940 2194 2123 2227 calamita-

1087 2239 1091 2294 l
1117 2253 1168 2280 tes
1197 2246 1363 2280 existunt.
1419 2246 1529 2280 Facto
1555 2253 1615 2279 aut
1643 2247 1800 2279 divortio
1821 2245 1927 2281 Iason
1957 2245 2123 2280 Creontis

1116 2298 1225 2331 filiam
1259 2298 1378 2338 duxit,
1419 2311 1528 2344 quam
1562 2298 1731 2332 iniuriam
1768 2299 1894 2332 Medea
1930 2298 2123 2332 crudeliter

1117 2351 1212 2390 ulta,
1241 2363 1315 2383 non
1343 2350 1457 2384 solum
1487 2351 1596 2384 filiam
1621 2350 1787 2385 Creontis
1812 2351 1979 2384 incendio
2004 2349 2123 2395 perdi-

1118 2403 1189 2442 dit,
1225 2404 1284 2436 sed
1321 2402 1426 2435 ctiam
1462 2415 1544 2436 suos
1578 2403 1731 2448 ipsamet
1763 2403 1895 2436 liberos
1929 2401 2121 2445 iugulavit:

1119 2455 1208 2488 adeo
1228 2455 1300 2494 ira,
1329 2467 1432 2487 amor
1454 2461 1487 2487 et
1507 2455 1699 2488 crudelitas
1720 2454 1754 2487 in
1773 2468 1811 2488 ea
1833 2459 2050 2488 exarserant.

1153 2602 1201 2635 82)
1222 2601 1301 2627 Cous.
1322 2601 1400 2626 Diod.
1421 2601 1473 2625 Sic.
1496 2602 1623 2626 Biblioth.
1638 2602 1674 2630 V,
1692 2602 1735 2625 56.

1088 2617 1094 2743 ἲ
1153 2654 1202 2687 ΕΒ)
1222 2655 1339 2683 stuttos]
1359 2654 1400 2678 sic
1418 2654 1505 2679 Editt.
1528 2655 1622 2685 1555.;
1642 2654 1690 2679 Ed.
1707 2654 1784 2679 1559.
1804 2655 1920 2680 stultus.

1158 2706 1208 2736 8⁴)
1233 2707 1309 2731 male
1334 2706 1427 2737 vidit,
1452 2707 1594 2737 utroque]
1622 2706 1661 2728 sic
1686 2706 1771 2729 Edftt.
1796 2706 1889 2737 1555.,
1915 2707 2008 2738 issa,

1189 2742 1239 2767 Ed,
1258 2741 1367 2766 Mitsch.
1389 2748 1471 2766 mare
1491 2743 1565 2766 vidit
1586 2742 1749 2773 utrumque.

2041 2705 2119 2730 Ovid.
