2341 2973
176 119 250 156 199
754 115 875 150 PHlL.

172 217 283 251 usque
309 205 353 237 ad
377 204 501 243 finem,
537 202 615 249 (Ep.
634 203 686 249 3.)
712 203 793 237 filiis
814 202 1073 246 superstitibus.
1135 201 1171 235 Si

174 258 253 304 quis
276 262 394 289 autem
422 267 548 295 sanus,
582 255 702 288 fruens
727 255 799 288 suis
821 253 944 293 honis,
983 258 1171 286 contentus

173 307 399 342 facultatibus
418 304 524 339 habet
540 306 689 349 gloriam
702 332 711 345 ,
735 318 779 339 ne
795 305 949 349 postulet
967 304 1063 338 Deus
1082 304 1169 337 fieri.

576 397 666 438 Ode
693 397 768 438 VI.

230 475 414 518 Agesiae
442 473 629 516 Syracusio
651 471 725 513 filio
752 469 942 516 Sostratess)
971 468 1108 516 ἀπήνῃ.

276 549 365 595 (Sir.
385 549 433 593 l.)
462 548 510 581 Ut
537 546 760 591 splendidam
786 548 932 579 domum
964 547 1171 587 extracturi,
1197 550 1198 554 ’

172 612 297 635 aureas
326 600 509 633 columnas
539 599 576 631 in
607 598 781 630 vestibulo
815 598 982 642 ponimus
1013 602 1172 643 (oportet

172 652 267 686 enim
288 652 388 685 initia
407 649 591 694 splendida
610 649 711 695 esse):
730 649 777 682 ita
795 649 823 683 si
841 649 931 683 adsit
948 650 1027 684 talis
1044 650 1171 690 victor,
1196 654 1197 660 ¹

172 704 234 750 qui
251 710 302 737 est
318 709 415 735 vates
432 708 465 734 et
485 702 650 734 conditor
668 701 863 746 Syracusae
877 728 885 741 ‚
912 701 991 735 talis
1017 702 1073 735 vir
1098 715 1170 748 quo
1196 705 1198 715 '

171 754 306 800 hymno
339 754 570 787 celebrandus
602 759 671 791 est,
715 765 904 786 occurrens
938 765 1012 785 non
1040 754 1170 787 invidis

171 806 305 840 civibus
334 805 369 838 in
399 804 530 838 cantu?
577 802 676 848 (Ant.
706 805 756 850 1.)
790 804 866 837 Stet
901 803 994 837 enim
1030 805 1066 837 in
1102 802 1170 837 hoc

170 855 340 903 rhythmo
371 857 497 900 pedem
533 852 667 888 habens
695 855 847 889 Sostrati
878 855 980 889 filius.

171 916 289 942 autem
309 920 425 953 neque
442 908 535 951 apud
554 906 670 946 viros,
696 919 814 952 neque
832 907 969 951 ignavis
986 906 1060 940 sine
1079 908 1170 952 peri·
1196 918 1197 921 ¹

172 961 250 993 culo
268 966 330 994 est.

170 1011 423 1044 meminerunt.

381 958 426 992 Et
445 959 472 992 si
491 958 575 1004 quid
599 959 780 1003 praeclare
806 960 936 992 factum
962 965 1030 997 est,
1066 959 1168 993 multi

487 1012 519 1042 ()
550 1010 697 1054 Agesia‚
740 1010 803 1042 tibi
838 1010 914 1043 laus
947 1017 1069 1054 parata
1107 1017 1171 1049 est,

171 1075 277 1108 quam
299 1063 387 1096 iuste
404 1063 578 1095 Adrastus
593 1059 815 1106 Amphiarao
839 1061 924 1094 olim
942 1061 1013 1094 vati
1034 1062 1170 1101 tribuit,
1196 1068 1197 1085 ³

169 1120 360 1159 postquam
381 1119 476 1146 terra
496 1125 575 1147 eum
597 1119 629 1146 et
657 1125 768 1158 equos
791 1113 979 1157 absorpsit.
1018 1114 1097 1156 (Ep.
1120 1115 1169 1157 l.)

169 1165 310 1210 Septem
337 1165 431 1198 enim
457 1165 605 1198 ducibus
631 1164 850 1209 consumptis
871 1165 908 1197 in
930 1165 1045 1208 rogis,
1082 1165 1171 1198 dixit

167 1217 357 1251 Adrastus:
386 1216 558 1250 Desidero
583 1217 725 1250 oculum
741 1217 933 1255 exercitus,
966 1222 1083 1249 vatem
1107 1217 1170 1250 bo·
1196 1220 1197 1224 ’

169 1286 277 1313 num,
322 1275 356 1304 et
379 1269 601 1302 bellatorem.
670 1267 707 1301 Id
742 1268 974 1312 praeconium
1010 1269 1109 1302 adest
1137 1275 1170 1301 et

168 1325 252 1359 'huic
283 1324 520 1369 Syracusano.
589 1320 672 1354 Non
707 1327 757 1353 est
789 1321 1010 1359 aemulator,
1054 1332 1170 1366 neque

169 1377 326 1417 rixosus,
355 1375 452 1422 quod
470 1374 671 1407 iuramento
690 1371 810 1405 testari
828 1384 965 1416 possem
981 1385 989 1409 ;
1016 1372 1170 1406 melliso-

168 1445 235 1466 nae
255 1442 339 1464 vero
357 1429 482 1464 Musae
501 1426 755 1464 assentiuntur.

274 1482 428 1527 (Str-2.)
458 1481 491 1515 O
508 1492 588 1514 mea
608 1491 707 1513 mens
717 1478 762 1525 ⁹),
796 1476 934 1520 iungito
954 1476 1069 1510 mulas
1088 1475 1170 1516 cito,

171 1542 209 1569 ut
226 1535 261 1567 in
278 1534 403 1568 semita
420 1545 509 1578 pura
528 1532 697 1566 collocem
717 1541 859 1564 currum
871 1554 881 1569 ‚
916 1534 950 1561 et
966 1528 1109 1562 veniam
1126 1529 1171 1561 ad

171 1599 279 1631 genus
297 1585 471 1619 virorum.
532 1584 625 1619 Nam
653 1582 719 1617 hae
748 1582 863 1616 mulae
890 1594 976 1626 prae
1003 1581 1082 1615 aliis
1108 1593 1171 1614 no-

170 1645 254 1673 runt
277 1637 393 1678 viam,
422 1643 612 1683 postquam
639 1639 852 1680 acceperunt
876 1645 1027 1667 coronas
1048 1632 1172 1678 Olym-

169 1690 278 1737 picas.
331 1689 394 1723 His
420 1689 529 1733 igitur
553 1694 678 1733 portae
705 1685 924 1732 hymnorum
951 1685 1172 1729 aperiantur.

170 1743 287 1776 Hodie
306 1742 400 1775 enim
419 1753 558 1774 necesse
580 1747 631 1774 est
653 1751 711 1773 eas
737 1738 902 1772 accedere
928 1737 973 1769 ad
991 1737 1172 1776 Pitanam,

172 1797 266 1829 iuxta
283 1793 442 1827 Eurotae
466 1804 606 1826 cursum
634 1790 754 1824 debito
782 1797 963 1833 tempore,
1000 1786 1100 1833 (Ant.
1119 1787 1172 1834 2.)

173 1858 263 1892 quae
290 1845 459 1889 Neptuno
488 1843 597 1877 mixta
610 1842 675 1888 ¹⁰),
711 1842 842 1875 dicitur
865 1840 1041 1873 Euadnen
1063 1840 1173 1872 viola-

173 1911 233 1931 ceo
253 1897 381 1941 capillo
399 1896 595 1941 peperisse;
625 1894 817 1928 occultasse
841 1898 958 1925 autem
987 1890 1173 1924 clandesti-

174 1962 259 1982 num
280 1949 413 1981 foetum
432 1948 589 1991 gremio,
620 1952 653 1978 et
677 1958 741 1979 suo
770 1956 889 1977 mense
918 1943 1074 1982 editum,
1108 1942 1173 1974 mi-

173 2000 257 2035 sisse
281 2000 446 2032 alendum
467 2000 606 2043 Aepyto
634 1998 815 2031 Arcadum
843 1995 937 2038 regi,
976 1994 1036 2040 qui
1065 2000 1098 2026 et
1114 1994 1174 2027 Al-

174 2050 266 2097 pheo
284 2050 549 2083 dominabatur.
585 2048 637 2082 lbi
654 2050 801 2082 educata
814 2047 982 2085 Euadne,
1011 2046 1054 2078 ab
1065 2045 1174 2089 Apol-

173 2103 245 2138 line
264 2114 466 2145 compressa
491 2107 551 2134 est.
607 2100 686 2145 (Ep.
704 2099 756 2146 2.)
785 2099 858 2133 Nec
884 2109 969 2130 vero
994 2096 1176 2140 ignoravit

175 2157 333 2199 Aepytus
352 2153 536 2197 gravidam
551 2164 636 2186 esse.
690 2150 904 2195 Reprimens
921 2154 1039 2181 autem
1060 2147 1175 2180 occul-

176 2214 246 2239 tam
267 2206 377 2243 iram,
405 2205 475 2237 cito
500 2203 587 2236 abiit
603 2201 823 2247 Pythonem,
851 2200 1066 2234 sciscitatum
1096 2211 1176 2231 ora-

175 2258 251 2291 cula
272 2254 397 2289 dehoc
423 2267 516 2288 casu.
581 2253 639 2286 llla
667 2256 849 2297 deponens
877 2263 1025 2289 zonam,
1061 2256 1095 2282 ct
1117 2262 1176 2282 ur-

176 2321 258 2341 nam
279 2313 504 2351 argenteam,
533 2305 596 2339 sul)
615 2305 734 2349 opacis
760 2303 877 2337 dumis
902 2301 1042 2347 peperit
1063 2300 1174 2334 filium

175 2358 433 2402 fatidicumss),
467 2357 522 2389 cui
538 2356 668 2400 Apollo
695 2357 816 2389 adesse
844 2353 982 2387 curavit
999 2352 1174 2386 Lucinam

209 2444 239 2471 8)
258 2441 321 2473 filio
341 2439 482 2472 Sostrati]
503 2439 544 2463 sic
563 2438 645 2461 Editt.
665 2437 758 2467 1558..
779 2438 854 2462 156³.
878 2446 910 2458 =
926 2435 977 2469 υἱῷ
996 2432 1175 2467 Σωστράτου,

245 2482 314 2506 quae
345 2477 369 2499 in
393 2476 476 2498 rzttitt.
497 2473 627 2498 Francos.
648 2472 721 2495 1542.
747 2474 774 2495 et
803 2473 833 2494 ΙΙ.
856 2472 949 2501 steph.
972 2471 1045 2494 1566.
1075 2471 1174 2500 tegun-

244 2513 306 2539 tur,
343 2510 368 2533 in
398 2509 500 2533 ceteris
528 2510 619 2532 autem
649 2507 731 2530 liditt.
761 2507 785 2528 iu
813 2508 878 2529 nota
903 2507 928 2530 5.
954 2505 1174 2529 commemoratis

244 2545 352 2569 desunt.

210 2589 241 2615 θ’)
262 2588 282 2611 0
306 2593 365 2611 mea
389 2586 476 2617 mens]
499 2586 538 2609 aie
560 2583 640 2608 ttditt.
667 2583 757 2607 1558..
784 2584 875 2609 156³:
913 2585 1022 2607 veterae
1046 2583 1128 2607 Editt.
1148 2583 1174 2606 iu

247 2624 312 2645 nota
326 2623 350 2644 5.
367 2622 597 2644 commentos-atae
613 2620 729 2642 habent:
748 2614 782 2641 Ὦ
799 2619 908 2645 Φίντις,
930 2618 952 2641 0
971 2618 1084 2641 Pliintis.

214 2666 258 2692 10)
279 2670 347 2694 quae
370 2664 491 2692 Neptuno
512 2663 628 2691 mixta,]
657 2662 697 2685 sie
724 2664 772 2689 (z
792 2660 869 2686 Piud.
897 2658 915 2683 ἅ
943 2668 983 2683 τοι
1002 2656 1172 2684 Ποσειδάωνι

246 2698 392 2729 μιχθεῖσα]
416 2698 462 2720 Ed.
484 2697 573 2721 156³:
602 2698 627 2719 in
651 2696 698 2721 Ed.
719 2696 792 2719 1558.
814 2695 921 2718 desunt.

216 2743 258 2765 Η)
281 2740 436 2768 fatidicum!
463 2740 546 2764 Editt.
564 2740 636 2763 ¹558.
648 2756 655 2763 .
679 2739 752 2763 1563.
772 2738 926 2762 vatidicum.

914 115 1025 149 MEL.
1061 113 1263 149 SCRIPTA
1301 113 1638 149 PHILOLOGICA.

1048 856 1170 889 Virtus
1196 860 1197 875 ³

2156 117 2231 152 200

1196 224 1200 260 1
1225 208 1259 233 et
1283 201 1426 235 Parcas.
1490 200 1650 246 (Sana.)
1686 200 1828 234 Prodiit
1856 200 1964 244 igitur
1998 200 2035 233 in
2067 201 2183 236 lucem
2208 215 2230 236 a

1196 271 1200 324 ι
1224 259 1330 296 partu
1350 252 1487 292 lamus,
1516 265 1621 298 quem
1646 258 1782 286 moesta
1807 251 1954 297 reliquit
1979 250 2092 286 humi.
2145 253 2231 288 Duo

1226 310 1343 337 autem
1360 305 1554 338 daemones
1569 316 1650 338 eum
1669 304 1855 344 aluerunt,
1883 303 1960 337 Deo
1978 304 2140 346 volente,
2175 305 2230 338 in-

1226 355 1334 388 noxio
1354 367 1461 400 apum
1478 367 1595 390 succo,
1647 355 1844 401 Postquam
1862 361 1980 388 autem
1997 356 2157 401 Aepytus
2173 368 2229 390 re-

1196 411 1199 448 }
1225 406 1302 446 dist,
1329 406 1565 451 interrogavit
1582 419 1706 441 omnes
1721 408 1764 440 de
1782 419 1894 451 puero
1910 413 1997 440 nato
2015 419 2056 440 ex
2066 407 2227 443 Euadne.

1196 450 1199 470 ²
1224 458 1286 491 Ait
1310 458 1427 499 enim,
1471 465 1595 492 natum
1624 471 1697 493 esse
1721 456 1870 492 Phoebo
1907 459 2007 504 (Ant.
2025 459 2077 505 3.)
2106 465 2225 504 patre;

1224 510 1301 542 sore
1319 515 1436 543 autem
1457 516 1575 543 vatem
1594 510 1777 551 eximium,
1804 522 1870 544 nec
1887 510 2132 555 posteritatem
2151 510 2226 545 eius

1197 584 1198 587 =
1225 567 1440 595 cessaturam
1459 573 1544 596 esse.
1598 562 1656 595 Sic
1673 574 1752 595 cum
1770 561 1932 603 dixisset,
1959 575 2067 596 nemo
2086 575 2122 597 se
2138 563 2226 597 scire

1196 634 1198 644 1
1225 613 1381 646 dicebat:
1428 613 1572 659 iamque
1600 613 1675 647 dies
1701 613 1846 658 quintus
1869 619 1947 646 erat
1978 626 1998 647 a
2029 620 2156 658 partu,
2193 619 2227 647 et

1225 670 1335 698 tectus
1360 671 1436 697 erat
1460 665 1566 699 iunco
1594 665 1631 698 in
1658 665 1777 705 rubis,
1817 664 1948 709 ignotis
1972 665 2076 699 violis
2103 663 2226 699 hume-

1225 721 1322 749 ctans
1341 728 1469 760 corpus
1481 743 1490 756 ,
1518 717 1612 750 unde
1630 722 1664 750 et
1678 722 1794 749 mater
1808 716 1840 749 ei
1857 728 1990 749 nomen
2006 717 2115 751 dedit.

1327 767 1407 812 (Ep.
1429 766 1480 813 3.)
1516 768 1605 802 Cum
1640 774 1758 801 autem
1795 768 2019 812 pubertatem
2055 768 2228 813 attigisset

1196 835 1198 856 =.
1223 817 1360 859 lamus,
1396 819 1540 853 accessit
1566 821 1610 853 ad
1635 817 1835 863 Alpheum,
1869 826 1903 853 et
1926 819 2069 865 rogavit
2090 819 2229 864 Neptu-

1196 903 1197 907 ,
1224 881 1309 902 num
1330 876 1363 903 et
1378 868 1586 911 Phoebum,
1614 877 1653 904 ut
1670 871 1737 905 sibi
1752 871 1952 904 tribuerent
1972 877 2086 905 artem
2110 869 2226 904 hono-

1223 920 1378 962 rificam,
1412 923 1547 966 populo
1572 923 1708 956 utilem.
1776 922 1977 967 Respondit
2003 923 2112 967 igitur
2134 922 2227 956 veri-

1224 972 1299 1004 dica
1325 985 1394 1005 vox
1421 974 1558 1017 patria,
1596 981 1630 1007 et
1666 974 1819 1008 vicissim
1856 987 1937 1008 eum
1973 975 2126 1008 allocuta
2156 980 2225 1008 est:

1196 1054 1197 1062 ,
1223 1023 1334 1067 Surge
1350 1024 1410 1064 fili,
1440 1025 1532 1059 imus
1551 1026 1594 1058 ad
1614 1038 1840 1059 communem
1861 1026 2065 1070 regionem,
2091 1026 2226 1059 famam

1480 1076 1571 1122 (Str.
1596 1076 1648 1122 4.)
1682 1077 1868 1110 Venerunt
1889 1077 1998 1121 igitur
2024 1079 2069 1111 ad
2096 1077 2225 1111 celsam

1196 1156 1197 1180 l
1224 1126 1405 1174 Croniiffl)
1424 1139 1569 1172 rupem,
1598 1128 1659 1162 ubi
1676 1129 1854 1173 duplicem
1879 1130 1910 1162 ei
1934 1127 2143 1163 thesaurum
2166 1140 2227 1160 va-

1195 1195 1197 1200 2
1225 1178 1336 1210 ticinii
1355 1179 1500 1220 tribuit,
1536 1186 1575 1213 ut
1590 1186 1673 1213 tunc
1697 1181 1840 1213 oracula
1866 1181 2050 1221 redderet,
2085 1186 2120 1213 et
2145 1192 2225 1213 cum

1224 1230 1362 1263 veniret
1380 1230 1568 1270 Hercules,
1598 1238 1632 1264 et
1648 1229 1715 1264 hoc
1732 1238 1912 1265 certamen
1928 1231 2148 1271 institueret,
2176 1230 2226 1264 ibi

1225 1281 1361 1315 oraculi
1380 1283 1547 1317 sacellum
1570 1284 1754 1316 conderet:
1791 1282 1891 1327 (Ant.
1908 1281 1961 1330 4.)
1988 1283 2070 1316 inde
2090 1282 2226 1315 celebre

1223 1333 1289 1367 suit
1306 1345 1415 1377 genus
1430 1333 1648 1368 Iamidarum
1663 1361 1672 1375 ,
1699 1341 1733 1367 et
1748 1335 1882 1368 divitiis
1902 1340 2041 1379 potens.
2093 1333 2142 1366 At
2165 1332 2227 1378 qui

1225 1383 1407 1418 honorant
1434 1386 1624 1427 virtutem,
1655 1387 1745 1419 fiunt
1769 1385 1866 1419 clari.
1920 1385 2226 1431 Unumquemque

1225 1443 1345 1470 autem
1373 1449 1428 1471 res
1459 1438 1533 1483 ipsa
1566 1437 1731 1472 ostendit.
1792 1436 2023 1471 Obtrectator
2050 1434 2225 1479 autemlss)

1225 1490 1354 1533 pendet
1372 1501 1413 1522 ex
1428 1490 1506 1524 aliis
1519 1517 1527 1531 ,
1556 1490 1616 1536 qui
1635 1489 1796 1523 invident
1812 1489 2029 1530 victoribus,
2056 1500 2146 1535 quos
2171 1498 2226 1520 or-

1227 1547 1287 1574 nat
1304 1541 1429 1586 gratia.

1328 1593 1364 1627 Si
1388 1601 1506 1628 autem
1531 1606 1612 1627 vere
1637 1595 1791 1627 maiores
1808 1593 1955 1638 Agesiae
1979 1593 2044 1626 sub
2059 1591 2233 1637 Cyllenae-

1227 1652 1348 1679 monte
1366 1646 1540 1679 Arcadiae
1561 1645 1640 1690 (Ep.
1661 1645 1713 1691 4.)
1730 1644 1950 1685 habitantes,
1986 1644 2043 1688 pie
2069 1641 2228 1677 honora-

1198 1713 1202 1765 1
1226 1704 1310 1731 runt
1320 1697 1555 1737 Mercurium,
1579 1697 1639 1742 qui
1658 1698 1833 1741 gubernat
1851 1696 2061 1736 certamina,
2077 1694 2229 1728 etArca-

1199 1767 1202 1811 Ι
1226 1749 1305 1783 diae
1324 1756 1477 1793 praeest,
1505 1747 1563 1782 hic
1580 1748 1642 1781 tibi
1662 1761 1741 1782 cum
1760 1747 1843 1781 love
1858 1747 2061 1781 felicitatem
2079 1746 2230 1791 perficit.

1199 1812 1202 1849 1
1330 1800 1454 1834 Habeo
1483 1801 1519 1833 in
1542 1800 1663 1844 lingua
1690 1806 1723 1833 et
1751 1800 1857 1832 aliam
1876 1798 2107 1844 opinionem,
2136 1809 2228 1842 quae

1199 1853 1202 1910 Ι
1228 1864 1283 1885 me
1309 1852 1406 1885 velut
1433 1865 1490 1887 cos
1517 1851 1630 1892 acuit,
1673 1858 1707 1884 et
1735 1851 1887 1884 delectat
1908 1862 1965 1882 me
1992 1849 2029 1882 in
2058 1848 2230 1882 carmine.

1200 1914 1202 1937 !
1228 1903 1318 1948 (Str.
1338 1902 1389 1949 5.)
1422 1904 1511 1938 Avia
1546 1915 1624 1936 mea
1649 1902 1821 1936 Arcadica
1845 1899 1996 1934 Theben
2027 1906 2228 1946 equestrem

1228 1955 1386 2000 peperit,
1414 1955 1513 1989 cuius
1532 1967 1596 1999 ego
1618 1965 1748 1999 aquam
1772 1953 1877 1993 bibo,
1912 1958 2056 1985 nectens
2081 1951 2230 1984 bellato-

1200 2680 1204 2707 l

1195 1088 1197 1112 {
1224 1075 1416 1108 inventuri.

1228 2007 1326 2040 ribus
1359 2005 1523 2051 hymnos.
1592 2004 1716 2037 Excita
1750 2004 1864 2038 socios
1896 2003 2016 2036 Aenea
2047 2003 2229 2041 recitator,

1228 2058 1384 2102 primum
1402 2064 1442 2091 ut
1461 2054 1820 2090 celebrentlunonem
1833 2053 2082 2095 Partheniam,
2100 2054 2229 2087 deinde

1229 2115 1268 2142 ut
1283 2116 1408 2142 notum
1427 2109 1506 2149 fiat,
1539 2119 1604 2140 nos
1627 2107 1789 2150 effugisse
1814 2107 2008 2152 probrum,
2046 2106 2143 2152 quod
2164 2117 2229 2138 no—

1228 2160 1281 2194 bis
1299 2160 1486 2200 obiicitur,
1510 2172 1567 2193 sus
1582 2158 1746 2193 Boeotia.
1792 2158 1838 2192 Es
1856 2159 1950 2192 enim
1970 2158 2120 2191 idoneus
2137 2169 2230 2190 nun-

1229 2212 1298 2247 tius
1317 2212 1515 2246 Musarum.
1568 2209 1669 2257 (Ant.
1688 2208 1741 2257 5.)
1770 2209 1855 2244 Iube
1877 2216 1911 2244 et
1934 2209 2154 2244 mentionem
2176 2208 2228 2241 fa-

1229 2276 1306 2297 cere
1317 2264 1572 2309 Syracusarum
1588 2289 1596 2302 ‚
1624 2268 1655 2295 ct
1666 2261 1837 2307 Ortygiae
1849 2289 1858 2302 ,
1885 2274 1994 2308 quam
2010 2261 2121 2294 Hiero
2138 2259 2233 2294 iuste

1229 2316 1450 2359 gubernans,
1476 2319 1668 2347 veneratur
1686 2313 1852 2347 Cererem
1873 2320 1906 2347 et
1919 2311 2174 2357 Proserpinam
2194 2316 2227 2344 et

1228 2366 1362 2401 Iovem.
1417 2366 1608 2399 Celebrant
1632 2365 1826 2399 Hieronem
1852 2377 1976 2399 suaves
2002 2360 2228 2406 citharae¹⁴)‚

1229 2430 1273 2451 ne
1290 2418 1434 2451 veniens
1465 2424 1562 2451 aetas
1585 2418 1766 2451 concutiat
1791 2417 1866 2451 eius
1889 2416 2107 2450 felicitatem.
2159 2413 2227 2446 Hic

1229 2470 1380 2514 excipiat
1418 2470 1529 2503 laetus
1560 2470 1768 2502 redeuntem
1794 2468 1958 2513 Agesiam
1996 2466 2075 2512 (Ep.
2093 2463 2149 2508 5.)
2185 2475 2226 2498 ex

1559 2521 1712 2554 Arcadia
1851 2519 2006 2564 patriam
2055 2515 2227 2551 Siciliam.

1229 2521 1340 2554 veteri
1390 2521 1505 2565 patria
1765 2520 1800 2552 in

1264 2612 1310 2642 12)
1328 2612 1436 2641 crona]
1463 2612 1502 2635 sio
1526 2614 1575 2640 (=
1599 2612 1675 2636 Pind.
1706 2611 1843 2642 Κρονίου)
1872 2610 1922 2635 Εά.
1946 2608 2040 2640 1563.,

1298 2648 1431 2677 ttocckh.;
1456 2647 1505 2671 Ed.
1523 2647 1596 2670 1558,
1616 2646 1738 2670 Aci-onii.

1265 2690 1308 2718 13)
1330 2692 1435 2718 antem]
1455 2690 1495 2713 sic
1516 2692 1564 2718 (z
1578 2689 1654 2713 Pind.
1676 2685 1720 2717 δ’)
1739 2689 1787 2713 Ed.
1809 2688 1900 2715 1558.;
1928 2687 1953 2710 in
1974 2686 2021 2710 Ed.
2039 2684 2113 2709 ¹56³.
2136 2684 2225 2708 deest.

1267 2736 1308 2760 u)
1329 2734 1465 2761 citharae]
1485 2734 1523 2755 sic
1544 2733 1590 2756 Ed.
1611 2732 1700 2756 {568st
1728 2731 1773 2754 Ed.
1795 2731 1869 2754 ¹558.
1890 2730 2028 2754 sionei-ae.

2075 2608 2175 2639 neyne
2197 2608 2225 2630 et
