2341 2973
227 84 300 121 651

330 169 438 204 Ratio
453 167 628 201 naturalis
648 167 842 200 secundum
861 166 1031 200 Senecam
1052 170 1103 198 est
1118 162 1219 204 haec,

227 223 334 269 quia,
367 222 457 255 sicut
482 219 654 258 ebrietas,
679 219 793 251 donec
816 217 1008 251 exsiccetur
1027 214 1219 255 dementia,

226 275 337 307 nimia
361 271 534 316 gravitate
557 271 715 303 defertur
737 269 773 301 in
801 281 985 302 somnum:
1030 267 1079 300 sic
1104 278 1218 311 aquae

225 323 332 358 huius
362 321 556 367 sulphurea
590 322 642 355 vis
674 319 781 353 habet
811 321 992 365 quoddam
1028 317 1144 351 acrius
1178 329 1219 350 ex

226 384 308 411 aere
322 375 431 408 noxio
457 373 575 413 virus,
605 373 701 418 quod
729 377 884 404 mentem
910 376 971 403 aut
994 370 1116 402 surore
1142 380 1218 401 mo-

225 433 303 467 vet,
332 432 393 459 aut
411 437 540 469 sopore
560 423 743 468 opprimit.

458 498 750 545 Hyperborei
778 498 988 543 plumati.

276 571 354 605 Vss.
372 568 447 604 356
465 582 517 614 sq.
546 571 627 602 Esse
644 569 734 599 viros
753 566 848 609 fama
874 572 923 600 est
947 569 983 600 in
1000 566 1219 609 Hyperborea

646 618 804 657 Pallene,

279 676 344 716 Qui
359 673 486 706 soleant
501 671 624 703 levibus
638 670 744 702 velari
758 680 898 711 corpora
914 669 1051 710 plumis.

328 733 398 766 Per
416 742 564 774 corpora
583 729 744 773 plumata
762 728 903 760 videtur
930 727 1128 771 intelligere
1155 724 1220 760 ho-

224 786 340 819 mines
357 784 438 816 nive
458 792 679 825 conspersos.
742 779 834 813 Nam
852 777 1112 825 Herodotusffl)
1136 778 1220 811 scri-

224 838 277 871 bit
293 847 448 881 pennas,
477 833 606 878 quibus
623 832 715 864 ultra
732 831 949 876 Aquilonem
975 838 1036 865 aer
1056 829 1220 873 oppletus

224 888 391 932 fingitur,
419 885 617 929 significare
632 883 742 916 nives.
799 882 887 916 Cum
907 882 1016 926 igitur
1033 881 1128 925 apud
1148 880 1219 926 Hy-

225 941 422 985 perboreos
441 939 569 969 densae
588 941 621 968 et
637 935 708 967 fere
736 934 926 966 continuae
950 933 1050 966 nives
1078 933 1220 972 cadant,

225 991 347 1024 fabula
375 988 494 1022 innuit
520 985 684 1019 homines
707 985 778 1017 illic
803 990 985 1018 versantes
1011 983 1122 1017 velari
1144 984 1220 1028 plu-

224 1043 314 1082 mis,
339 1039 407 1074 hoc
425 1046 492 1079 est,
520 1038 602 1070 nive
620 1036 818 1080 conspergi.
871 1036 1010 1069 Horum
1034 1035 1154 1079 regio,
1183 1041 1222 1068 ut

225 1092 440 1136 Pliniusssffl)
461 1090 589 1130 tradit,
625 1089 670 1121 ad
687 1085 896 1132 Rhiphaeos
915 1093 1055 1121 montes
1072 1087 1138 1120 sita
1158 1093 1221 1127 est,

227 1152 262 1179 et
287 1158 306 1178 a
329 1141 563 1178 similitudine
590 1151 792 1185 pennarum
827 1135 1058 1186 πτεροφόρος
1084 1150 1221 1172 nuncu-

226 1203 345 1242 patur.

331 1271 591 1305 Crabrones
621 1280 670 1301 ex
697 1278 811 1312 equo
842 1267 1118 1318 putrefacto.

277 1340 338 1374 Vs.
357 1339 445 1375 368.
474 1340 616 1371 Pressas
639 1337 737 1369 hamo
760 1335 901 1368 bellator
922 1346 1024 1380 equus
1046 1336 1223 1369 crabronis

645 1389 736 1429 oriyo
757 1392 817 1420 est.

333 1449 536 1483 Crabrones
575 1458 617 1479 ex
661 1457 753 1490 equo
789 1445 975 1488 generati,
1031 1444 1222 1489 allegorice

227 1500 430 1546 significant
447 1500 639 1543 degeneres
658 1496 819 1542 equitum
836 1496 987 1537 liberos,
1020 1497 1082 1542 qui
1107 1509 1126 1530 a
1152 1496 1223 1529 vir-

228 1559 303 1587 tute
318 1552 442 1585 bellica
465 1550 571 1583 alieni
588 1550 677 1582 finnt
695 1548 914 1592 praedones,
944 1555 978 1581 et
994 1547 1123 1581 itinera
1142 1544 1225 1581 redss

230 1606 320 1638 dunt
338 1603 461 1636 infesta
476 1629 484 1642 ,
518 1601 608 1635 sicut
635 1600 828 1633 crabrones
851 1600 985 1640 solent,
1022 1612 1062 1632 ex
1085 1599 1223 1632 arbori-

228 1656 295 1689 bus
312 1655 408 1688 iuxta
427 1653 522 1686 viam
546 1657 783 1695 erumpentes.

334 1731 581 1775 Serpentes
614 1740 663 1760 ex
692 1726 888 1760 medulla
917 1724 1121 1761 humana.

280 1799 358 1833 Vss.
378 1797 452 1832 389
470 1811 521 1842 sq.
562 1799 653 1830 Sunt
682 1797 757 1841 qul,
801 1807 874 1828 cum
899 1797 1010 1829 clauso
1031 1796 1224 1840 putrefacta

649 1852 699 1880 est
717 1849 816 1889 spina
833 1848 1028 1890 sepulchro,

283 1899 472 1945 Mataris’ss)
494 1900 631 1932 credant
646 1900 814 1931 humanas
831 1910 939 1941 anyae
954 1900 1126 1932 medullas.

337 1961 488 2004 Serpens
504 1959 606 1991 initio
624 1958 745 2002 generi
761 1956 920 1991 humano
936 1971 1039 1992 suum
1058 1959 1154 1993 virus
1172 1959 1224 1991 in-

233 2012 337 2045 fudit.
392 2012 513 2056 ltaque
530 2022 604 2043 non
622 2010 755 2043 mirum
772 2016 823 2043 est
835 2036 843 2049 ,
871 2010 900 2043 si
918 2022 958 2043 ex
976 2008 1133 2043 humana
1152 2023 1225 2043 me-

233 2064 329 2097 dulla
342 2069 521 2107 serpentes
535 2068 749 2106 generentur
766 2067 914 2105 propter
930 2060 997 2095 hoc
1008 2062 1224 2106 contagium.

610 2140 848 2185 Hyaena.

287 2209 365 2243 Vss.
382 2208 455 2242 409
473 2222 524 2253 sq.
578 2221 660 2253 qvaze
675 2211 768 2242 modo
781 2209 912 2252 femina
930 2214 1022 2252 ieryo

288 2264 397 2295 Passa
420 2272 547 2294 marem
573 2266 640 2299 est,
686 2273 774 2293 nzcnc
804 2273 874 2294 esse
906 2273 1033 2294 mamm
1065 2263 1228 2295 miremur

648 2312 824 2353 hyaenam.

340 2373 446 2406 Tales
460 2370 621 2417 hyaenae
639 2377 720 2404 sunt
737 2369 914 2415 theologi,
943 2372 1002 2417 qui
1029 2373 1071 2404 de
1095 2371 1228 2415 gravis-

236 2425 335 2459 simis
358 2424 535 2457 Ecclesiae
559 2423 810 2456 controversiis
835 2423 1072 2467 pronuntiant
1101 2436 1140 2455 ac
1165 2423 1228 2455 do-

272 2540 320 2569 62)
346 2541 473 2564 Herodot.
494 2540 549 2569 lV,
570 2539 613 2563 2⁹.

273 2584 339 2611 62³)
361 2584 429 2607 Piin.
457 2585 517 2609 Nat.
543 2583 613 2607 nist.
639 2582 688 2605 lV.
715 2588 738 2604 c.
752 2580 793 2605 26.
821 2581 868 2605 Ed.
892 2581 993 2605 Franz,
1022 2580 1057 2612 (o.
1080 2580 1120 2605 12.
1145 2579 1229 2605 Editt.

307 2618 417 2647 antiq.)

272 2660 322 2688 63)
341 2661 473 2689 Mutari]
492 2661 532 2683 sic
550 2661 599 2684 Ed.
616 2660 690 2683 1555.
707 2661 730 2684 b.
750 2658 798 2690 (Ξ
817 2658 896 2683 ovid.
914 2659 964 2683 Ed.
984 2658 1122 2687 Mitseh.);
1148 2657 1230 2681 Editt.

310 2695 386 2720 1555.
404 2701 445 2725 ει,
474 2696 547 2719 1559.
567 2695 696 2720 Mutare.

816 79 939 115 PHIL.
966 78 1079 113 MEL.
1106 76 1310 113 SCRIPTA
1337 75 1674 112 PHILOLOGICA.

1248 1675 1251 1683 ,
1276 1643 1470 1686 praefecto.

2193 74 2269 113 652

1274 170 1354 196 cent
1383 164 1472 196 adeo
1505 164 1691 208 ambigue,
1732 169 1772 197 ut
1794 162 1950 203 nescias,
1983 168 2101 196 utram
2126 168 2267 196 senten-

1273 214 1374 255 tiam,
1402 212 1495 248 hanc
1512 215 1568 248 vel
1583 215 1680 248 illam
1702 215 1914 260 approbent.
1947 213 1993 246 Hi
2011 214 2113 259 quasi
2127 220 2267 248 utrum-

1274 279 1342 311 que
1375 278 1520 307 sexum,
1560 278 1656 300 nunc
1685 279 1842 307 marem,
1886 277 1983 299 nunc
2012 265 2183 299 feminam
2210 278 2265 300 re-

1271 318 1403 351 ferunt.

1468 418 1750 463 Hippolytus
1777 418 1822 451 in
1848 417 2070 452 Virbium.

1322 494 1384 528 Vs.
1407 492 1493 528 544.

1376 562 1566 607 Hippolyti
1598 562 1798 606 exemplum
1827 562 1948 602 docet,
1984 573 2107 606 preces
2137 573 2267 606 paren-

1272 620 1347 647 tum
1381 615 1550 647 adversus
1574 613 1705 647 liberos
1735 625 1754 646 a
1776 612 1853 646 Deo
1890 613 2067 646 exaudiri:
2112 612 2266 659 ideoque

1273 665 1456 698 vitandam
1476 677 1548 698 esse
1566 671 1756 709 parentum
1775 664 2023 698 offensionem.
2087 664 2199 706 Nam,
2226 671 2267 698 ut

1273 717 1480 759 gravissime
1505 716 1624 761 inquit
1644 716 1748 749 Plato
1776 717 1818 749 de
1845 714 2058 762 legibusffl),
2096 713 2187 748 nihil
2215 722 2268 749 est

1272 768 1393 802 liberis
1409 767 1643 812 perniciosius
1660 767 1943 801 execrationibus
1958 772 2160 811 parentum.
2185 766 2268 800 Vir-

1272 819 1352 853 bius
1371 826 1488 853 autem
1500 845 1509 859 ,
1538 819 1599 864 qui
1616 831 1651 852 se
1670 819 1814 852 iactavit
1829 818 2064 863 Hippolytum
2076 844 2085 859 ‚
2116 818 2184 852 fuit
2199 818 2267 851 im—

1273 877 1398 915 postor
1416 871 1649 910 subornatus,
1678 877 1716 903 ut
1734 870 1896 911 videtur,
1924 882 1944 903 a
1960 869 2166 904 sacrificulis
2180 869 2266 902 Dia-

1273 934 1341 955 nae
1381 922 1550 954 Aretinae
1585 923 1628 954 ad
1662 922 1915 955 celebrandum
1947 921 2067 955 lucum
2083 920 2151 967 ⁶5),
2193 933 2265 967 quo

1274 973 1391 1006 maior
1407 971 1596 1006 hominum
1617 985 1808 1007 concursus
1825 973 1915 1006 istuc
1933 973 2044 1007 fieret.
2101 972 2142 1006 Id
2169 973 2266 1006 enim

1275 1031 1351 1058 erat
1377 1030 1632 1070 quaestuosum
1655 1024 1871 1058 sacrificulis.
1931 1024 1983 1057 Ac
2006 1024 2151 1065 fuerunt
2179 1025 2266 1057 olim

1274 1076 1425 1110 usitatae
1442 1075 1619 1109 eiusmodi
1635 1076 1875 1120 imposturae,
1903 1076 1965 1108 ubi
1987 1075 2168 1109 idolorum
2194 1075 2266 1109 cul-

1275 1134 1330 1161 tus
1350 1127 1505 1172 vigebat.
1559 1127 1734 1172 Persaepe
1751 1133 1869 1160 autern
1888 1127 2026 1159 inventi
2045 1133 2128 1160 sunt
2152 1125 2270 1160 horni-

1274 1191 1355 1220 nes,
1384 1181 1446 1225 qui
1469 1191 1533 1223 per
1557 1179 1680 1213 dolum
1711 1179 1857 1212 alterius
1871 1190 2013 1225 ‘nomen
2036 1184 2270 1223 usurparunt.

1275 1230 1332 1264 Sic
1352 1231 1553 1275 imperante
1571 1230 1736 1271 Vitellio,
1764 1230 1853 1263 alter
1868 1230 1971 1276 quasi
1985 1229 2131 1264 Virbius
2155 1229 2271 1263 extitit

1275 1282 1312 1315 in
1331 1281 1474 1328 Illyrico
1492 1294 1615 1317 servus
1624 1282 1670 1329 66)
1689 1282 1837 1315 nomine
1853 1282 1963 1322 Geta,
1991 1281 2054 1327 qui
2075 1294 2111 1315 se
2128 1281 2270 1315 Scribo-

1274 1333 1424 1367 nianum
1437 1334 1669 1368 Camerinum
1688 1334 1809 1374 finxit,
1836 1339 2037 1367 senatorem
2048 1332 2270 1373 Romanum,

1276 1397 1383 1430 quem
1399 1385 1496 1420 Nero
1512 1386 1702 1418 occiderat.
1757 1385 1815 1419 Sic
1832 1391 1951 1418 autem
1969 1390 2050 1428 post
2065 1384 2194 1428 viginti
2207 1396 2270 1417 an-

1275 1448 1341 1470 nos
1357 1437 1524 1470 inventus
1542 1443 1612 1477 est,
1640 1436 1702 1482 qui
1718 1449 1754 1471 se
1771 1437 1952 1471 Neronem
1969 1435 2166 1476 iactitaret,
2191 1442 2270 1469 tan-

1276 1494 1423 1532 tumque
1442 1494 1650 1521 consecutus
1667 1494 1719 1521 est
1734 1489 1895 1521 favorem
1915 1487 2011 1531 apud
2028 1485 2202 1528 Parthos,
2230 1492 2271 1521 ut

1276 1552 1418 1573 summo
1433 1540 1470 1571 in
1486 1537 1626 1572 honore
1652 1537 1862 1579 haberetur,
1898 1539 2013 1571 donec
2035 1539 2180 1572 tandem
2209 1539 2270 1572 de-

1277 1597 1366 1623 tecta
1391 1591 1516 1624 fraude
1542 1591 1678 1624 occisus
1706 1597 1757 1624 est
1779 1603 1798 1623 a
1826 1588 2070 1633 Calphurnio,
2105 1589 2268 1624 Galatiae

1538 1642 1712 1675 Similiter
1735 1654 1830 1675 anno
1856 1639 1967 1675 1547.
1996 1653 2071 1674 non
2093 1641 2198 1686 longe
2223 1641 2268 1674 ab

1276 1693 1456 1738 Hercynia
1484 1693 1582 1738 sylva
1609 1693 1774 1727 inventus
1799 1700 1851 1727 est
1872 1693 1910 1725 in
1931 1693 2087 1738 quadam
2120 1694 2269 1726 ruinosa

1277 1751 1311 1778 et
1328 1746 1467 1778 deserta
1488 1757 1568 1777 arce
1584 1746 1639 1778 vir
1657 1757 1807 1789 corpore
1831 1745 1966 1778 inculto
1985 1739 2091 1790 atque
2106 1742 2271 1784 horrido,

1277 1796 1340 1842 qui
1358 1796 1551 1829 affirmavit
1567 1809 1602 1829 se
1621 1809 1693 1831 esse
1710 1796 1968 1841 Imperatorem
1983 1796 2206 1830 Fridericum
2215 1794 2272 1836 IL,

1277 1848 1437 1893 dixitque
1454 1860 1490 1882 se
1508 1849 1788 1882 reformaturum
1805 1847 1949 1892 imperii
1965 1853 2109 1881 statum.

1540 506 1629 527 nune
1645 495 1731 527 idem
1753 495 1890 528 Virbius
1903 499 1971 528 esto
1994 499 2058 527 etc.

1550 1952 1716 1997 Egeria
1743 1952 1787 1985 in
1815 1952 1999 1985 fontem.

1330 2029 1391 2064 Vs.
1402 2028 1488 2064 547.
1515 2033 1593 2064 Non
1610 2036 1722 2063 tamen
1737 2031 1881 2073 Eyeriae
1898 2030 2004 2075 Iactus·
2019 2029 2134 2062 aliena
2150 2027 2271 2060 levare.

1384 2099 1502 2133 Numa
1512 2097 1725 2142 Pompilius,
1744 2111 1814 2143 quo
1834 2098 1970 2131 maiore
1988 2098 2025 2130 in
2040 2095 2271 2129 veneratione

1281 2157 1372 2184 esset
1391 2151 1485 2195 apud
1502 2150 1696 2194 populum,
1724 2150 1915 2183 simulabat
1937 2149 2004 2183 sibi
2029 2160 2102 2182 esse
2128 2153 2273 2180 noctur—

1280 2215 1346 2236 nos
1364 2214 1572 2246 congressus
1598 2214 1676 2233 cum
1694 2201 1843 2246 Egeriae
1868 2201 1977 2234 fontis
1996 2196 2164 2245 Nympha
2177 2225 2186 2240 ‚
2213 2209 2274 2231 ve-

1280 2254 1347 2287 luti
1364 2266 1442 2286 curn
1461 2253 1622 2296 coniuge.
1667 2252 1757 2286 Hinc
1773 2254 1918 2298 fingitur
1929 2251 2058 2296 Egeria
2075 2251 2172 2284 luctu
2190 2261 2273 2283 con-

1281 2317 1380 2338 versa
1400 2305 1437 2337 in
1454 2305 1608 2345 sontem,
1636 2304 1752 2338 Numa
1776 2306 1845 2338 iam
1873 2304 2039 2337 extincto.
2098 2301 2187 2335 Erat
2211 2313 2272 2334 au—

1281 2363 1352 2389 tem
1371 2355 1520 2400 Egeriae
1534 2357 1613 2389 sons
1630 2356 1767 2390 Itomae
1791 2363 1887 2390 extra
1916 2361 2057 2400 portam
2077 2353 2272 2397 Capenam,

1282 2408 1319 2441 in
1337 2408 1416 2440 luco
1435 2408 1711 2442 Camoenarum.

1319 2551 1367 2577 64)
1387 2550 1456 2575 Plat.
1478 2551 1545 2580 Opp.
1566 2550 1606 2574 ed.
1629 2551 1660 2573 fl.
1683 2550 1774 2579 steph.
1796 2550 1823 2572 T.
1841 2548 1874 2572 ΙΙ.
1894 2555 1918 2578 p.
1931 2547 1993 2577 9³1,
2013 2548 2036 2571 h.

1809 2600 1892 2623 Editt.
1914 2600 1988 2624 1555.
2003 2604 2045 2627 a..
2074 2598 2149 2623 1559.
2176 2597 2273 2622 mendo

1318 2603 1367 2630 65)
1387 2602 1491 2631 lucum]
1513 2602 1553 2625 sic
1573 2602 1621 2626 Ed.
1643 2601 1716 2626 1555.
1733 2602 1772 2631 b.;

1355 2639 1483 2666 typ‹›,·.·,r.:
1511 2638 1579 2662 lucu.

1318 2688 1367 2716 66)
1388 2689 1505 2717 servus]
1526 2689 1574 2712 Ed.
1592 2688 1665 2712 1559.
1684 2687 1771 2711 male:
1796 2686 1895 2710 servis.
