2341 2973
172 106 246 143 343

175 193 349 227 civilibus.
410 191 549 225 Deinde
574 190 674 224 addit
698 192 899 237 querelam:
935 191 972 224 Si
997 190 1099 224 miles
1126 190 1179 223 in-

177 245 368 279 terfecisset
391 243 606 287 Virgilium,
641 243 832 287 periissent
856 243 968 276 multa
997 248 1179 287 poemata.
1205 233 1208 293 Ι

176 297 310 342 Estque
357 295 588 339 amplificatio
634 295 758 328 damni
801 307 819 328 a
865 294 1179 340 consequentibus.

175 348 305 382 Postea
322 348 451 381 ludunt
472 353 506 380 et
525 353 727 391 provocant
744 359 780 381 se
803 347 847 380 ad
875 352 1040 380 mutuum
1066 352 1180 379 certa-

179 411 271 434 men.
325 398 425 432 Alter
442 405 591 432 venusta
610 398 837 432 excusatione
856 398 989 438 utitur,
1018 399 1180 432 alludens

178 452 223 484 ad
256 452 376 485 locum
408 462 636 483 communem
669 450 712 482 de
745 449 1016 494 ingravescente
1045 456 1178 483 aetate:

180 502 257 546 (Vs.
274 500 354 549 51.)
385 504 507 537 Omnia
520 501 592 545 feri
607 506 720 542 aetas,
756 504 910 536 (animum
933 514 1078 549 quoque,
1111 499 1180 535 hoc

1029 553 1093 587 Est
1120 565 1181 587 au·
1207 560 1208 563 ’

180 561 251 595 est,
287 560 448 588 senectus
470 552 686 596 languefacit
712 564 837 587 omnes
860 553 965 588 vires.

180 614 252 639 tem
270 606 306 638 in
331 607 400 638 fine
419 604 624 648 gratulatio,
653 616 723 649 qua
741 605 928 649 significat,
953 605 1025 638 iam
1045 605 1180 638 victore

181 658 343 701 Augusto
367 656 627 700 rempublicam
654 655 787 690 iterum
813 663 980 701 pacatam
1005 657 1103 695 sore,
1147 662 1182 689 et

182 716 264 743 sunt
295 714 465 742 venustae
497 707 776 751 descriptiones,
814 708 1054 752 significantes
1082 708 1181 752 pacis

181 767 274 794 artes
292 759 538 793 reflorescere:
573 758 651 804 (Vs.
671 757 750 806 50.)
774 762 911 801 Insere,
940 761 1103 804 Daphni,
1125 761 1182 803 pi-

182 825 255 853 ros,
298 817 438 855 carpent
459 816 519 845 tua
540 823 640 854 poma
663 816 805 855 nepotes.
873 811 1042 856 Figurate
1071 811 1181 845 etiam

183 870 286 908 poeta
316 864 433 897 studia
470 863 672 895 litterarum
710 864 862 896 antefert
899 864 1035 897 aulicae
1072 863 1181 902 vitae,

181 928 260 948 cum
279 915 345 948 ait:
376 914 454 959 (Vs.
470 913 548 960 40.)
577 916 645 948 Hic
661 926 719 948 ver
733 927 954 959 purpureum.
1009 914 1085 961 (Vs.
1102 914 1181 961 43.)

178 968 254 1001 Hac
277 969 375 1008 ades,
410 968 530 1000 insani
548 965 681 1009 feriant
704 969 778 1000 sine
800 968 915 1001 littora
935 967 1077 1010 fluctus,
1112 964 1182 999 hoc
1208 987 1209 999 1

181 1025 251 1059 est,
279 1019 437 1064 quietam
462 1017 574 1050 vitam
601 1017 638 1050 in
663 1018 789 1051 studiis
815 1018 1028 1062 anteponito
1056 1019 1182 1052 turbu-

179 1069 284 1104 lentis
316 1069 469 1114 negotiis
502 1068 666 1113 publicis.
736 1068 811 1103 Hos
842 1070 941 1103 locos
972 1081 1182 1103 communes

180 1122 371 1166 diligenter
407 1120 654 1160 considerent,
704 1127 738 1154 et
774 1121 979 1155 meminisse
1015 1123 1183 1156 studeant

182 1174 441 1213 adolescentes,
470 1172 553 1218 quia
571 1185 637 1206 nos
654 1172 691 1204 in
708 1172 860 1206 dicendo
880 1180 914 1206 et
930 1173 966 1206 in
990 1174 1181 1207 scribendo

180 1237 284 1269 saepe
301 1224 351 1259 eis
368 1237 448 1258 cum
475 1236 605 1268 magna
630 1225 735 1257 laude
756 1225 809 1258 uti
832 1238 1034 1270 possumus.
1087 1225 1182 1260 Nam

178 1277 264 1309 talia
282 1276 375 1310 dicta
392 1282 542 1310 venuste
569 1277 843 1310 accommodata
867 1277 1020 1311 multum
1043 1277 1182 1322 gratiae

181 1328 338 1362 orationi
357 1328 507 1362 addunt.

481 1413 620 1448 Aliud
649 1414 867 1448 eiusdem.

283 1482 441 1516 Multum
457 1480 546 1516 haec
563 1482 695 1526 Ecloga
714 1480 823 1516 habet
838 1483 1035 1517 venustatis
1051 1489 1085 1516 et
1115 1483 1183 1516 ele-

180 1533 335 1579 gantiae,
358 1547 439 1568 cum
457 1540 608 1579 propter
626 1535 802 1580 querelas,
827 1535 925 1580 quod
943 1541 1106 1569 veterum
1125 1547 1183 1568 co-

180 1588 349 1619 lonorum
366 1586 480 1619 vicem
500 1587 666 1631 deplorat
683 1584 741 1619 hic
758 1586 893 1620 Moeris
906 1613 915 1626 ,
953 1587 1015 1632 qui
1033 1587 1128 1631 agris
1149 1593 1184 1620 et

178 1637 464 1682 possessionibus
486 1638 558 1671 suis
583 1650 603 1671 a
629 1639 827 1678 veteranis,
867 1638 997 1684 quibus
1021 1638 1073 1670 illi
1098 1639 1183 1672 assi-

181 1689 280 1734 gnati
299 1695 421 1730 erant,
455 1689 745 1734 expellebantur,
778 1696 853 1722 tum
878 1696 1029 1734 propter
1053 1690 1182 1723 carmi-

179 1754 267 1775 num
284 1741 429 1774 illorum
443 1767 452 1781 ,
482 1753 574 1786 quae
601 1740 704 1774 alteri
730 1741 869 1785 pastori
891 1741 1017 1774 recitat
1034 1741 1182 1781 Moeris,

180 1792 394 1827 suavitatem
415 1799 449 1826 et
467 1792 746 1837 simplicitatem.
800 1793 893 1827 Nam
913 1793 949 1825 in
966 1791 1034 1826 hac
1048 1793 1181 1838 Ecloga

179 1844 444 1878 accuratissime
468 1844 630 1878 Bucolici
664 1845 867 1889 argumenti
900 1845 1071 1879 decorum
1109 1858 1182 1879 ser-

178 1908 279 1930 vasse
310 1896 452 1929 videtur
483 1902 602 1941 poeta.
677 1896 845 1941 Fingitur
876 1903 997 1930 autem
1034 1897 1181 1938 Moeris,

179 1948 287 1980 Arrio
315 1948 538 1989 centurioni,
572 1947 628 1982 cui
647 1947 791 1992 Virgilii
814 1948 891 1993 agri
913 1956 1127 1991 evenerant,
1164 1962 1181 1982 e

180 2011 264 2033 rure
284 1997 419 2034 hoedos
435 2001 610 2046 quosdam
637 2000 797 2034 muneris
822 2001 897 2033 vice
915 2000 1104 2035 Mantuam
1131 2002 1182 2034 af-

179 2052 287 2085 ferre.
341 2050 405 2085 Est
425 2064 510 2085 vero
528 2052 670 2097 Virgilii
696 2052 835 2087 villicus
859 2053 1016 2094 Moeris,
1053 2060 1087 2087 et
1105 2053 1182 2086 Me-

180 2103 302 2136 nalcas
320 2102 395 2147 ipse
414 2103 597 2147 Virgilius.
653 2104 844 2138 Caeterum
867 2106 1006 2149 generis
1031 2107 1182 2139 demon-

181 2154 320 2188 strativi
340 2161 392 2188 est
409 2155 538 2190 oratio.
591 2156 769 2202 Pleraque
790 2163 908 2190 autem
930 2155 987 2191 hic
1003 2170 1044 2191 ex
1061 2155 1181 2191 Theo-

182 2206 260 2239 criti
283 2213 450 2251 poemate
474 2208 647 2242 translata
665 2221 738 2243 esse
757 2215 919 2254 apparet.

483 2293 621 2328 Aliud
649 2296 867 2331 eiusdem.

284 2361 325 2395 In
354 2362 476 2407 priore
510 2368 612 2406 parte
644 2360 749 2397 liuius
777 2363 932 2408 Eclogae
966 2364 1181 2398 describitur

184 2415 305 2459 ingens
338 2414 538 2459 periculum
571 2414 711 2458 Virgilii
744 2416 787 2448 ab
818 2416 926 2449 Arrio
957 2416 1179 2455 centurione,

182 2478 200 2499 a
240 2479 311 2510 quo
346 2479 461 2511 paene
495 2466 619 2500 fuisset
654 2466 860 2501 interfectus
894 2475 1043 2513 propter
1078 2480 1180 2514 repe-

182 2517 344 2551 titionem
383 2530 580 2563 agrorum,
635 2530 725 2563 quos
760 2518 795 2551 in
832 2520 974 2562 publico
1012 2526 1115 2553 motu
1132 2520 1178 2567 13)

183 2569 377 2609 amiserat,
433 2570 498 2604 nisi
536 2570 640 2603 saluti
678 2570 708 2602 ei
746 2570 868 2603 fuisset
902 2571 1026 2604 Mincii
1063 2572 1179 2605 :u‘nnis

185 2621 445 2666 propinquitas.

218 2742 262 2768 13)
282 2742 369 2770 motu]
390 2741 429 2765 sic
449 2741 530 2765 Editt.
555 2742 644 2765 1565..
669 2741 761 2773 1593,
790 2742 841 2767 Ed,
856 2741 929 2765 1565.
949 2743 1021 2765 metu

763 103 887 139 PHIL.
925 102 1038 139 MEL.
1071 102 1275 138 SCRIPTA
1309 101 1653 140 PHILOLOGICA.

2161 104 2238 142 544

1204 201 1207 230 i
1232 190 1331 224 tione
1344 217 1353 232 ‚
1382 202 1473 237 quae
1492 191 1531 224 fit
1548 191 1590 224 de
1610 190 1782 235 Virgilio,
1818 189 1958 236 aliquot
1976 190 2238 236 epigrammata

1233 249 1382 277 venusta
1401 242 1528 276 ordine
1545 242 1756 277 recitantur.
1811 242 1927 276 Series
1950 243 2125 279 orationis
2149 242 2239 278 haec

1205 294 1207 316 ¹
1233 300 1296 329 est.
1356 294 1482 328 Primo
1513 295 1593 328 loco
1624 300 1707 340 post
1739 294 2062 339 interrogationem
2087 295 2239 341 ponitur

1234 346 1379 392 querela
1411 347 1453 380 de
1479 347 1659 390 praesenti
1684 358 1806 380 rerum
1833 352 1947 387 statu,
1991 348 2089 393 quod
2114 348 2238 393 pulsus

1206 408 1208 447 j
1233 398 1279 432 sit
1295 398 1452 442 praediis
1470 398 1542 432 suis
1559 397 1743 442 Virgilius.
1796 397 2028 432 Interseritur
2047 411 2239 444 argumen-

1206 454 1208 502 ί
1233 456 1310 483 tum
1332 462 1350 483 a
1369 462 1530 490 rumore,
1547 449 1734 484 continens
1752 450 2031 496 descriptionem
2051 451 2146 485 ruris
2156 450 2240 484 Vir-

1234 501 1370 545 giliani.
1425 501 1596 548 Sequitur
1621 501 1853 546 amplificatio
1877 502 2030 547 periculi
2056 503 2101 535 ab
2127 515 2239 547 augu—

1207 587 1208 603 χ
1234 553 1302 588 rio.
1354 554 1488 587 Addita
1515 560 1566 588 est
1592 560 1626 587 et
1651 554 1863 587 exclamatio
1888 567 1953 599 per
1978 552 2240 599 apostrophen,

1207 637 1209 651 ·,
1235 617 1315 638 cum
1341 606 1615 639 enumeratione
1640 606 1979 647 incommodorum,
2023 618 2116 652 quae
2140 618 2240 640 secu-

1207 660 1209 709 ᾗ
1234 663 1315 690 tura
1335 664 1437 691 erant
1446 657 1589 702 Virgilii
1607 664 1775 693 mortem.
1829 657 1970 691 Deinde
1985 659 2136 703 ponitur
2153 670 2238 692 cun-

1235 708 1344 742 ctatio
1380 722 1461 744 cum
1491 710 1704 744 recitatione
1735 710 1965 756 quorundam
1997 710 2239 755 epigramma·

1234 767 1324 795 tum.
1383 761 1522 795 Ultimo
1548 762 1627 795 loco
1661 768 1712 796 est
1746 762 1928 796 excusatio
1952 774 2018 807 per
2043 761 2239 806 praecisio-

1234 824 1338 853 nem,
1381 826 1492 859 quare
1518 826 1593 847 non
1619 814 1732 859 possit
1756 815 1859 859 plura
1886 814 2038 847 recitare
2060 814 2240 859 epigram—

1208 886 1210 982 ι
1234 870 1354 904 mata,
1399 877 1490 910 quae
1516 867 1620 899 ducta
1649 872 1700 900 est
1723 878 1741 898 a
1769 865 2008 911 descriptione
2034 864 2240 906 senectutis,

1207 1004 1210 1030 l

1235 915 1293 949 cui
1310 917 1455 951 additur
1472 930 1566 951 nova
1594 917 1759 951 invitatio
1788 919 1831 951 ab
1856 917 2127 963 opportunitate
2150 923 2239 951 tem—

1236 979 1346 1012 poris.

1540 1054 1675 1088 Aliud
1705 1056 1922 1089 eiusdem.

1340 1122 1433 1155 Tota
1454 1120 1541 1156 haec
1557 1123 1689 1168 Ecloga
1709 1121 1818 1157 habet
1836 1123 2086 1168 gravissimam
2112 1134 2239 1168 quere-

1236 1173 1306 1206 lam
1328 1174 1558 1208 sortunarum
1575 1175 1731 1219 Virgilii.
1786 1175 1878 1209 Nam
1896 1181 2088 1220 postquam
2106 1174 2239 1207 iterum

1236 1226 1463 1270 impetrasset
1478 1239 1560 1260 suos
1576 1238 1682 1271 agros
1701 1227 1745 1260 ab
1762 1226 1925 1270 Augusto
1937 1226 2128 1270 Virgilius,
2156 1237 2241 1270 pro-

1236 1277 1348 1311 fectus
1374 1278 1418 1310 ad
1442 1279 1679 1322 possidendos
1704 1291 1785 1319 eos,
1819 1279 1894 1311 fere
1917 1279 1961 1311 ab
1986 1277 2095 1312 Arrio
2119 1283 2241 1311 centu-

1236 1328 1340 1362 rione
1359 1329 1566 1364 interfectus
1584 1337 1646 1364 est.
1701 1330 1793 1364 Eum
1813 1328 1871 1363 bic
1888 1330 2008 1363 studet
2031 1328 2136 1363 donis
2164 1328 2242 1373 pla-

1238 1392 1329 1414 care.
1385 1380 1442 1414 Fit
1460 1382 1554 1414 enim
1571 1394 1696 1425 saepe,
1732 1387 1772 1415 ut
1794 1381 1952 1415 dominis
1973 1386 2081 1426 atque
2106 1379 2242 1425 princi-

1236 1431 1342 1476 pibus
1365 1432 1569 1467 faventibus
1597 1433 1735 1479 aliquid
1758 1432 2014 1477 impetremus,
2056 1433 2155 1477 quod
2181 1431 2242 1464 vix

1209 1495 1212 1522 4
1236 1483 1342 1517 liceat
1366 1484 1471 1518 nobis
1496 1485 1572 1519 sine
1596 1485 1757 1529 periculo
1785 1490 1934 1529 propter
1958 1482 2241 1528 provincialium

1237 1535 1413 1568 malitiam
1432 1537 1584 1571 auferre.
1638 1536 1774 1570 Moeris
1790 1542 1841 1570 est
1857 1535 2002 1580 Virgilii
2018 1541 2135 1580 pater,
2163 1534 2242 1568 Me-

1237 1587 1358 1621 nalcas
1382 1587 1458 1632 ipse
1482 1588 1668 1633 Virgilius.
1734 1587 1891 1633 Lycidae
1915 1598 2071 1632 persona
2100 1586 2242 1620 adiecta

1238 1645 1308 1680 est,
1350 1646 1389 1672 ut
1419 1652 1476 1674 res
1508 1652 1629 1684 sparsa
1664 1640 1701 1672 in
1727 1651 1920 1684 personas,
1960 1638 2100 1672 facilius
2127 1637 2242 1683 possit

1207 1701 1212 1987 i
1237 1691 1462 1736 amplificari.
1517 1692 1610 1726 Nam
1629 1698 1776 1725 eventus
1795 1692 1886 1725 solet
1912 1690 2142 1736 suppeditare
2165 1701 2243 1724 ma-

1207 1988 1211 2208 l

1237 1743 1365 1775 teriam
1385 1743 1739 1787 amplificationibus.
1782 1743 1846 1777 Est
1864 1749 1982 1777 autem
2002 1741 2090 1776 haec
2105 1741 2240 1788 Ecloga

1238 1794 1396 1828 eiusdem
1418 1796 1623 1840 argumenti
1641 1808 1720 1829 cum
1740 1795 1859 1829 tertia.

1548 1889 1685 1923 Aliud
1713 1889 1927 1923 eiusdem.

1342 1957 1485 1992 Nomen
1505 1955 1615 1992 habet
1634 1956 1722 1991 haec
1738 1957 1870 2002 Ecloga
1890 1969 1908 1989 a
1934 1968 2110 2002 persona,
2147 1968 2240 2002 quae

1235 2007 1294 2043 hic
1310 2009 1564 2044 introducitur.
1601 2009 1772 2044 Continet
1788 2016 1907 2043 autem
1927 2009 2124 2055 querelam,
2143 2009 2242 2055 quod

1236 2073 1360 2096 rursus
1385 2062 1516 2096 eiectus
1539 2062 1583 2096 sit
1605 2061 1779 2106 Virgilius
1806 2075 1846 2095 ex
1872 2061 1984 2106 agris,
2020 2073 2110 2108 quos
2133 2061 2242 2094 bene-

1236 2113 1317 2147 ficio
1333 2113 1485 2158 Augusti
1504 2122 1793 2158 recuperaverat.
1857 2113 1947 2147 Cum
1969 2113 2065 2147 enim
2079 2113 2241 2158 recipere

1237 2166 1343 2199 vellet
1359 2172 1531 2210 paternos
1558 2178 1684 2210 agros,
1718 2166 1857 2200 invenit
1880 2165 2029 2200 Arrium
2057 2166 2241 2212 quendam

1208 2225 1211 2254 1
1238 2217 1486 2251 centurionem
1505 2217 1585 2252 illos
1601 2215 1746 2253 habere.
1800 2217 1832 2253 Is
1849 2218 1970 2253 statim
1999 2223 2040 2252 ut
2065 2217 2169 2252 miles
2194 2217 2241 2249 ad

1207 2259 1211 2316 Ξ
1237 2269 1396 2313 gladium
1415 2281 1563 2303 manum
1582 2271 1763 2312 admovit,
1792 2277 1826 2304 et
1843 2282 1972 2316 parum
1990 2269 2124 2311 abfuit,
2152 2268 2241 2315 quin

1207 2324 1211 2354 ἕ
1237 2320 1470 2356 interfecisset
1501 2322 1716 2367 Virgilium,
1760 2323 1829 2357 nisi
1861 2335 1896 2357 se
1931 2321 2166 2368 proripuisset
2200 2319 2240 2353 in

1235 2373 1369 2417 sugam.

1508 2459 1650 2494 Aliud
1680 2457 1950 2506 eiusdemss).

1337 2526 1469 2571 Ecloga
1502 2541 1596 2562 nona
1634 2531 1722 2564 duas
1757 2528 1865 2562 habet
1898 2534 2038 2573 partes,
2084 2538 2238 2573 quarum

1234 2578 1336 2624 prior
1368 2580 1527 2614 continet
1563 2583 1747 2627 querelam
1774 2581 2020 2626 pervulgatam
2051 2580 2093 2613 de
2122 2578 2241 2619 malis,

495 2622 634 2655 Deinde
653 2627 795 2666 sumpta
814 2623 1000 2657 occasione
1019 2636 1059 2657 ex
1081 2636 1179 2657 iuen-
1206 2646 1209 2667 t

1272 2708 1317 2735 1⁴)
1338 2708 1395 2731 Hoc
1420 2710 1612 2739 argumentum
1641 2708 1666 2733 iu
1689 2708 1771 2733 Editt.
1789 2708 1880 2733 1568..

1305 2742 1352 2766 Ed.
1372 2743 1445 2767 1565,
1467 2744 1555 2767 abest.

1910 2707 1983 2733 1593.
2011 2706 2168 2738 exhibetur,
2204 2707 2239 2731 ab
