2341 2973
179 109 252 143 331

180 195 251 228 tius
268 193 374 227 scribi
391 189 557 224 voluerit.
612 188 750 223 Deinde
769 200 833 233 per
849 185 1078 220 reiectionem
1095 196 1178 229 pro-

180 245 295 290 ponit,
322 256 357 277 se
377 243 414 275 in
424 241 603 275 Bucolicis
618 247 739 274 tamen
757 238 1049 285 praedicaturum
1068 236 1179 281 ipsius

180 297 314 329 laudes.
367 294 497 327 Postea
516 298 796 326 commemorata
819 289 1005 324 occasione
1032 288 1178 322 cantile-

180 358 248 380 nae
264 343 410 378 inchoat
433 356 510 377 eam
535 356 554 377 a
580 343 760 377 creatione
784 341 931 380 mundi,
966 339 1029 373 ubi
1052 339 1179 373 recitat

180 398 355 431 mundum
375 402 409 429 et
425 395 631 430 universam
656 400 823 428 naturam
850 391 1005 426 extitisse
1030 403 1115 425 casu
1137 402 1179 423 ex

180 449 321 482 atomis.
363 447 538 493 Reliquae
553 447 695 480 fabulae
713 457 754 478 ex
772 450 898 478 autore
914 449 1058 488 patent,
1086 454 1178 488 quae

180 501 235 534 vel
251 502 297 533 ad
311 497 479 533 historias
496 498 553 531 vel
569 499 614 531 ad
633 509 771 536 mores,
807 501 870 529 aut
893 506 1102 528 communes
1126 493 1178 526 vi-

179 558 236 585 tae
254 563 354 585 casus
370 549 496 584 referri
514 555 675 593 possunt.
729 547 919 581 Caeterum
940 547 1062 580 ferunt
1081 545 1178 579 Cice-

179 615 306 637 ronem
338 602 423 635 olim
437 628 446 639 ,
488 613 567 634 cum
602 601 694 633 forte
727 597 945 632 interfuisset
975 596 1178 630 recitationi

178 653 285 688 huius
301 653 454 697 Eclogae
470 652 507 684 in
526 649 666 685 theatro
678 677 688 691 ,
713 656 748 684 et
764 648 1076 683 animadvertisset
1099 660 1176 681 eam
1204 652 1206 695 ᾖ

177 717 407 751 nequaquam
437 716 509 737 esse
532 703 689 747 vulgaris
716 701 870 746 ingenii,
912 701 962 733 ita
985 700 1092 734 fuisse
1117 701 1178 732 ad-

178 757 348 790 miratum
368 755 537 789 carminis
556 753 783 798 elegantiam,
804 759 844 786 ut
863 753 907 785 de
927 758 1053 784 autore
1070 763 1178 796 quae-

178 808 289 848 sierit,
307 814 341 840 et
358 807 395 840 in
412 818 514 840 suam
531 812 566 839 et
580 812 708 850 poetae
726 805 869 838 laudem
887 803 994 836 dixit:
1025 802 1178 846 Magnae

177 872 257 904 spes
281 860 393 892 altera
423 857 633 903 Rom-ww).
703 855 821 901 Quam
858 867 982 888 vocem
1006 853 1179 898 Virgilius

176 918 300 956 postea
319 911 362 943 ad
381 909 575 944 Ascanium
595 908 633 941 in
651 907 810 940 Aeneide
822 905 870 953 74)
889 905 1020 939 retulit.

487 1012 623 1046 Aliud
647 1010 863 1043 eiusdem.

284 1080 435 1116 Generis
455 1086 507 1114 est
522 1077 809 1113 demonstrativi.
847 1076 1036 1110 Caeterum
1047 1074 1179 1117 Ecloga

181 1137 219 1169 in
235 1134 324 1166 Vari
343 1132 494 1178 gratiam
508 1158 517 1172 ,
553 1142 659 1177 quem
684 1129 884 1174 plurimum
911 1127 1081 1171 diligebat
1099 1125 1180 1158 Vir-

182 1186 306 1232 gilius,
336 1198 353 1217 a
371 1189 478 1229 poeta
500 1182 701 1226 conscripta
719 1187 788 1221 est,
826 1180 882 1214 cui
908 1179 1036 1212 deinde
1061 1189 1180 1211 emen-

182 1238 387 1272 dandorum
420 1234 564 1279 Virgilii
597 1233 799 1267 carminum
829 1232 873 1265 ab
904 1232 1065 1275 Augusto
1096 1241 1180 1262 cura

182 1290 398 1324 demandata
431 1286 509 1320 fuit.
576 1285 693 1319 Porro
719 1296 794 1317 non
819 1290 870 1317 est
890 1282 1053 1316 Bucolici
1078 1292 1182 1325 argu-

182 1340 307 1375 menti.
360 1339 453 1373 Nam
469 1337 648 1383 principio
668 1348 788 1369 rerum
808 1334 984 1380 originem
1002 1339 1036 1367 et
1059 1344 1182 1366 causas

183 1391 372 1431 describit,
413 1396 535 1436 estque
563 1387 621 1422 hic
646 1388 744 1422 locus
777 1393 873 1421 totus
900 1382 1183 1431 philosophicus.

183 1444 325 1478 Deinde
344 1442 460 1475 obiter
477 1440 595 1474 varias
613 1440 769 1474 Graecas
786 1436 955 1472 historias
982 1449 1022 1469 ac
1046 1434 1184 1469 fabulas

185 1495 312 1530 ordine
329 1494 467 1527 recitat.
520 1492 711 1526 Postremo
730 1491 854 1524 laudat
867 1489 1010 1523 Gallum
1025 1493 1185 1532 poetam,

186 1548 243 1581 cui
266 1553 388 1579 tamen
410 1545 491 1578 loco
516 1556 640 1577 rursus
665 1544 839 1589 quasdam
865 1540 1008 1575 subiicit
1035 1538 1184 1572 fabulas.

185 1599 321 1632 Putant
338 1603 456 1630 autem
476 1593 534 1628 hic
549 1595 701 1628 describi
720 1594 980 1638 Epicureorum
1005 1596 1137 1624 sectam
1166 1600 1184 1620 a

186 1649 358 1692 Virgilio,
388 1660 495 1692 quam
520 1647 595 1690 ipse
623 1645 786 1678 etVarus
811 1656 829 1676 a
847 1644 985 1688 Syrone
1015 1642 1186 1686 quodam,
1214 1669 1215 1679 ,

188 1713 295 1747 quem
318 1697 376 1732 hic
397 1699 557 1731 Silenum
581 1696 701 1740 fingit,
737 1695 912 1728 didicerat
937 1691 1124 1726 Chromim
1154 1697 1188 1724 et

188 1751 393 1796 Mnasylum
414 1762 487 1783 esse
504 1748 697 1792 Virgilium
724 1754 758 1780 et
773 1746 924 1779 Varum.
986 1744 1122 1777 Verum
1150 1743 1187 1775 in

190 1803 340 1837 exordio
366 1801 472 1840 dicit,
509 1812 545 1833 se
572 1801 614 1832 de
639 1797 847 1838 Theocriti,
882 1808 988 1842 quem
1016 1795 1188 1833 imitetur,

190 1853 418 1898 simplicitate
434 1853 619 1890 recedere;
646 1857 679 1883 et
695 1850 809 1883 utitur
827 1847 1054 1882 excusatione
1067 1859 1187 1880 rerum

191 1913 227 1940 et
242 1913 447 1949 temporum
466 1915 635 1942 suorum,
664 1902 701 1934 in
727 1901 856 1947 quibus
883 1900 942 1932 illa
960 1897 1188 1933 Theocritica
1216 1911 1217 1919 ¹

191 1957 400 2002 simplicitas
418 1956 551 2001 ubique
571 1953 756 1988 observari
771 1965 845 1986 non
863 1951 993 1997 potuit.

502 2056 639 2090 Aliud
669 2056 881 2090 eiusdem.

293 2125 450 2158 Maxime
469 2125 651 2170 decent75)
666 2125 702 2157 in
719 2122 787 2157 hac
805 2123 901 2157 tenui
917 2123 1029 2167 figura
1047 2132 1193 2166 poema-

194 2185 271 2211 tum
291 2183 407 2220 gestus
432 2177 643 2217 familiares,
682 2176 811 2222 quibus
836 2174 938 2220 quasi
962 2174 1027 2218 ipsi
1048 2186 1114 2206 nos
1140 2172 1193 2205 in-

197 2281 249 2314 tio
277 2280 344 2320 ait,
373 2292 408 2313 se
435 2279 645 2312 scribentem
670 2278 813 2313 heroica
834 2278 1100 2322 interpellatum
1121 2288 1193 2309 esse

199 2333 244 2365 ab
261 2331 448 2375 Apolline,
477 2337 509 2363 et
527 2338 732 2364 revocatum
752 2332 795 2363 ad
815 2330 995 2363 Bucolica.
1050 2328 1111 2361 Est
1133 2340 1195 2361 au-

198 2391 270 2415 tem
289 2383 479 2417 bellissima
502 2383 717 2421 extenuatio,
746 2384 841 2427 quod
861 2382 928 2414 ait:
959 2379 1193 2426 (Vss.10sq.)

204 2438 251 2468 Te
276 2440 427 2473 nostrae,
469 2437 573 2474 Vare,
612 2436 778 2477 myricae,
814 2437 860 2467 Te
882 2436 997 2466 memus
1023 2444 1117 2466 omne
1138 2444 1195 2465 cct—

239 2575 284 2604 ³3)
308 2578 362 2599 um·
388 2576 487 2600 dictum
517 2584 580 2599 csso
610 2576 751 2601 Ciceronis
778 2577 889 2599 tradunt
915 2576 1029 2601 Servius
1058 2578 1091 2601 ad
1118 2576 1194 2602 Vite.

275 2612 329 2633 tic-l.
345 2611 392 2636 w,
415 2613 452 2634 11.
476 2614 501 2634 et.
524 2613 646 2635 Donatus
667 2612 692 2635 in
715 2613 771 2634 vita
792 2612 869 2642 Yirg.
891 2619 911 2634 c.
930 2613 977 2642 Xt,
998 2613 1038 2635 41.

239 2661 287 2691 74)
310 2662 386 2690 Vin-g.
408 2663 473 2686 Aru„
490 2664 550 2690 ΧΠ,
572 2664 628 2688 168,

240 2712 286 2741 3²5)
307 2712 419 2744 decent]
442 2714 479 2737 sic
502 2715 584 2739 editt.
606 2715 696 2743 1563,
720 2714 811 2745 ¹593.;
836 2715 884 2738 Ed.
904 2715 977 2739 1565.
1002 2716 1106 2740 docent..

759 100 882 136 PHlL.
919 98 1031 133 MEL.
1058 95 1270 133 'SCRIPTA
1306 93 1643 131 PHILOLOGICA.
1674 127 1677 130 .

2157 93 2231 128 552

1234 181 1365 230 netw),
1394 195 1473 216 cum
1499 183 1637 215 confert
1661 193 1764 216 suum
1790 191 1920 225 poema
1946 178 2110 225 myricis,
2138 191 2229 225 quae

1232 240 1315 269 sunt
1339 232 1492 267 humiles
1515 239 1550 266 et
1571 239 1811 277 contemptae.
1878 230 1961 264 Ideo
1986 231 2067 276 plus
2090 230 2228 275 gratiae

1232 292 1284 319 est
1301 286 1339 318 in
1358 284 1569 325 collatione,
1597 285 1680 331 quia
1698 284 1805 318 nimis
1828 294 1958 327 magna
1986 288 2039 316 est
2061 288 2230 317 extenua-

1232 337 1281 370 tio
1294 363 1303 377 ,
1332 349 1397 370 nec
1416 348 1544 381 poema
1562 337 1742 370 mediocre
1761 342 1834 369 tam
1853 334 1922 367 vile
1940 334 2162 374 ducendum,
2190 340 2231 367 ut

1231 388 1347 422 simile
1366 387 1511 433 myricis
1530 387 1688 428 dicatur,
1725 388 1785 421 sed
1810 386 1932 420 addita
1957 392 2010 419 est
2036 385 2229 418 correctio:

1236 443 1281 474 Te
1300 452 1415 474 nemus
1434 452 1529 474 omne
1545 445 1653 474 canet.
1706 438 1753 471 Hi
1768 438 1844 472 ludi
1860 439 1988 471 decent
2004 437 2041 470 in
2058 436 2230 477 carmine,

1232 497 1266 524 et
1297 492 1436 524 addunt
1462 497 1621 530 motum,
1675 497 1708 522 et
1739 491 1924 523 continent
1952 488 2230 534 significationes

1232 542 1410 582 eruditas,
1440 548 1474 575 et
1491 542 1528 575 in
1544 542 1734 575 scribendo
1760 541 1863 575 nobis
1885 541 2003 574 danda
2031 545 2084 574 est
2105 550 2230 583 opera,

1232 600 1271 628 ut
1290 594 1423 628 similes
1441 601 1558 638 gestus
1576 593 1827 637 excogitemus.
1880 592 1974 625 Tota
1991 598 2112 625 autem
2126 590 2230 623 Eclo-

1232 658 1274 689 ga
1293 646 1455 678 narratio
1475 652 1525 679 est
1544 646 1587 678 de
1604 651 1708 690 capto
1727 644 1869 683 Sileno,
1896 650 1931 676 et
1948 643 1990 676 de
2016 643 2091 683 eius
2112 639 2229 687 philo—

1232 695 1357 741 sophia
1377 710 1439 730 seu
1455 697 1642 741 sapientia.
1695 696 1768 729 Aut
1785 695 1863 729 risit
1877 694 2049 739 Virgilius
2071 692 2230 739 philoso-

1232 747 1343 793 phos,
1395 754 1457 782 aut
1489 748 1604 782 voluit
1635 747 1835 791 significare
1870 746 2030 792 aliquam
2061 750 2230 789 oportere

1231 797 1500 844 philosophiam
1537 812 1629 837 esse,
1672 797 1740 832 hoc
1768 805 1838 839 est,
1881 797 2104 837 doctrinam,
2137 807 2230 841 quae

1232 851 1336 884 initia
1368 863 1489 885 rerum
1525 858 1560 885 et
1585 857 1752 884 naturam
1779 849 2002 890 consideret,
2035 854 2070 882 et
2091 854 2231 892 tempo-

1232 915 1313 936 rum
1331 903 1458 936 seriem
1477 909 1511 936 et
1528 902 1621 935 vitae
1638 902 1752 935 officia
1771 907 1961 941 monstret,
1989 900 2080 934 sicut
2095 911 2135 932 re
2152 899 2230 943 ipsa

1233 966 1357 987 verum
1392 960 1461 994 est,
1505 954 1625 998 generi
1662 951 1822 987 humano
1853 964 1995 997 semper
2027 951 2136 984 talem
2165 949 2230 982 ali-

1233 1018 1343 1050 quam
1363 1005 1565 1038 doctrinam
1594 1005 1830 1038 necessariam
1855 1016 1948 1044 esse,
1983 1008 2018 1036 et
2041 1008 2127 1036 tunc
2154 1012 2230 1034 non

1234 1062 1375 1090 tantum
1400 1056 1559 1095 Romae,
1605 1058 1667 1090 sed
1700 1056 1807 1089 etiam
1838 1055 1875 1088 in
1898 1054 2051 1089 Graecia
2080 1052 2229 1098 plurimi

1234 1108 1545 1152 amplectebantur
1567 1107 1714 1152 Epicuri
1742 1107 1963 1146 doctrinam,
2007 1105 2105 1151 quod
2131 1104 2230 1137 vide-

1232 1160 1341 1192 batur
1358 1159 1511 1192 nimium
1530 1157 1662 1192 habere
1685 1158 1890 1192 subtilitatis
1913 1163 1976 1190 aut
2001 1154 2233 1190 difficultatis.

1234 1209 1358 1256 Itaque
1376 1223 1456 1244 cum
1474 1210 1609 1256 aliquid
1627 1223 1668 1243 ex
1684 1207 1913 1254 phIlosophia
1940 1207 2156 1242 recitaturus
2181 1217 2233 1239 es-

1235 1268 1288 1296 set
1304 1269 1431 1307 poeta,
1460 1262 1558 1295 illam
1575 1261 1724 1306 Epicuri
1740 1261 1942 1294 doctrinam
1966 1258 2130 1293 attribuit
2146 1257 2234 1292 Silc-

1235 1326 1304 1352 no,
1332 1314 1393 1358 qui
1413 1314 1561 1357 fingitur
1576 1313 1683 1347 fuisse
1701 1312 1842 1346 iocosus
1856 1324 1982 1351 senex,
2010 1308 2145 1344 Bacchi
2168 1320 2234 1342 nu-

1236 1365 1361 1404 tritor,
1406 1365 1682 1398 transformatus
1708 1363 1744 1396 in
1769 1364 1941 1396 Silenum.
2009 1361 2087 1395 Etsi
2113 1367 2233 1394 autem

1238 1416 1497 1460 appellationes
1515 1417 1553 1448 in
1570 1415 1638 1449 illis
1656 1414 1902 1448 vetustissimis
1925 1412 2056 1446 fabulis
2075 1418 2110 1445 et
2124 1410 2236 1445 histo-

1237 1468 1300 1501 riis
1314 1479 1418 1512 saepe
1446 1480 1530 1501 casu
1555 1467 1710 1507 oblitae,
1746 1472 1868 1509 postea
1895 1466 1966 1498 late
1990 1464 2235 1498 celebrantur:

1239 1526 1360 1552 tamen
1389 1525 1540 1563 apparet
1565 1531 1699 1551 nomen
1723 1517 1835 1551 Sileni
1869 1530 1887 1550 a
1922 1515 2163 1549 torcularibus
2186 1514 2236 1546 fa-

1240 1577 1335 1603 ctum
1362 1582 1447 1604 esse.
1502 1570 1594 1604 Nam
1616 1567 1777 1615 ληνὸςῗῖ)
1804 1575 1856 1602 est
1878 1568 2056 1608 torcular,
2090 1573 2125 1599 et
2150 1565 2239 1599 Sile-

1239 1634 1307 1655 nus
1325 1628 1387 1655 aut
1401 1621 1575 1666 significat
1602 1621 1717 1660 idem,
1754 1621 1851 1665 quod
1876 1619 2041 1665 quatiens
2067 1617 2239 1655 torcular,

1241 1680 1303 1706 aut
1321 1673 1436 1713 idem,
1465 1674 1561 1719 quod
1578 1672 1676 1706 Deus
1702 1670 1904 1704 torcularis.
1965 1670 2035 1703 Sed
2057 1668 2096 1702 in
2123 1668 2239 1702 omni-

1240 1725 1307 1758 bus
1342 1724 1471 1758 iocosis
1507 1723 1808 1769 descriptionibus
1843 1721 2019 1767 significat
2052 1718 2240 1754 hominem

1214 1778 1217 1786 '
1242 1776 1421 1821 voluptati
1438 1776 1619 1817 deditum,
1649 1782 1683 1808 et
1699 1782 1822 1809 tamen
1838 1774 2065 1818 ingeniosum
2087 1779 2123 1807 et
2148 1773 2241 1806 face-

1244 1834 1338 1868 tum,
1383 1834 1423 1860 ut
1447 1834 1530 1862 sunt
1554 1828 1592 1860 in
1614 1827 1703 1861 aulis
1727 1826 1951 1873 parasiti'ffl),
1994 1825 2057 1871 qui
2088 1823 2241 1869 ingeniis

1244 1880 1474 1914 antecellunt.
1542 1879 1600 1913 Fit
1632 1879 1740 1923 igitur
1770 1884 1885 1911 totum
1917 1888 2047 1921 poema
2080 1876 2242 1910 festivius

1244 1931 1417 1965 translata
1435 1931 1644 1964 narratione
1663 1931 1699 1963 in
1717 1930 1822 1964 talem
1841 1941 2031 1974 personam
2043 1955 2052 1969 ,
2087 1928 2186 1962 cuius
2203 1928 2243 1961 in

1245 1984 1473 2027 poematibus
1494 1984 1616 2016 crebra
1635 1981 1770 2015 mentio
1790 1988 1861 2021 est,
1896 1987 1931 2014 et
1954 1980 2122 2013 laudatur
2146 1979 2241 2013 festi-

1247 2034 1336 2069 vius.
1407 2035 1504 2080 Quid
1532 2034 1640 2078 igitur
1663 2031 1719 2067 hic
1741 2032 1862 2065 canit?
1926 2032 2089 2065 Primum
2117 2038 2243 2064 narrat

1247 2086 1389 2120 initium
1402 2113 1411 2127 ,
1438 2085 1654 2130 sedEpicuri
1673 2096 1792 2123 more,
1819 2084 1905 2116 dicit
1921 2082 2141 2117 concurrisse
2159 2094 2242 2127 par-

1247 2142 1316 2177 tes,
1345 2144 1379 2171 et
1394 2136 1462 2171 hoc
1482 2135 1725 2182 pulcherrimo
1749 2136 1875 2168 ordine
1902 2147 2013 2169 unam
2035 2132 2241 2168 machinam

195 2229 428 2274 terpellamus
445 2234 475 2259 et
491 2226 799 2272 reprehendimus.
846 2226 927 2259 ldeo
939 2224 1110 2269 Virgilius
1128 2223 1194 2256 ini-
1220 2214 1222 2253 ἶ
1247 2196 1367 2222 natam
1387 2196 1421 2223 et
1438 2190 1641 2223 dlsuncmm
1655 2215 1663 2228 '
1691 2188 1797 2227 coeh’
1825 2187 2009 2221 Stelldrum
2033 2193 2068 2220 et
2089 2186 2242 2219 elemen-

1248 2248 1389 2281 torum,
1433 2253 1524 2286 quae
1554 2240 1599 2274 sit
1630 2240 1726 2274 velut
1755 2239 1979 2272 domicilium
2010 2237 2149 2282 generis
2178 2235 2243 2271 hu-

1249 2293 1359 2327 mani.
1412 2292 1565 2325 Prodest
1583 2300 1699 2325 autem
1719 2291 1875 2335 cogitare
1895 2291 2014 2336 aliqua
2033 2302 2155 2323 rerum
2176 2288 2244 2321 ini-

1249 2344 1310 2378 tia.
1364 2343 1430 2377 Sed
1450 2342 1506 2377 hic
1523 2344 1662 2377 Silenus
1678 2344 1874 2388 Epicurum
1901 2354 2052 2387 sequens
2080 2338 2172 2373 nihil
2200 2341 2243 2373 de

1248 2395 1325 2428 Deo
1347 2396 1472 2439 opifice
1496 2396 1600 2435 dicit,
1637 2397 1680 2428 ab
1707 2393 1775 2428 hoc
1801 2394 1912 2427 ordiri
1938 2406 2018 2427 eum
2040 2392 2244 2437 oportebat.

1284 2539 1333 2570 76)
1354 2537 1450 2570 canet]
1472 2537 1513 2561 sic
1531 2539 1555 2562 l».
1572 2538 1589 2561 1.
1610 2538 1637 2561 ct
1657 2536 1682 2560 iu
1703 2543 1778 2566 seqq.
1798 2534 1881 2558 Editt.
1897 2533 1988 2564 1568„
2009 2532 2084 2557 ¹593.
2105 2531 2151 2564 (=
2163 2531 2244 2563 virg.

1324 2575 1381 2599 1⁴:01.
1398 2574 1446 2601 w,
1470 2573 1508 2597 11.
1530 2573 1570 2596 cd.
1592 2572 1763 2601 unguen„
1794 2570 1843 2594 Ed.
1860 2569 1933 2593 ¹565.
1952 2569 2043 2593 canit.

1287 2626 1336 2655 77)
1356 2624 1451 2655 ληνός]
1471 2625 1511 2649 sic
1530 2624 1611 2648 Editt.
1628 2624 1719 2652 1568„
1742 2620 1835 2650 1593.;
1854 2621 1902 2644 Ed.
1920 2620 1994 2644 1565.
2016 2619 2102 2643 male:
2126 2616 2209 2645 νίνος,

1286 2678 1336 2705 78)
1355 2676 1486 2715 parasitil
1507 2676 1548 2701 sic
1566 2675 1649 2700 Editt.
1670 2674 1762 2704 1563,
1784 2672 1874 2702 1593.;
1906 2672 1955 2698 Ed.
1974 2670 2049 2696 1565.
2069 2669 2174 2700 antiqui
2191 2673 2245 2700 pa-

1320 2712 1408 2735 rasni.
