2341 2973
160 1179 163 1182 ·
214 1156 422 1189 missionem
455 1165 490 1187 se
523 1153 681 1190 confert.

789 79 908 114 Ptin..
946 77 1058 112 MEL.

203 90 276 126 767
331 130 334 134 ,

203 179 321 213 Dlenm
354 178 503 215 receptas
528 165 668 215 silium]
712 166 920 212 Propositio
952 163 1199 198 accusationis.
1227 165 1233 241 Ι

1171 215 1203 248 1.

206 228 262 261 Vs.
286 227 341 260 19.
360 220 500 269 Alana]
520 220 677 254 Parabat
692 219 827 252 abitum
844 214 1007 251 Bacchis.
1069 214 1166 250 Vs.2

204 284 296 314 Nam
324 288 426 322 neque
451 271 536 320 illa]
565 270 787 305 Permutatio
813 281 946 302 rerum.

206 331 314 364 Alieni
362 330 393 360 si
442 321 591 371 scirem]
648 319 924 355 Commendatio
970 331 987 349 a
1037 328 1203 361 persona.

209 380 266 413 Vs.
284 378 344 414 25.
370 372 563 422 Sanctius]
591 374 646 407 Ab
663 373 753 406 utili.
857 370 917 404 Vs.
933 369 994 404 26.
1020 371 1079 404 Me
1095 381 1205 412 seqre-

203 427 410 477 9atnm¹⁹).]
435 429 490 461 Ab
508 425 669 460 honesto.
744 422 804 456 Vs.
823 423 884 456 30.
909 418 1076 467 Faciam]
1102 420 1204 452 Bona

207 481 379 516 meretrix
403 486 525 513 contra
552 474 845 510 consuetudinem
866 473 962 506 facit.
1069 471 1127 505 Vs.
1144 470 1205 504 36.

208 537 282 568 Hoc
316 535 419 566 eiiam
452 525 617 575 credidi.]
659 526 906 570 Suspicionem
938 535 1038 557 suam
1064 524 1205 555 fatetur.

206 585 269 620 Vs.
289 584 350 618 39.
393 584 463 617 Sed
492 583 678 624 reprimam
709 575 800 624 me.]
849 574 1079 620 Aposiopesis
1112 573 1206 606 irati.

206 637 269 671 Vs.
292 635 352 669 40.
392 637 515 667 Verum
536 638 568 666 te
590 630 674 674 hoa]
708 628 951 662 Comminatio
977 624 1205 670 pollicitatio·

208 701 253 721 ne
280 686 442 719 admista.

435 793 543 827 Actus
561 792 601 826 V.
627 793 737 825 Scena
758 789 798 824 ll.
822 789 969 834 Argum.

312 874 414 918 Quae
430 872 565 905 dudum
582 867 750 908 Lacheti‚
780 868 902 900 eadem
921 864 1009 899 haec
1025 862 1208 907 Phidippo

211 922 362 959 Bacchis
386 922 585 968 promittit,
622 933 657 955 se
682 920 778 953 intro
803 919 982 952 abituram
1006 916 1051 949 ad
1069 915 1209 949 Sostra-

212 983 286 1011 tam
307 982 339 1009 et
355 972 604 1020 Myrrhinam,
632 978 670 1005 ut
693 971 760 1004 illis
778 975 960 1015 purgetur.

315 1052 374 1085 Vs.
396 1053 428 1085 1.
463 1051 565 1085 Nihil
585 1050 674 1093 apud
704 1045 785 1094 me.]
822 1047 909 1080 Post
936 1044 1034 1078 varia
1061 1041 1209 1076 nutricis
1235 1031 1237 1061 Ξ

217 1103 395 1149 poscentis
429 1102 557 1141 verba,
592 1099 792 1144 Phidippus
826 1099 869 1131 ad
893 1096 1096 1142 generalem
1126 1106 1210 1139 pro-

729 1151 869 1184 dicens:
914 1149 1016 1184 Nihil
1037 1148 1126 1191 apud
1148 1158 1210 1179 me.

213 1207 273 1241 Vs.
301 1207 335 1241 6.
378 1209 449 1240 Nec
489 1205 546 1247 pol
577 1201 691 1251 istae]
727 1202 934 1236 Meretrices
976 1198 1209 1243 irreligiosae.

214 1258 274 1293 Vs.
301 1258 335 1291 7.
385 1257 540 1292 Ancillas
580 1256 693 1300 deda]
745 1253 902 1287 Firmius
946 1255 1209 1296 argumentum.

216 1310 276 1344 Vs.
294 1311 352 1343 11.
379 1310 589 1351 Suspectus-J
618 1307 699 1341 Non
717 1306 759 1339 de
778 1304 955 1338 adulterio
968 1330 976 1344 ‚
1003 1304 1063 1337 sed
1085 1303 1127 1335 de
1145 1313 1210 1334 nu-

217 1374 279 1396 rus
305 1362 471 1394 discessu.
604 1358 662 1392 Vs.
681 1357 739 1391 16.
775 1358 924 1401 Profecto
949 1359 982 1390 ῖη
1005 1355 1095 1398 baa]
1124 1353 1210 1386 l’ost

216 1413 470 1447 discussionem
491 1408 559 1444 hoc
576 1410 622 1455 ²⁰)
646 1410 763 1442 infert.
877 1408 936 1441 νε.
958 1407 1014 1441 18.
1045 1407 1132 1447 Qw’d
1147 1407 1210 1438 isi-

215 1462 323 1512 haee]
351 1462 552 1507 Correptio.
678 1461 739 1495 Vs.
762 1461 822 1496 24.
850 1463 896 1494 At
911 1461 973 1492 hae
986 1458 1032 1503 21)
1054 1455 1210 1500 corticum]

217 1516 318 1550 Aliae
341 1514 581 1560 persuadendi
610 1514 778 1547 rationes.

217 1569 294 1613 est]
331 1566 499 1602 Ostendit
521 1577 711 1598 commune
735 1565 871 1597 bonum
896 1562 1040 1608 utrique
1066 1565 1210 1594 eventu-

216 1632 308 1653 rum.
436 1617 496 1651 Vs.
514 1617 574 1650 51.
615 1618 697 1650 Rem
713 1614 791 1662 ²²).]
833 1615 885 1648 Ex
916 1612 1071 1647 amicitia
1104 1610 1209 1649 senis,

217 1671 366 1715 gloriam
381 1696 389 1709 ‚
418 1682 456 1701 ex
478 1669 570 1700 facto
588 1667 772 1709 singulari.

252 1836 296 1865 w)
318 1833 365 1858 Me
383 1832 581 1864 seyreyatum]
605 1830 643 1853 sic
665 1829 729 1853 inae
751 1828 853 1856 Editt.;
874 1827 965 1851 Voltb.
985 1828 1181 1858 Segreyutnm.

249 1885 297 1914 ’20)
316 1882 377 1914 hoc]
398 1883 425 1906 in
444 1882 494 1907 Ed.
512 1881 587 1906 ¹546.
609 1880 694 1904 deest.

250 1934 297 1965 ²1)
318 1933 383 1965 hae]
405 1932 444 1957 sic
464 1933 529 1957 illae
547 1931 649 1962 Editt.;
677 1930 726 1955 Ed.
746 1929 837 1954 Vollb.
859 1929 936 1953 haec.

251 1986 296 2015 22)
318 1985 366 2009 Hic
386 1992 428 2008 vs.
449 1984 476 2008 iu
496 1984 552 2007 illis
567 1983 651 2006 Editt.
672 1981 775 2012 legitur
795 1980 850 2004 sic:
871 1980 934 2005 Scit
953 1980 1009 2005 sibi
1028 1981 1210 2005 nobilitatem

287 2027 323 2043 ez·
342 2027 390 2049 eo,
424 2020 451 2044 et
472 2025 532 2043 rem
550 2019 667 2045 natam,
697 2017 725 2041 et
743 2016 869 2047 moriam
887 2021 964 2044 esse;
998 2015 1024 2038 in
1050 2015 1099 2039 Ed.
1120 2016 1210 2039 Volth.

287 2055 377 2077 autem
397 2054 452 2077 aie:
474 2055 535 2078 scit
554 2059 584 2077 se
603 2052 787 2076 nobilitatem
807 2056 842 2074 em
864 2056 899 2074 ea
916 2055 949 2074 re
967 2051 1085 2074 nactam
1104 2052 1131 2074 et
1149 2051 1211 2081 ylo-

286 2095 362 2112 rmm
382 2095 450 2114 esse.

1094 76 1296 112 SCRIPTA
1333 74 1671 111 PHILOLOGICA.

1064 266 1121 300 Vs.
1141 264 1204 301 24.
1228 245 1232 312 1

898 1511 957 1545 Vs.
979 1511 1039 1544 30.
1065 1512 1156 1544 Nam
1180 1509 1210 1541 .ςί
1236 1512 1237 1538 ἒ

1236 1739 1237 1754 1
1263 1730 1306 1762 de
1326 1727 1583 1761 consuetudine
1600 1733 1734 1761 nostra.

1235 1843 1237 1847 ’
1264 1831 1324 1864 νε.
1347 1830 1407 1864 37.
1434 1833 1533 1873 Hoc]
1562 1831 1676 1874 Auget
1694 1830 1855 1863 beneficii
1881 1830 2062 1863 meritum.

2179 75 2252 110 768

1479 163 1587 196 Actus
1603 161 1646 196 V.
1672 162 1784 195 Scena
1801 159 1859 195 Ill.
1883 162 2030 206 Argum.

1360 229 1429 262 Per
1454 230 1601 270 annuli,
1629 241 1734 275 quem
1756 227 1968 274 Pamphilus
1991 230 2138 262 dederat
2163 228 2253 261 Bac-

1258 279 1372 320 chidi,
1401 280 1642 325 cognitionem
1659 279 1875 315 Philumena
1901 281 1945 313 ab
1970 280 2032 313 illo
2049 291 2251 324 compressa

1261 332 1472 366 ostenditur.

1361 383 1421 416 Vs.
1434 384 1465 416 1.
1482 385 1628 426 Aedepol
1646 394 1708 416 nae
1725 381 1864 430 meam]
1881 382 1956 415 Hoc
1972 393 1991 414 a
2008 378 2253 415 stomachante

1260 433 1390 467 dicitur
1406 447 1530 474 servo,
1558 442 1730 479 tanquam
1751 435 1794 466 ab
1814 433 1900 467 hero
1927 433 2108 466 desolatus
2123 431 2170 477 ³⁸)
2197 431 2253 465 sit.

1259 485 1319 519 Vs.
1339 486 1397 521 12.
1429 488 1501 519 Tua
1529 488 1612 531 quod
1631 482 1748 532 nihil]
1777 484 2013 518 Proverbium
2033 484 2070 516 in
2097 482 2255 517 curiosos

1261 543 1541 581 percontatores.
1700 536 1759 569 Vs.
1789 535 1845 570 15.
1888 533 2063 582 Tantum]
2093 533 2254 578 Eclipsis.

1259 587 1320 621 Vs.
1340 588 1397 622 16.
1431 590 1580 624 Minime
1603 585 1783 635 equidem]
1827 588 1939 633 Quasi
1963 587 2076 625 dicat,
2113 596 2254 619 currere

1260 652 1412 685 nequeo.
1489 639 1549 672 Vs.
1564 639 1620 672 18.
1651 641 1823 680 Quantam
1839 636 1970 685 obtuli]
1996 637 2063 670 Hic
2079 637 2254 682 reliquam

1262 690 1466 735 argumenti
1491 697 1630 735 partem
1647 688 1796 724 Bacchis
1822 691 1897 724 sola
1921 702 2038 723 secum
2068 693 2254 721 memorat.

1261 742 1321 776 Vs.
1339 743 1400 778 23.
1428 744 1495 776 Hic
1509 744 1590 776 adeo
1612 743 1666 775 his
1689 740 1817 789 rebus]
1846 741 2010 776 Annulus
2028 740 2171 774 fabulae
2192 750 2255 771 uo-

1262 794 1347 827 dum
1364 794 1482 828 solvit.
1588 792 1649 826 Vs.
1669 793 1731 826 33.
1758 795 1868 838 Inde]
1896 793 1952 826 Ab
1973 792 2107 825 annulo
2124 797 2158 824 et
2174 801 2257 823 nar-

1262 845 1414 878 ratione.
1544 843 1602 878 Vs.
1622 843 1681 878 35.
1709 847 1803 878 Haec
1823 850 1871 878 tot
1892 849 2031 887 propter
2055 840 2138 889 me.]
2164 841 2256 874 Con-

1263 897 1374 929 cludit
1391 896 1531 929 sabulae
1550 897 1808 929 narrationem.
1897 895 1956 929 Vs.
1976 895 2036 929 39.
2068 896 2155 937 Eyo,
2178 894 2259 927 dum

1261 945 1350 995 illa]
1379 947 1536 981 Honesta
1557 947 1738 980 meretrix.

1471 1043 1586 1076 ,Actus
1607 1041 1646 1074 V.
1673 1043 1783 1075 Scena
1802 1040 1858 1074 lV.
1886 1040 2034 1084 Argum.

1366 1108 1577 1155 Pamphilus
1604 1110 1718 1143 multo
1744 1108 1876 1153 gaudio
1893 1107 2124 1152 perfunditur
2141 1118 2182 1139 ex
2198 1118 2255 1139 co-

1265 1162 1426 1206 gnitione
1460 1162 1606 1202 annuli,
1650 1173 1756 1207 quem
1791 1160 1877 1193 olim
1908 1160 2055 1193 dederat
2076 1154 2258 1192 Bacchidi.

1264 1213 1435 1248 Eiusdem
1451 1213 1599 1247 mirifice
1617 1213 1787 1246 laudatur
1807 1223 1909 1245 uxor.

1367 1265 1427 1300 Vs.
1447 1267 1479 1300 1.
1510 1267 1610 1306 Vide,
1639 1267 1685 1299 mi
1703 1264 1900 1308 Par-mena]
1929 1262 2037 1308 Quod
2054 1261 2182 1295 misere
2200 1272 2257 1294 cn-

1266 1317 1319 1362 pit
1340 1315 1573 1363 Pamphilus,
1608 1316 1744 1349 tardius
1770 1316 1814 1349 ob
1840 1315 2006 1348 affectum
2030 1314 2173 1347 credere
2195 1324 2259 1356 po-

1263 1374 1342 1402 test.
1448 1368 1507 1403 Vs.
1529 1368 1563 1403 4.
1592 1370 1780 1407 Illanednm
1803 1366 1923 1411 sodex]
1952 1365 2008 1400 Sic
2030 1366 2070 1399 fit
2093 1365 2128 1398 in
2155 1364 2259 1397 rebus

1263 1420 1401 1455 subitis.
1508 1419 1568 1455 Vs.
1589 1419 1623 1454 5.
1654 1422 1715 1454 Sic
1740 1424 1771 1453 ie
1794 1415 2024 1464 dimisse‘22).]
2048 1414 2262 1464 ἄμφιβολο-

1263 1475 1378 1520 γικιῦς
1406 1485 1446 1506 ex
1471 1472 1610 1505 affectu.
1724 1469 1781 1503 Vs.
1801 1469 1834 1502 9.
1867 1467 1984 1516 Quid]
2020 1466 2260 1502 Deliberantis

1265 1529 1327 1557 est.
1458 1522 1518 1556 Vs.
1539 1522 1595 1557 17.
1629 1524 1762 1562 Factis,
1798 1526 1834 1555 ur
1856 1517 2020 1568 credam]
2053 1518 2148 1554 Laus
2171 1517 2260 1552 Bac-

1264 1572 1389 1608 chidis.
1510 1574 1570 1608 Vs.
1587 1574 1648 1608 20.
1684 1576 1732 1607 A!
1754 1577 1789 1606 {u
1815 1573 1996 1616 aecastor]
2032 1570 2127 1605 Laus
2153 1570 2259 1604 Pam—

1263 1623 1364 1670 phili.

1264 1688 1358 1710 mam
1382 1677 1516 1711 laudat.

1490 1624 1549 1660 Vs.
1566 1625 1627 1660 23.
1662 1627 1754 1658 Nam
1784 1621 1984 1671 nunquam]
2012 1623 2162 1656 Aemula
2190 1622 2261 1655 for-

1619 1674 1679 1709 Vs.
1695 1673 1756 1711 25.
1784 1676 1919 1709 Harum
1943 1672 2091 1722 rerum]
2121 1673 2261 1707 Scilicet

1841 1726 1901 1760 Vs.
1916 1726 1976 1762 26.
2010 1729 2053 1761 Ut
2074 1728 2111 1760 in
2135 1737 2261 1760 comoe-

1262 1782 1361 1822 diis]
1397 1780 1509 1825 Quasi
1533 1777 1592 1812 hic
1617 1778 1802 1811 comoedia
1831 1791 1903 1811 non
1932 1778 1996 1819 sit,
2032 1779 2091 1812 sed
2118 1778 2260 1810 veritas.

2124 1827 2182 1863 Vs.
2199 1828 2259 1863 38.

1268 1886 1324 1917 An
1340 1883 1491 1927 temera]
1520 1882 1690 1916 lactantia
1709 1881 1857 1916 servilis.

1297 2000 1345 2058 23}
1364 2001 1523 2059 dgso‘liatus]
1542 2001 1581 2023 sic
1599 1999 1682 2024 Editt.
1701 1999 1775 2023 1540.
1792 2000 1837 2026 B..
1860 1997 1951 2024 1543..
1976 1997 2067 2027 1548,
2091 1997 2183 2025 1551.;
2212 1997 2258 2019 Ed.

1349 2036 1383 2059 5⁴
1405 2053 1409 2058 .
1449 2042 1462 2059 e
1476 2042 1553 2060 usus,

1299 2086 1346 2116 24)
1364 2088 1491 2117 dimisse]
1511 2087 1553 2110 sic
1574 2087 1639 2111 ittae
1659 2085 1758 2112 Educ:
1783 2085 1830 2109 Ed.
1851 2084 1945 2109 Voltb.
1965 2084 2033 2108 dise

897 2169 942 2202 ln
987 2168 1310 2206 Phormionem
1356 2172 1584 2208 Terentii.

529 2247 849 2292 Argumentum
871 2247 912 2291 ¹).

623 2315 792 2350 Protasis.

323 2386 412 2419 Cum
438 2383 620 2430 Antipho,
659 2385 803 2418 ahsente
833 2391 953 2429 patre,
997 2383 1033 2416 in
1058 2384 1214 2428 puellam

221 2490 287 2523 nisi
318 2502 463 2523 uxorem
498 2489 643 2522 duceret
674 2488 768 2533 (erat
808 2488 900 2520 enim
947 2487 1033 2521 civis
1066 2486 1214 2532 Attica),

219 2542 312 2574 sorte
336 2541 482 2585 nuptiae
509 2541 688 2573 confectae
711 2545 792 2573 sunt
816 2536 951 2573 technis
970 2536 1211 2584 sycophantae

260 2655 289 2688 ¹)
317 2657 374 2681 noc
398 2660 592 2685 argumentum
613 2660 704 2682 exstat
725 2658 751 2681 in
778 2657 862 2681 Editt.
884 2656 1076 2681 imos-⁷162&
1097 2660 1121 2681 et.
1142 2664 1164 2680 ιι,
1186 2662 1208 2679 a.

291 2693 372 2721 atquc
392 2691 417 2714 in
438 2692 584 2716 Riccianae
603 2691 774 2716 collectionis
795 2693 878 2716 'tomo
892 2691 936 2714 nt

221 2440 403 2485 quandam
432 2437 535 2470 unice
561 2436 759 2481 deperiret,
794 2448 858 2468 nec
885 2441 1003 2480 posset
1030 2447 1068 2468 ea
1093 2435 1216 2479 potiri,
1239 2432 1242 2448 ⁴
1268 2404 1391 2437 nnbat'

1272 2250 1454 2283 cuiusdam
1481 2246 1726 2282 Phormionis.
1805 2244 1835 2279 ls
1860 2244 1954 2278 enim
1984 2255 2026 2277 ex
2051 2242 2263 2286 composito,

1270 2301 1363 2334 diem
1381 2300 1467 2333 dicit
1483 2298 1704 2344 Antiphoni,
1733 2297 1834 2341 fingit
1850 2295 2003 2341 puellam
2023 2294 2054 2328 ei
2073 2298 2262 2338 cognatam

1271 2364 1364 2393 esse,
1405 2364 1522 2397 neque
1547 2362 1765 2397 quemquam
1798 2348 1908 2381 alium
1934 2345 2164 2391 propiorem,
2206 2343 2261 2377 cui

1467 2402 1585 2436 Facile
1617 2409 1668 2437 est
1704 2401 1846 2434 vincere
1881 2410 1956 2431 non
1989 2401 2261 2441 repugnantem.

1268 2454 1317 2488 lta
1337 2454 1472 2499 legibus
1491 2456 1619 2488 ducere
1639 2453 1776 2497 cogitur
1793 2447 1965 2494 Antipho.

1682 2544 1846 2590 Epitasis.

1372 2617 1454 2651 Non
1477 2616 1653 2661 probatur
1680 2624 1790 2646 avaro
1818 2611 1932 2656 patri,
1966 2609 2026 2643 ubi
2049 2609 2174 2648 rediit,
2211 2608 2261 2640 fa-

1266 2676 1361 2703 ctum
1374 2695 1383 2708 ‚
1413 2675 1452 2703 ut
1471 2667 1533 2714 qui
1552 2666 1706 2700 malebat
1720 2663 1792 2697 filio
1812 2663 2019 2708 opulentam
2046 2660 2203 2706 aliquam
2227 2665 2262 2691 et
