2341 2973
184 120 259 156 227

573 205 675 247 -Ode
725 207 778 248 V.

394 282 509 314 Eidem
545 283 576 315 A
587 293 656 314 rce
666 294 682 315 s
693 283 704 314 ἱ
715 282 780 314 Iao
821 280 972 326 ἅρματι.

289 355 379 400 (Str.
399 354 450 402 1.)
484 355 642 390 Divitiae
676 363 759 391 sunt
784 358 923 398 bonae,

186 419 243 442 eas
269 420 348 441 cum
374 420 464 453 pura
489 408 621 442 virtute
646 409 822 452 possidet,

185 466 224 493 ut
241 459 362 493 multis
378 459 500 494 amicis
520 460 644 504 prosit.

295 511 328 544 O
343 511 426 545 felix
441 511 618 546 Arcesilae
632 537 640 551 ‚
669 511 832 555 procedis
851 512 969 557 primo
992 515 1105 558 gradu
1127 526 1183 547 ae·
1208 511 1211 525 ¹

188 562 272 596 tatis
291 575 370 596 cum
397 562 532 607 gloria,
578 569 727 607 propter
754 563 962 605 Castorem,
1008 567 1070 611 qui
1103 572 1184 610 post

185 611 387 658 hybernum
423 615 575 648 imbrem
612 614 716 648 affert
748 616 976 650 serenitatem
1015 617 1052 650 in
1080 623 1179 651 tuam
1209 620 1210 632 ¹

188 666 318 700 aulam.
1208 682 1211 713 j

291 715 391 761 (Ant.
413 716 462 763 1.)
487 715 673 761 Sapientes
691 724 824 751 ornant
838 719 1042 760 fortunam,
1068 732 1087 752 a
1103 719 1182 754 Deo
1209 719 1211 733 '

187 770 318 803 datam.
382 767 435 800 Te
466 767 556 801 iuste
584 775 748 813 agentem
782 782 911 814 magna
944 771 1094 805 felicitas
1117 771 1182 804 cir-

187 821 352 860 cumdat,
375 825 416 853 ut
432 818 478 853 sis
494 832 556 853 rex
571 821 766 854 multarum
782 822 939 855 urbium.
984 823 1085 856 Tuus
1101 835 1183 856 ocu-

187 872 239 906 lus
265 872 362 905 videt
383 872 629 905 venerandum
654 869 849 913 honorem,
892 873 1042 908 mixtum
1070 874 1183 908 menti
1209 897 1210 902 ,

188 930 281 957 tuae.
334 922 438 957 'Nunc
457 935 600 969 quoque
619 923 743 958 beatus
761 937 815 964 es,
852 926 949 970 quod
973 932 1097 959 nactus
1114 926 1183 959 cla-

188 987 266 1008 ram
287 974 476 1008 victoriam
503 974 541 1008 in
564 972 721 1019 pythiis,
756 974 865 1010 habes
889 974 983 1010 hunc
1006 975 1183 1022 hymnum

188 1027 366 1062 sociorum
404 1024 484 1072 (Ep.
503 1027 552 1073 1.)
578 1026 615 1058 in
637 1026 816 1071 Apollinis
840 1028 938 1062 ludo.
999 1027 1084 1062 Ideo
1108 1041 1184 1062 non

188 1079 296 1112 lateat
313 1086 346 1112 te
368 1077 526 1122 Cyrene,
556 1079 653 1123 quod
671 1079 871 1113 celebratur
891 1080 935 1112 ad
950 1077 1097 1114 hortum
1116 1079 1184 1113 Ve-

187 1131 295 1165 neris.
356 1129 529 1164 Omnium
558 1136 676 1162 autem
702 1131 883 1164 bonorum
912 1143 1054 1166 causam
1082 1143 1185 1177 prae-

189 1183 330 1227 cipuam
359 1193 431 1215 esse
463 1181 581 1215 Deum
614 1181 793 1226 ponimus.
862 1182 1002 1217 Deinde
1035 1190 1069 1216 et
1098 1195 1184 1228 prae
1210 1203 1211 1213 κ

189 1233 336 1268 caeteris
360 1233 482 1267 amicis
500 1230 717 1267 Carrhotum
742 1234 900 1278 diligito,
929 1235 991 1280 qui
1011 1247 1085 1268 non
1100 1234 1185 1280 Epi-

189 1283 322 1318 methei
352 1285 481 1325 filiam,
518 1285 650 1318 scilicet
676 1285 964 1327 poenitentiam,
1005 1288 1185 1321 adducens

189 1337 282 1371 redit
301 1337 346 1369 ad
363 1336 586 1381 Cyrenaeos,
614 1337 785 1371 iustitiam
805 1338 972 1372 colentes.

294 1387 360 1421 Hic
378 1386 575 1422 Carrhotus
596 1386 724 1433 hospes
742 1390 863 1430 fortis,
892 1389 1007 1423 curuli
1034 1389 1186 1423 victoria

192 1442 235 1474 ad
254 1439 448 1474 Castalium
467 1441 603 1473 fontem
621 1446 655 1473 te
674 1441 863 1475 coronavit
888 1440 979 1487 (Str.
996 1441 1049 1487 2.)
1069 1441 1187 1474 incor-

191 1492 305 1537 ruptis
331 1491 436 1532 loris,
472 1492 567 1525 iuxta
587 1492 775 1526 delubrum
797 1492 986 1527 duodecim
1006 1504 1187 1527 cursuum.

191 1543 298 1578 Nulla
314 1542 409 1576 enim
427 1543 664 1577 instrumenta
687 1545 811 1589 fregit,
839 1546 900 1579 sed
920 1556 1111 1589 suspensus
1137 1551 1189 1578 est
1214 1570 1216 1584 ἶ

193 1607 337 1635 currus,
364 1595 540 1628 sustinens
565 1595 741 1629 artificum
759 1597 965 1630 excellentia
991 1608 1118 1640 opera:
1155 1602 1189 1629 et
1214 1617 1217 1647 5

193 1646 385 1680 translatus
401 1653 452 1680 est
469 1658 510 1679 ex
529 1645 673 1680 Crisaeo
693 1647 831 1681 tumulo
843 1674 852 1687 ,
882 1655 916 1681 et
931 1654 1036 1692 prato
1052 1646 1189 1691 Apolli-
1215 1663 1216 1667 =

192 1698 260 1732 nis.
312 1697 417 1731 Nunc
439 1697 555 1742 ipsum
584 1704 681 1731 tenet
704 1699 908 1742 cupressina
928 1700 1026 1733 sedes
1046 1698 1083 1731 in
1101 1705 1189 1732 tem-

192 1750 253 1794 plo
270 1761 383 1794 prope
406 1755 583 1789 statuam,
612 1762 719 1796 quam
739 1750 925 1785 Cretenses
950 1751 987 1784 in
1010 1750 1188 1785 Parnasso
1215 1756 1218 1797 g

194 1807 397 1836 statuerunt
413 1812 454 1834 ex
469 1813 541 1834 una
560 1802 688 1835 arbore
706 1802 849 1836 factam.

296 1854 395 1895 (Ant.
418 1852 472 1898 2.)
501 1853 558 1886 Tu
585 1852 712 1897 igitur,
743 1853 942 1891 Arcesilae,
970 1851 1189 1886 benefactori
1216 1843 1220 1901 ἰ

196 1911 257 1938 tuo
276 1911 402 1948 sponte
421 1905 562 1938 reddito
581 1905 746 1948 gratiam.
800 1905 964 1948 Diligunt
980 1910 1014 1938 te
1031 1904 1190 1946 Gratiae,

198 1968 218 1989 o
243 1953 439 1995 Carrhote,
467 1956 528 2001 qui
552 1957 676 1990 beatus
704 1969 761 1996 es,
800 1957 897 2002 quod
925 1962 1006 2000 post
1028 1957 1189 1990 laborem
1216 1970 1217 1993 ς

198 2013 471 2040 monumentum
500 2005 627 2048 habes,
667 2020 745 2066 quo·
769 2007 970 2042 celebraris.
1024 2007 1191 2042 Cadenti-

196 2059 262 2092 bus
284 2058 377 2091 enim
405 2059 644 2103 qu-‘ztdrflginta
668 2059 820 2103 aurigis,
850 2066 887 2093 tu
911 2059 1090 2103 integrum
1113 2071 1191 2093 cur·

196 2122 277 2143 rum
304 2110 448 2143 tenuisti
473 2110 651 2155 intrepida
679 2118 817 2150 mente,
853 2117 887 2145 et
910 2123 989 2144 cum
1017 2110 1162 2155 gloria'
1152 2123 1191 2144 1n

196 2160 348 2206 Libyam
366 2174 426 2194 rex
431 2173 526 2195 ersus
546 2175 592 2196 cs.

300 2214 380 2259 (Ep.
397 2213 451 2259 2.)
479 2212 593 2246 Nemo
611 2220 729 2246 autem
747 2219 817 2253 est,
844 2224 910 2245 nec
928 2212 1013 2253 erit,
1035 2213 1110 2246 sine
1128 2213 1191 2246 ali-

198 2276 269 2310 quo
296 2265 432 2298 dolore.
486 2264 583 2297 Batti
608 2265 768 2310 sequitur
793 2271 826 2298 te
850 2263 1016 2304 felicitas,
1053 2266 1113 2298 sed
1140 2271 1190 2297 ta·
1215 2262 1219 2309 'j

197 2327 281 2349 men
306 2317 400 2350 bona
426 2322 460 2348 et
486 2315 581 2348 mala
608 2316 779 2350 tribuens.
832 2315 915 2348 Fuit
931 2315 1059 2349 Battus
1084 2316 1191 2350 turris
1215 2311 1219 2369 ξ

197 2367 315 2408 urbis,
342 2374 376 2401 et
393 2367 514 2401 oculus
534 2365 727 2411 hospitum.
781 2367 831 2400 Ac
848 2368 968 2401 leones
987 2379 1068 2401 eum
1094 2368 1190 2411 fuge-
1216 2379 1219 2404 ,⁴

199 2425 301 2459 runt,
342 2425 532 2464 postquam
571 2419 689 2452 attulit
732 2431 854 2452 vocem
898 2418 1189 2453 transmarinam.
1215 2441 1219 2466 ς

199 2469 288 2503 Nam
315 2471 446 2515 Apollo
479 2469 723 2514 perterrefecit
759 2470 908 2509 bestias,
944 2483 988 2503 ne
1020 2469 1188 2503 vaticinia
1215 2477 1218 2513 g

200 2520 304 2554 Batto
323 2524 404 2555 data
423 2523 465 2555 de
482 2522 668 2554 condenda
687 2521 844 2566 Cyrene,
874 2521 1011 2554 inutilia
1033 2528 1158 2556 essent.

301 2572 390 2617 (Str.
409 2574 460 2619 3.)
491 2574 562 2618 Qui
589 2579 622 2605 et
647 2573 809 2616 gravium
837 2573 1044 2606 morborum
1075 2585 1190 2605 reme-

199 2622 255 2655 dia
282 2624 366 2657 viris
391 2631 425 2657 et
443 2624 650 2658 mulieribus
669 2624 810 2662 tril)uit;
837 2630 871 2657 et
889 2624 986 2657 dedit
1004 2622 1190 2663 citharam,

199 2680 232 2706 et
250 2675 312 2707 dat
329 2675 520 2716 musicam,
549 2676 678 2721 quibus
696 2675 860 2709 voluerit.
909 2675 1022 2708 Affert
1039 2682 1073 2708 et
1092 2674 1190 2708 iusti-

198 2725 282 2759 tiam
301 2726 472 2771 quietam,
495 2734 528 2760 et
546 2734 645 2761 curat
661 2727 844 2760 fatidicum
865 2727 1048 2769 angulum.
1088 2726 1190 2759 Unde

960 371 1040 392 cum
1070 356 1182 392 homo
1207 348 1210 375 ἦ

866 409 1028 443 Fortuna
1063 411 1182 451 dante,

775 120 896 156 PHIL.
935 120 1045 156 MEL.
1083 120 1282 156 SCRIPTA
1316 118 1655 157 PHILOLOGICA.

1212 1371 1214 1377 ¹
1239 1376 1372 1410 iustum
1400 1377 1506 1410 decus
1528 1387 1621 1416 esse,

1213 1436 1214 1439 ’
1240 1428 1412 1462 iuvenum
1448 1428 1549 1460 decet
1581 1427 1760 1460 celebrare
1786 1426 2014 1471 Apollinem,
2064 1427 2166 1472 (Ant.
2184 1427 2238 1473 4.)

2165 122 2239 160 228

1205 214 1208 226 ¹
1231 214 1265 242 et
1290 208 1498 243 Heraclidas
1525 215 1560 242 et
1583 208 1739 254 Aegimii
1768 209 1860 243 filios
1891 208 2079 242 collocavit
2107 209 2144 242 in
2170 208 2239 243 La-

1207 256 1209 283 ’ῑ
1233 261 1471 301 cedaemone,
1505 261 1611 306 Argis
1639 268 1673 295 et
1698 261 1801 307 Pylo.

1207 297 1363 347 {sonare
1400 325 1418 345 a
1452 312 1581 357 Sparta
1617 313 1809 346 amabilem
1845 312 2018 356 gloriam,
2061 310 2160 357 (Ant.
2184 313 2238 359 3.)

1869 259 1992 294 Meum
2023 266 2142 294 autem
2174 268 2239 303 est,

1208 379 1209 407 3
1235 364 1330 398 unde
1348 363 1424 397 nati
1441 370 1620 397 venerunt
1637 362 1816 405 Theram,
1842 362 1999 408 Aegidae
2019 364 2092 397 mei
2107 368 2240 409 patres,

1235 427 1311 449 non
1346 415 1421 449 sine
1461 415 1585 449 divino
1614 416 1767 455 auxili03
1819 417 1880 450 sed
1914 416 2028 449 fatum
2056 416 2239 462 quoddam

1237 468 1387 500 duxerat
1412 466 1621 500 Heraclidas
1646 468 1691 500 ad
1721 467 1933 501 sacrificium
1967 465 2240 501 Thebanorum.

1208 539 1210 551 ‚=
1236 517 1322 552 Inde
1348 524 1382 551 et
1400 518 1540 552 Carnea
1561 518 1599 551 in
1618 518 1757 564 Cyrene
1784 519 2028 559 celebrantur,
2055 531 2163 564 quam
2189 524 2240 552 te-

1208 595 1211 607 .
1236 576 1324 603 nent
1342 570 1502 603 bellicosi
1521 567 1680 614 hospites
1691 570 2114 605 TroianiAntenoridae.
2146 569 2238 604 Cum

1209 634 1211 653 ε
1236 621 1373 655 Helena
1391 621 1487 655 enim
1512 633 1553 655 eo
1574 628 1770 662 venerunt,
1798 634 1920 657 eversa
1938 622 2063 656 Troia.

1338 680 1416 728 (Ep.
1437 681 1491 727 3.)
1519 680 1726 715 Honorifice
1749 693 1834 715 vero
1855 688 2035 728 equestres
2053 679 2239 728 Cyrenaei,

1237 745 1327 779 quos
1348 733 1477 767 Battus
1501 733 1670 773 duxerat,
1699 733 1904 778 adiungunt
1927 733 2108 768 sacrificiis
2127 734 2238 768 Ante-

1209 814 1211 817 .
1236 784 1388 818 noridas
1407 797 1487 818 cum
1508 785 1730 819 muneribus.

1341 844 1512 878 Condidit
1540 851 1574 878 et
1593 845 1721 879 Battus
1749 845 1881 890 templa
1906 844 2045 878 maiora
2062 844 2238 887 Deorum,

1209 910 1210 915 ¹
1237 902 1271 928 et
1288 902 1421 929 rectam
1439 896 1596 940 plateam
1615 897 1813 941 Apollinis,
1842 896 1985 942 pompis
2010 896 2240 937 salutaribus,

1210 968 1211 990 ᾗ
1235 953 1276 981 ut
1292 947 1351 979 via
1377 953 1556 981 constrata
1574 948 1755 993 lapidibus
1781 948 1917 994 equites
1941 954 2074 993 gestet,
2109 949 2173 982 ubi
2202 948 2241 981 in

1209 1017 1211 1033 z
1236 1004 1418 1043 postrema
1435 1005 1537 1043 parte
1554 999 1646 1040 fori,
1672 999 1821 1034 seorsim
1838 999 1938 1033 Batti
1955 1000 2158 1045 sepulcrum
2177 1005 2239 1034 est.

1341 1066 1432 1112 (Str.
1444 1066 1477 1101 4.
1482 1068 1496 1113 )
1511 1067 1645 1101 Beatus
1654 1067 1721 1101 fuit
1738 1069 1835 1112 apud
1852 1068 1945 1102 cives
1961 1068 2022 1101 viv
2025 1068 2238 1105 ensBattusz

1210 1143 1212 1147 ,
1237 1124 1361 1163 postea
1384 1125 1435 1152 est
1450 1118 1583 1159 Heros,
1612 1119 1673 1164 qui
1697 1119 1827 1153 colitur
1852 1131 1872 1152 a
1896 1120 2054 1164 populo;
2089 1120 2240 1154 seorsim

1210 1186 1212 1199 ι
1237 1182 1322 1203 vero
1345 1170 1476 1203 caeteri
1506 1182 1605 1214 reges
1637 1176 1719 1203 ante
1750 1171 1877 1204 urbem
1904 1169 2039 1204 habent
2063 1172 2238 1216 sepulcra.

1210 1232 1213 1238 '
1238 1221 1390 1266 Magnas
1413 1228 1532 1255 autem
1557 1221 1707 1256 xirtutes
1733 1233 1942 1266 conspersas
1959 1221 2061 1255 molli
2074 1234 2178 1264 rore,
2206 1229 2241 1256 et

1239 1273 1440 1307 carminum
1457 1273 1574 1313 fluxu,
1604 1274 1758 1307 audiunt
1783 1273 1836 1307 tui
1861 1273 2017 1308 maiores
2035 1274 2101 1308 sub
2126 1281 2240 1312 terra;

1240 1331 1275 1358 et
1300 1325 1459 1359 sentiunt
1487 1324 1551 1357 filii
1583 1324 1788 1358 felicitatem
1821 1324 1889 1358 sihi
1919 1337 2171 1366 communem,
2207 1332 2241 1359 et

1651 1388 1671 1408 o
1699 1375 1899 1415 Arcesilae,
1933 1387 2041 1421 quem
2067 1376 2105 1408 in
2131 1383 2240 1411 cantu

1241 1492 1321 1513 cum
1347 1477 1479 1513 habeas
1506 1491 1547 1512 ex
1562 1476 1702 1523 Pythiis
1719 1478 2002 1523 persolutionem
2020 1485 2243 1524 sumptuum,

1242 1542 1387 1564 carmen
1403 1530 1600 1564 victoriale.

1343 1590 1472 1624 Virum
1499 1590 1600 1623 illum
1614 1616 1623 1630 ,

1241 1642 1402 1676 laudant.

1668 1601 1775 1634 quem
1800 1588 2008 1629 nominavi,
2048 1590 2242 1633 prudentes

1465 1641 1624 1674 Mentem
1651 1638 1759 1673 habet
1783 1646 1898 1674 aetate
1922 1640 2242 1684 praestantiorem;

1215 1702 1217 1708 ’
1242 1693 1365 1737 lingua
1382 1699 1415 1726 et
1431 1692 1642 1726 fortitudine
1660 1692 1816 1731 excellit,
1844 1697 1884 1726 ut
1901 1691 2021 1737 aquila
2040 1691 2135 1725 inter
2150 1703 2243 1725 aves.

1242 1745 1329 1778 Eius
1357 1745 1470 1778 robur
1499 1750 1552 1778 est
1583 1744 1848 1777 munimentum
1881 1743 2106 1777 certaminis:
2148 1743 2243 1777 inter

1243 1797 1365 1830 Musas
1390 1796 1545 1829 volatilis
1571 1795 1654 1828 inde
1678 1807 1790 1840 usque
1819 1807 1837 1828 a
1867 1794 2042 1839 pueritia,
2077 1800 2111 1828 et
2135 1794 2242 1829 simul

1244 1855 1295 1882 est
1311 1848 1454 1892 saplens
1473 1847 1670 1891 aurigator.
1702 1845 1846 1892 (Ep.4.)
1865 1852 1899 1879 et
1916 1845 2088 1891 quicquid
2106 1846 2241 1879 faciunt

1216 1921 1218 1938 ,ι
1243 1898 1391 1934 honeste
1407 1899 1512 1939 cives,
1540 1899 1613 1943 ipse
1630 1899 1723 1931 inter
1738 1897 1950 1942 praecipuos
1969 1896 2188 1941 aggreditur,
2203 1908 2243 1930 ac

1242 1951 1340 1985 Deus
1383 1951 1415 1984 ei
1446 1950 1640 1984 benevolus
1675 1961 1771 1982 nunc
1806 1948 1943 1993 perficit
1978 1948 2242 1982 fortitudinem.

1216 2015 1218 2019 ·
1244 2003 1352 2048 Quod
1369 2003 1507 2036 utinam
1527 2008 1561 2035 et
1577 2001 1742 2044 deinceps
1761 2001 1794 2032 fi
1797 2006 1823 2033 nt
1843 1999 1878 2032 iu
1899 1999 1998 2033 fictis
2015 2006 2049 2032 et
2073 1999 2242 2039 consiliis,

1216 2053 1219 2091 ἶ
1243 2067 1288 2088 ne
1314 2055 1431 2087 laedat
1465 2059 1643 2088 senectam
1676 2051 1750 2085 eius
1777 2049 1958 2096 h>bernus
1990 2051 2113 2092 ssatus,

2157 2051 2242 2098 quia

1217 2104 1338 2139 onis
1365 2117 1466 2139 mens
1494 2116 1624 2147 magna
1653 2091 1830 2148 gubernit
1855 2104 2036 2136 fortunam
2068 2103 2242 2141 virorum,

1245 2170 1334 2204 quos
1368 2157 1495 2199 diligit.
1563 2154 1660 2199 Opto
1696 2155 1819 2199 generi
1845 2154 1942 2188 Batti
1968 2161 2003 2188 et
2031 2153 2241 2200 Olympicos

1218 2246 1219 2251 ¹
1244 2207 1401 2243 honores
1419 2207 1509 2241 dari.

1643 2308 1733 2348 ode
1768 2308 1843 2349 Vt.

1407 2394 1468 2425 ,l'v
1478 2405 1497 2424 n
1509 2405 1525 2422 n
1535 2404 1552 2424 e
1561 2404 1605 2424 ru
1617 2393 1649 2424 ei
1676 2393 1900 2434 .›ly1·e'5senliw›
1928 2388 2077 2435 ἅρματι.

1346 2467 1438 2512 (Str.
1455 2468 1506 2513 1.)
1532 2467 1675 2501 Audite.
1711 2466 1785 2500 lam
1804 2467 1899 2500 enim
1921 2465 2155 2506 autVeneris,
2178 2473 2239 2500 aut

1216 2519 1218 2556 Ϊ
1243 2519 1451 2553 Gratiarum
1473 2532 1639 2564 campum
1657 2530 1907 2564 peragramus:
1937 2517 2102 2551 videlicet
2124 2517 2239 2551 umbi-

1216 2599 1218 2608 ,
1243 2572 1350 2605 licum
1383 2569 1534 2616 Pythiae
1561 2578 1700 2610 terrae,

1216 2650 1218 2656 .
1242 2622 1295 2656 Ibi
1318 2621 1472 2668 hymnus
1497 2624 1541 2656 dc
1574 2621 1723 2655 victoria
1753 2628 1900 2666 paratus
1929 2627 1980 2655 est
2002 2619 2239 2659 Emmenidis,

1743 2571 1789 2602 ad
1814 2569 1986 2614 templum
2020 2569 2237 2603 accedentes.

1244 2681 1278 2708 et
1312 2675 1508 2719 Agrigento
1544 2680 1578 2707 et
1614 2672 1807 2707 Xenocrati
1844 2673 1880 2705 in
1918 2670 2094 2718 Delphico
2121 2677 2239 2717 prato,

1244 2727 1334 2768 (Str.
1354 2728 1407 2772 2.)
1436 2738 1543 2771 quem
1564 2738 1628 2759 nec
1646 2723 1826 2770 hybernus
1845 2724 1978 2765 imber,
2005 2736 2070 2758 nec
2088 2723 2237 2758 nubium
