2341 2973
176 87 246 122 391

175 173 268 207 Nam
290 170 473 216 Zephyrus
492 178 542 203 est
559 171 748 211 blandior,
779 178 812 204 et
829 171 932 204 affert
949 169 1081 204 halitus
1104 171 1175 203 soe·
1201 169 1204 196 ἶ

180 225 379 257 cnndiores.

285 273 342 306 Vs.
363 273 448 306 331.
481 271 740 320 Tenen-humor]
770 273 803 306 id
821 279 891 313 est,
919 272 1100 306 seminalis
1126 271 1176 304 vi-
1202 272 1204 285 ¹

180 326 299 357 vificus
318 322 450 357 humor
467 325 717 368 suppeditatur
737 325 920 362 omnibus;
949 324 1070 357 omnia
1093 330 1176 356 tunc

180 375 385 419 concipiunt
407 373 596 409 humorem
626 389 667 409 ex
692 376 760 409 illis
785 376 924 409 blandis
949 375 1115 408 vitalibus
1144 380 1177 406 et

182 426 345 460 iucundis
362 425 544 460 halitibus.

284 477 345 511 Vs.
372 479 458 512 333.
512 479 668 522 Credere]
707 478 743 509 id
779 483 848 517 est,
894 476 1057 520 gramina
1094 482 1177 509 tunc

183 536 355 563 crescunt.
1204 517 1206 524 ¹

284 581 343 614 Vs.
360 581 446 614 338.
492 582 557 613 Ver
586 580 670 613 illud
700 581 790 624 erut]
833 579 869 611 id
902 585 971 618 est,
1017 590 1078 611 ver
1113 571 1207 611 suit]

183 633 398 677 principium
417 631 554 665 mundi.
603 629 643 663 Iu
660 643 742 664 vere
761 632 915 664 mundus
933 636 984 663 est
1002 629 1179 669 conditus,
1206 663 1207 679 χ

183 685 218 716 id
238 685 334 729 quod
353 696 475 716 verum
495 695 567 716 esse
584 688 722 721 statim,
752 683 833 727 quia
852 680 920 714 hoc
939 681 1113 726 probatur
1139 693 1180 713 ex
1206 683 1207 695 ¹

183 736 266 779 ipsis
292 747 470 767 annorum
498 734 840 778 computationibus.
900 733 947 765 Et
963 732 1119 765 Hebraei
1147 738 1181 764 et
1206 729 1208 763 ἰ

181 787 348 831 Aegyptii
375 786 516 819 initium
546 786 672 819 mundi
694 786 731 818 in
754 798 837 818 vere
863 784 1104 823 constituunt,
1148 789 1180 815 et

184 850 318 871 annum
343 835 515 871 inchoant
540 837 576 869 in
605 850 708 877 vere,
746 838 827 882 quia
854 837 1081 869 retinuerunt
1110 834 1181 878 pri-

183 903 282 923 mum
307 902 466 929 morem,
495 890 676 933 inceptum
701 901 718 921 a
748 889 929 933 patribus,
966 900 1029 920 nec
1053 899 1181 919 conve-

183 941 279 974 niret
311 941 539 986 supputatio,
580 940 649 973 nisi
683 940 825 973 initium
863 940 949 972 anni
980 944 1182 972 sumeretur

185 1006 203 1027 a
234 1005 328 1027 vere.

287 1044 348 1080 Vs.
373 1043 459 1077 339.
514 1043 703 1088 Hybernz's]
743 1040 897 1075 Pulchra
939 1041 1181 1086 amplificatio.

191 1097 391 1140 Pecreebccnt]
421 1096 456 1127 id
474 1101 543 1132 est,
572 1107 646 1130 non
666 1095 851 1139 spirabant
871 1094 966 1127 venti
984 1092 1148 1139 hyberni,
1210 1092 1211 1124 ἱ

289 1148 349 1182 Vs.
366 1146 451 1181 343.
496 1149 568 1180 Nec
592 1148 662 1192 res]
698 1144 851 1180 Pulchra
879 1145 1109 1190 amplificatio
1140 1144 1183 1177 ab
1210 1140 1212 1188 ¹

186 1201 359 1241 utilitate,
388 1205 422 1232 et
438 1199 599 1244 loquitur
620 1201 662 1231 de
691 1199 828 1244 quiete,
865 1198 964 1232 cuius
990 1204 1082 1230 certe
1108 1209 1184 1229 ma-
1210 1201 1212 1243 <¹

188 1253 304 1285 ximae
323 1257 405 1285 sunt
421 1251 602 1284 utilitates.
656 1250 760 1284 Nulla
780 1263 835 1284 res
851 1257 922 1291 est,
952 1262 1042 1296 quae
1067 1254 1185 1294 posset
1211 1247 1213 1285 ἶ

188 1305 281 1337 serre
300 1308 510 1347 perpetuam
535 1302 767 1346 agitationem
794 1309 940 1347 excepto
968 1303 1077 1336 coelo.
1141 1301 1187 1335 Et
1213 1300 1214 1327 i

189 1355 317 1388 videtis
331 1353 496 1388 homines
514 1355 707 1387 maximam
728 1354 821 1387 vitae
840 1359 978 1398 partem
998 1355 1186 1397 vdormien-
1213 1364 1215 1390 ι

190 1414 241 1441 tes
258 1419 381 1450 agere,
410 1406 445 1438 id
465 1407 561 1451 quod
582 1406 618 1438 in
636 1407 755 1450 pueris
775 1413 808 1439 et
825 1407 968 1439 senibus
994 1406 1186 1450 praecipue

190 1459 312 1491 videre
335 1459 427 1491 licet.
482 1458 555 1491 Aut
571 1464 664 1490 certe
687 1458 715 1492 si
743 1455 810 1490 hoc
836 1470 910 1491 non
936 1458 1091 1498 faciunt,
1126 1457 1188 1490 diu

190 1523 265 1543 non
280 1510 427 1549 vivunt,
457 1511 555 1555 quod
572 1510 688 1554 ipsum
717 1510 823 1542 etiam
851 1516 902 1544 est
926 1509 1067 1553 signum
1097 1509 1187 1542 aliae

192 1568 358 1595 aeternae
380 1562 494 1601 vitae,
523 1568 557 1594 et
576 1562 651 1606 ipse
677 1574 824 1595 somnus
849 1568 899 1595 est
926 1561 1046 1605 imago
1071 1573 1189 1594 resur-

192 1613 380 1653 rectionis,
417 1619 449 1645 et
465 1614 626 1656 profecto
645 1611 753 1646 habet
770 1613 901 1646 multas
918 1613 1108 1652 utilitates,
1136 1612 1189 1645 iu-

192 1671 253 1697 vat
275 1664 566 1705 concoctionem,
603 1666 663 1697 dat
688 1664 843 1710 quietem
872 1664 1018 1697 cerebro
1049 1671 1081 1696 ct
1111 1664 1189 1697 ali1s

192 1716 374 1750 membris.
410 1715 497 1748 Item
515 1716 552 1748 in
570 1728 698 1749 somno
717 1716 912 1759 gignuntur
929 1715 1086 1759 spiritus.
1120 1715 1189 1748 Re-
1216 1726 1217 1730 ¹

192 1774 342 1801 vocatur
361 1767 455 1799 enim
473 1767 570 1800 calor
589 1769 633 1799 ad
650 1767 823 1799 interiora
841 1767 973 1811 duplici
1001 1768 1044 1799 de
1073 1778 1189 1805 causa,

191 1826 232 1853 ut
264 1819 409 1852 adiuvet
439 1819 533 1852 intus
566 1818 864 1862 gubernationem
898 1819 1111 1863 spirituum,
1157 1825 1190 1851 et

194 1872 365 1904 concedat
381 1870 479 1904 sessis
497 1870 667 1904 membris
683 1870 851 1916 quietem.
957 1872 1024 1904 Res
1037 1872 1189 1912 tenerae]
1217 1905 1218 1909 ,

194 1923 230 1956 id
249 1929 317 1963 est,
342 1935 466 1957 omnes
483 1935 539 1956 res
556 1929 752 1956 nascentes.

296 1975 357 2010 Vs.
376 1974 463 2010 346.
493 1976 587 2016 Quod
612 1976 778 2020 superest]
806 1973 995 2007 Decimum
1021 1980 1189 2019 quartum
1217 1975 1218 1981 ¹

197 2028 239 2061 ‹le
257 2028 527 2061 stercoratione.
1217 2015 1219 2030 ¹

299 2078 359 2113 Vs.
377 2079 463 2113 348.
492 2081 562 2113 Aut
587 2079 730 2121 lapidem
753 2078 916 2122 bibulum]
942 2076 1075 2121 Lapilli
1099 2077 1191 2110 inse-
1218 2075 1219 2096 ¹

198 2138 326 2165 runtur
342 2131 377 2164 in
396 2132 556 2171 scrobes,
585 2137 624 2163 ut
642 2135 786 2162 maneat
804 2129 907 2175 quasi
925 2129 1059 2162 cavitas
1084 2140 1191 2174 quae·
1217 2128 1220 2174 Q

198 2185 301 2224 dam,
341 2189 379 2216 ut
415 2183 540 2216 melius
576 2182 687 2225 possit
722 2182 909 2226 concipere
945 2178 1096 2214 haiitum
1131 2180 1191 2213 illa

198 2235 371 2280 plantula.
424 2233 511 2267 Item
528 2233 578 2265 illi
597 2233 709 2277 lapilli
726 2240 849 2266 arcent
865 2232 1038 2277 pluviam.

302 2286 361 2321 Vs.
380 2284 466 2320 350.
503 2286 647 2329 Tollent]
683 2285 718 2317 id
743 2291 813 2325 est,
849 2285 1069 2329 spiramenta
1096 2296 1192 2317 acce-

201 2340 309 2379 dunt,
354 2345 388 2371 et
411 2338 583 2371 adiuvant
607 2343 810 2369 nascentem
844 2337 1064 2380 plantulam,
1108 2335 1191 2381 quia
1219 2345 1221 2365 1

203 2391 319 2424 omnis
338 2403 393 2424 res
412 2390 520 2422 alitur
537 2387 663 2433 spiritu
684 2401 745 2421 seu
768 2385 894 2422 halitu.
962 2388 1060 2422 Sicut
1086 2388 1192 2420 etiam

203 2443 379 2476 innostro
399 2453 549 2486 corpore
572 2438 717 2483 spiritus
743 2439 860 2473 vitalis
885 2447 937 2474 est
964 2440 1110 2486 quidam
1134 2452 1193 2472 va-
1220 2435 1222 2467 ¹

202 2506 269 2538 por
284 2506 345 2527 seu
360 2493 561 2530 ssainmula;
601 2490 660 2523 illa
688 2490 796 2523 currit
823 2503 886 2534 per
911 2498 1025 2525 totum
1054 2503 1194 2536 corpus,

204 2545 330 2586 alitur,
357 2542 784 2586 sustentatursanguine,
812 2542 902 2575 sicut
924 2543 1106 2576 flammula
1132 2542 1194 2576 ali-

205 2602 262 2629 tur
277 2608 355 2629 cera
374 2603 407 2629 et
425 2596 521 2629 oleo:
558 2594 607 2628 sic
630 2594 667 2625 in
692 2593 861 2637 plantulis
885 2600 936 2627 est
959 2592 1089 2628 halitus
1118 2594 1195 2639 qui-

205 2648 307 2686 dam;
347 2647 404 2679 ille
429 2647 524 2692 rapit
550 2658 591 2679 ex
614 2652 707 2678 terra
735 2642 946 2686 humorem,
991 2658 1062 2691 quo
1088 2646 1195 2679 alitur

207 2706 272 2735 etc.
340 2698 471 2731 Omnia
497 2696 678 2731 nascentia
705 2701 869 2730 constant
894 2709 934 2730 ex
962 2697 1030 2732 illis
1058 2698 1195 2731 duabus
1222 2691 1223 2712 ¹

754 84 877 119 PHIL.
916 84 1027 118 MEL.
1063 82 1267 118 SCRIPTA
1303 81 1640 119 PHILOLOGICA.

1214 1538 1216 1560 1
1242 1513 1406 1555 Baccho,
1442 1516 1526 1561 quia
1553 1522 1659 1549 nocet
1684 1515 1825 1548 vitibus.

2149 80 2224 116 392

1231 172 1355 205 rebus:
1387 171 1499 203 calido
1518 177 1551 204 et
1567 169 1726 204 h11111idO.
1782 169 1947 203 Calidum
1962 196 1970 210 ‚
2000 176 2050 203 est
2074 169 2132 201 ille
2155 167 2225 212 spi-

1231 224 1341 261 ritus,
1371 223 1430 268 qni
1451 228 1501 253 cst
1519 219 1751 261 architectus,
1779 219 1966 254 humidum
1993 228 2044 255 est
2062 219 2225 253 materia.

1231 274 1334 317 Sata]
1367 273 1401 304 id
1419 278 1489 309 est,
1517 273 1710 315 plantulae.

1335 323 1394 357 Vs.
1413 321 1501 356 353.
1529 325 1668 369 Hiulca]
1697 325 1729 357 id
1752 331 1822 364 cst,
1854 323 1955 367 lapis.
2008 321 2091 357 Non
2109 322 2226 355 solum

1233 381 1328 409 arcet
1344 375 1498 413 imbres,
1527 377 1586 408 sed
1606 376 1643 407 in
1672 389 1802 419 magno
1829 382 1929 408 aestu
1956 374 2040 406 facit
2060 374 2227 406 umbram

1233 427 1413 472 quandam
1427 453 1436 465 ,
1464 438 1508 458 ne
1528 427 1585 458 illa
1605 432 1698 458 terra
1716 433 1862 459 arescat.

1338 477 1396 510 Vs.
1416 475 1502 510 354.
1531 478 1743 518 Seminibus]
1770 476 1957 509 Decimum
1979 475 2158 521 quintum.

1334 528 1395 562 Vs.
1415 527 1500 562 359.
1528 530 1719 575 Parcasque
1736 529 1902 574 bicornes]
1931 529 1965 561 id
1989 533 2060 566 est,
2088 530 2230 570 postea-

1234 593 1341 627 quam
1362 586 1552 613 creverunt
1573 581 1677 624 vites,
1713 585 1747 612 et
1770 581 1858 613 aliae
1885 579 2068 624 plantulae
2093 582 2229 610 erectae

1206 653 1207 657 =
1233 639 1347 672 stant,
1374 638 1458 664 tunc
1473 644 1655 676 supponas
1671 631 1796 664 fulcra.

1338 684 1397 718 Vs.
1415 685 1500 718 361.
1542 681 1724 731 Tabulata]
1754 684 1789 716 id
1817 688 1886 722 est,
1920 688 1960 715 ut
1985 681 2066 715 vitis
2091 692 2230 713 annexa

1235 738 1341 771 ulmis
1359 738 1527 770 ascendat
1544 742 1717 780 tanquam
1736 734 1948 768 tabulatum.
2047 731 2230 774 Tabulata]

1236 790 1271 822 id
1288 795 1358 827 est,
1386 800 1496 821 nexus
1515 787 1604 820 illos.

1342 839 1398 874 Vs.
1417 838 1502 873 365.
1529 841 1598 873 Sed
1615 839 1725 883 uncis]
1754 838 1789 871 id
1807 844 1870 877 est,
1894 836 2050 881 primum
2065 848 2141 870 non
2157 832 2232 866 lau-

1236 894 1300 926 das
1315 893 1432 931 ferro,
1467 892 1528 924 sed
1553 891 1731 934 unguibus
1754 891 1941 933 decerpas,
1976 888 2005 922 si
2030 888 2117 934 quid
2139 899 2232 921 rese-

1238 945 1395 978 candum
1418 943 1496 976 erit.

1340 994 1400 1028 Vs.
1422 994 1508 1028 366.
1537 993 1728 1037 Leyemlae]
1757 992 1790 1025 id
1809 998 1878 1033 est,
1904 992 2147 1036 decerpendae
2171 1003 2234 1036 per

1210 1065 1211 1071 1
1237 1049 1343 1082 vices.

1342 1097 1400 1131 Vs.
1422 1098 1507 1131 371.
1540 1099 1721 1131 Texendae
1742 1098 1849 1141 sepes]
1878 1096 2063 1130 Decimum
2083 1102 2234 1130 sextum.

1340 1149 1400 1184 VS.
1419 1150 1505 1184 372.
1534 1151 1642 1183 Frons
1656 1149 1788 1191 tenera]
1818 1148 1850 1180 id
1872 1154 1940 1187 est,
1969 1148 2050 1181 vitis
2066 1155 2203 1180 tenera.

1342 1202 1402 1235 Vs.
1419 1201 1505 1235 374.
1532 1201 1722 1244 Sylvestres
1742 1199 1814 1243 uri]
1833 1199 1869 1231 in
1887 1210 2015 1242 genere
2033 1211 2098 1243 pro
2118 1196 2233 1230 omni-

1239 1256 1304 1288 bus
1326 1253 1408 1287 seris
1430 1253 1549 1287 sumit.

1343 1305 1421 1339 Vss.
1440 1305 1514 1340 378
1533 1317 1584 1349 sq.
1626 1306 1794 1337 Venenum
1815 1303 1940 1346 dentis]
1977 1302 2058 1346 quia
2085 1300 2172 1334 vites
2201 1306 2234 1333 et

1242 1358 1427 1404 plantulae
1451 1362 1607 1390 uruntur
1632 1365 1755 1389 morsu
1779 1355 1960 1391 dentium,
1994 1353 2085 1389 Sicut
2106 1362 2234 1396 caprae

1241 1424 1306 1445 suo
1327 1423 1448 1445 morsu
1469 1418 1578 1445 urunt
1595 1411 1694 1445 vites.

1345 1463 1404 1497 Vs.
1424 1464 1510 1498 380.
1538 1464 1671 1498 Baccho
1688 1462 1802 1507 caper]
1830 1462 1914 1496 Ideo
1935 1473 2041 1506 caper
2057 1467 2234 1495 mactatur

1895 1513 2028 1547 Dicunt
2051 1511 2235 1546 Bacchum

1242 1566 1348 1601 fuisse
1368 1565 1583 1600 Thebanum
1602 1567 1820 1612 principem,
1849 1566 1910 1610 qui
1926 1565 2106 1597 invenerit
2126 1564 2237 1597 ratio-

1243 1631 1326 1652 nem
1344 1619 1485 1652 colendi
1501 1619 1644 1657 vineas,
1669 1619 1760 1652 sicut
1777 1618 1870 1661 apud
1887 1628 1953 1649 nos
1967 1616 2157 1649 coluerunt
2167 1614 2239 1648 Ur-

1242 1671 1376 1704 banum
1396 1683 1462 1714 pro
1482 1670 1680 1703 commodis
1698 1667 1987 1713 tempestatibus,
2021 1673 2056 1700 et
2078 1666 2153 1700 vidi
2175 1666 2242 1699 ali-

1216 1739 1217 1744 =
1244 1722 1390 1766 quando
1425 1721 1646 1754 circumferri
1678 1727 1832 1754 statuam
1857 1719 1998 1752 Urbani
2026 1730 2046 1752 a
2079 1717 2240 1756 rusticis;

1245 1785 1324 1806 cmn
1345 1780 1462 1806 autem
1479 1773 1597 1807 subito
1617 1773 1772 1805 oriretur
1788 1783 1917 1815 magna
1933 1777 2137 1816 tempestas,
2155 1782 2241 1815 pro-

1244 1825 1404 1858 iecerunt
1418 1825 1455 1858 in
1471 1825 1616 1869 paludes
1633 1826 1749 1869 ipsum
1768 1823 1969 1857 Urbanum.

1346 1876 1406 1911 Vs.
1426 1877 1512 1912 382.
1542 1876 1781 1923 Praemiaque]
1808 1875 1842 1907 id
1861 1881 1929 1915 est,
1956 1885 2116 1917 caprum.
2153 1871 2239 1905 Inde

1217 1920 1218 1926 ¹
1246 1928 1351 1961 etiam
1371 1929 1501 1962 dicitur
1526 1928 1731 1973 tragoedia,
1767 1927 1899 1960 scilicet
1925 1926 1970 1959 ab
1996 1923 2117 1966 hirco,
2153 1925 2238 1971 quia

1739 1979 1934 2013 Comoedia
1962 1978 2092 2011 dicitur
2121 1989 2138 2010 a
2165 1973 2246 2012 κιόι

1217 2038 1218 2043 ’
1244 2046 1295 2079 μη
1306 2032 1373 2080 36),
1402 2033 1521 2072 idest,
1550 2033 1689 2076 platea,
1719 2030 1801 2076 quia
1820 2030 1857 2064 in
1877 2030 2019 2075 publico
2044 2036 2079 2063 et
2100 2029 2139 2062 in
2155 2041 2240 2062 con-

1246 1979 1364 2015 hircus
1382 1981 1449 2014 suit
1471 1981 1684 2025 praemium.

1217 2113 1220 2122 ,
1245 2085 1349 2118 viviis
1365 2082 1400 2117 hi
1418 2084 1493 2117 ludi
1510 2084 1677 2116 celebrati
1693 2089 1787 2116 sunt.

1348 2136 1408 2169 Vs.
1427 2136 1512 2170 383.
1542 2135 1736 2179 Theseidae]
1766 2134 1801 2168 id
1816 2141 1886 2174 est,
1913 2131 2091 2168 Thebani.

1350 2187 1409 2221 Vs.
1435 2187 1521 2221 387.
1565 2188 1767 2232 corticibus]
1808 2187 1843 2219 id
1877 2192 1947 2226 est,
1987 2190 2134 2219 sumunt
2160 2194 2240 2228 per-

1218 2231 1220 2238 ¹
1247 2251 1364 2274 sonas.

1349 2290 1409 2324 Ns.
1431 2290 1516 2325 389.
1546 2292 1687 2337 Oscilla]
1725 2290 1759 2323 id
1787 2295 1856 2330 est,
1892 2299 2082 2334 personas,
2109 2287 2239 2326 larvas,

1247 2343 1503 2387 imagunculas.

1351 2393 1409 2428 Vs.
1429 2393 1515 2428 394.
1543 2395 1647 2437 Liba]
1676 2393 1799 2433 idest,
1834 2393 2026 2437 placentas.

1352 2455 1410 2489 Vs.
1429 2455 1514 2489 396.
1545 2452 1717 2502 Cultu-nis]
1743 2466 1761 2486 a
1794 2453 1939 2498 Corylo.

1352 2515 1412 2549 Vs.
1429 2515 1514 2549 397.
1545 2517 1604 2549 Est
1620 2514 1737 2559 etiam]
1765 2512 1952 2545 Decimum
1980 2510 2170 2554 septimum
2197 2509 2240 2542 de

1249 2566 1426 2601 fodiendis
1446 2567 1570 2601 xineis.

1284 2713 1332 2742 36)
1352 2711 1444 2746 κώμῃ]
1465 2713 1505 2737 sie
1525 2711 1638 2742 scrips13
1674 2710 1720 2734 Ed.
1740 2709 1811 2733 15⁴⁴.
1832 2707 1924 2739 κῶμος
1943 2706 2072 2739 [κῶμος]
