<?xml version="1.0" encoding="UTF-8"?>
<!DOCTYPE html PUBLIC "-//W3C//DTD XHTML 1.0 Transitional//EN"
    "http://www.w3.org/TR/xhtml1/DTD/xhtml1-transitional.dtd">
<html xmlns="http://www.w3.org/1999/xhtml" xml:lang="en" lang="en">
 <head>
  <title>
</title>
<meta http-equiv="Content-Type" content="text/html;charset=utf-8" />
  <meta name='ocr-system' content='tesseract 3.04.00' />
  <meta name='ocr-capabilities' content='ocr_page ocr_carea ocr_par ocr_line ocrx_word'/>
</head>
<body>
  <div class='ocr_page' id='page_1' title='image "./operaquaesupersu19melauoft_0274.png"; bbox 0 0 2341 2973; ppageno 0'>
   <div class='ocr_carea' id='block_1_1' title="bbox 207 125 282 163">
    <p class='ocr_par' dir='ltr' id='par_1_1' title="bbox 207 125 282 163">
     <span class='ocr_line' id='line_1_1' title="bbox 207 125 282 163; baseline -0.027 0"><span class='ocrx_word' id='word_1_1' title='bbox 207 125 282 163; x_wconf 79' lang='lat'><strong>523</strong></span> 
     </span>
    </p>
   </div>
   <div class='ocr_carea' id='block_1_2' title="bbox 205 194 1204 566">
    <p class='ocr_par' dir='ltr' id='par_1_2' title="bbox 205 194 1204 566">
     <span class='ocr_line' id='line_1_2' title="bbox 210 194 1203 259; baseline -0.023 -12"><span class='ocrx_word' id='word_1_2' title='bbox 210 224 302 259; x_wconf 85' lang='lat' dir='ltr'><strong>quae</strong></span> <span class='ocrx_word' id='word_1_3' title='bbox 320 221 395 243; x_wconf 91' lang='lat' dir='ltr'><strong>non</strong></span> <span class='ocrx_word' id='word_1_4' title='bbox 412 211 494 241; x_wconf 90' lang='lat' dir='ltr'><strong>sunt</strong></span> <span class='ocrx_word' id='word_1_5' title='bbox 509 203 565 238; x_wconf 91' lang='lat' dir='ltr'><strong>his</strong></span> <span class='ocrx_word' id='word_1_6' title='bbox 582 201 668 247; x_wconf 86' lang='lat' dir='ltr'><strong>ipsis</strong></span> <span class='ocrx_word' id='word_1_7' title='bbox 686 199 787 234; x_wconf 89' lang='lat' dir='ltr'><strong>utilia</strong></span> <span class='ocrx_word' id='word_1_8' title='bbox 799 225 810 240; x_wconf 94' lang='lat'><strong>,</strong></span> <span class='ocrx_word' id='word_1_9' title='bbox 836 198 965 244; x_wconf 92' lang='lat' dir='ltr'><strong>quibus</strong></span> <span class='ocrx_word' id='word_1_10' title='bbox 984 194 1203 239; x_wconf 86' lang='lat' dir='ltr'><strong>promittun-</strong></span> 
     </span>
     <span class='ocr_line' id='line_1_3' title="bbox 206 244 1203 298; baseline -0.022 0"><span class='ocrx_word' id='word_1_11' title='bbox 206 271 283 298; x_wconf 89' lang='lat' dir='ltr'><strong>tur:</strong></span> <span class='ocrx_word' id='word_1_12' title='bbox 317 261 417 295; x_wconf 89' lang='lat' dir='ltr'><strong>cuius</strong></span> <span class='ocrx_word' id='word_1_13' title='bbox 438 257 507 291; x_wconf 88' lang='lat' dir='ltr'><strong>loci</strong></span> <span class='ocrx_word' id='word_1_14' title='bbox 530 262 565 289; x_wconf 91' lang='lat' dir='ltr'><strong>et</strong></span> <span class='ocrx_word' id='word_1_15' title='bbox 581 255 706 289; x_wconf 90' lang='lat' dir='ltr'><strong>Cicero</strong></span> <span class='ocrx_word' id='word_1_16' title='bbox 731 250 895 285; x_wconf 82' lang='lat' dir='ltr'><strong>meminit</strong></span> <span class='ocrx_word' id='word_1_17' title='bbox 918 248 978 281; x_wconf 86' lang='lat' dir='ltr'><strong>lib.</strong></span> <span class='ocrx_word' id='word_1_18' title='bbox 996 247 1031 280; x_wconf 84' lang='lat'><strong>3.</strong></span> <span class='ocrx_word' id='word_1_19' title='bbox 1057 244 1203 278; x_wconf 85' lang='lat' dir='ltr'><strong>Officio-</strong></span> 
     </span>
     <span class='ocr_line' id='line_1_4' title="bbox 206 298 1202 357; baseline -0.022 -7"><span class='ocrx_word' id='word_1_20' title='bbox 206 328 287 350; x_wconf 90' lang='lat' dir='ltr'><strong>rum</strong></span> <span class='ocrx_word' id='word_1_21' title='bbox 304 313 334 332; x_wconf 74' lang='lat'><strong>⁴⁵</strong></span> <span class='ocrx_word' id='word_1_22' title='bbox 343 312 372 357; x_wconf 76' lang='lat' dir='ltr'><strong>a)</strong></span> <span class='ocrx_word' id='word_1_23' title='bbox 395 309 451 345; x_wconf 87' lang='lat' dir='ltr'><strong>his</strong></span> <span class='ocrx_word' id='word_1_24' title='bbox 478 307 616 341; x_wconf 83' lang='lat' dir='ltr'><strong>verbis:</strong></span> <span class='ocrx_word' id='word_1_25' title='bbox 652 304 712 339; x_wconf 88' lang='lat' dir='ltr'><strong>Sol</strong></span> <span class='ocrx_word' id='word_1_26' title='bbox 729 299 950 336; x_wconf 79' lang='lat' dir='ltr'>Phaethonti</span> <span class='ocrx_word' id='word_1_27' title='bbox 969 310 1004 332; x_wconf 89' lang='lat' dir='ltr'><strong>se</strong></span> <span class='ocrx_word' id='word_1_28' title='bbox 1022 298 1202 331; x_wconf 85' lang='lat' dir='ltr'><strong>facturum</strong></span> 
     </span>
     <span class='ocr_line' id='line_1_5' title="bbox 206 347 1204 407; baseline -0.022 -6"><span class='ocrx_word' id='word_1_29' title='bbox 206 379 280 401; x_wconf 88' lang='lat' dir='ltr'><strong>esse</strong></span> <span class='ocrx_word' id='word_1_30' title='bbox 302 363 413 403; x_wconf 85' lang='lat' dir='ltr'><strong>dixit,</strong></span> <span class='ocrx_word' id='word_1_31' title='bbox 457 359 629 407; x_wconf 87' lang='lat' dir='ltr'><strong>quicquid</strong></span> <span class='ocrx_word' id='word_1_32' title='bbox 652 360 818 400; x_wconf 89' lang='lat' dir='ltr'><strong>optasset.</strong></span> <span class='ocrx_word' id='word_1_33' title='bbox 895 349 1066 395; x_wconf 85' lang='lat' dir='ltr'><strong>Optavit,</strong></span> <span class='ocrx_word' id='word_1_34' title='bbox 1102 354 1142 381; x_wconf 89' lang='lat' dir='ltr'><strong>ut</strong></span> <span class='ocrx_word' id='word_1_35' title='bbox 1166 347 1204 380; x_wconf 88' lang='lat' dir='ltr'><strong>in</strong></span> 
     </span>
     <span class='ocr_line' id='line_1_6' title="bbox 207 398 1203 459; baseline -0.022 -7"><span class='ocrx_word' id='word_1_36' title='bbox 207 429 351 452; x_wconf 89' lang='lat' dir='ltr'><strong>currum</strong></span> <span class='ocrx_word' id='word_1_37' title='bbox 372 413 486 459; x_wconf 87' lang='lat' dir='ltr'><strong>patris</strong></span> <span class='ocrx_word' id='word_1_38' title='bbox 502 412 705 445; x_wconf 90' lang='lat' dir='ltr'><strong>tolleretur;</strong></span> <span class='ocrx_word' id='word_1_39' title='bbox 733 406 892 440; x_wconf 84' lang='lat' dir='ltr'><strong>sublatus</strong></span> <span class='ocrx_word' id='word_1_40' title='bbox 918 408 990 441; x_wconf 86' lang='lat' dir='ltr'><strong>est,</strong></span> <span class='ocrx_word' id='word_1_41' title='bbox 1019 407 1125 445; x_wconf 90' lang='lat' dir='ltr'><strong>atque</strong></span> <span class='ocrx_word' id='word_1_42' title='bbox 1150 398 1203 431; x_wconf 89' lang='lat' dir='ltr'><strong>in-</strong></span> 
     </span>
     <span class='ocr_line' id='line_1_7' title="bbox 205 450 1204 510; baseline -0.023 -6"><span class='ocrx_word' id='word_1_43' title='bbox 205 481 332 508; x_wconf 88' lang='lat' dir='ltr'><strong>sanus,</strong></span> <span class='ocrx_word' id='word_1_44' title='bbox 359 473 552 510; x_wconf 84' lang='lat' dir='ltr'><strong>antequam</strong></span> <span class='ocrx_word' id='word_1_45' title='bbox 583 458 760 497; x_wconf 88' lang='lat' dir='ltr'><strong>constitit,</strong></span> <span class='ocrx_word' id='word_1_46' title='bbox 795 457 866 489; x_wconf 88' lang='lat' dir='ltr'><strong>ictu</strong></span> <span class='ocrx_word' id='word_1_47' title='bbox 889 452 1049 487; x_wconf 82' lang='lat' dir='ltr'>fulminis</span> <span class='ocrx_word' id='word_1_48' title='bbox 1073 450 1204 484; x_wconf 85' lang='lat' dir='ltr'><strong>confla-</strong></span> 
     </span>
     <span class='ocr_line' id='line_1_8' title="bbox 205 502 1202 566; baseline -0.021 -11"><span class='ocrx_word' id='word_1_49' title='bbox 205 520 333 566; x_wconf 78' lang='lat' dir='ltr'>gravit.</span> <span class='ocrx_word' id='word_1_50' title='bbox 387 518 533 562; x_wconf 83' lang='lat' dir='ltr'><strong>Quanto</strong></span> <span class='ocrx_word' id='word_1_51' title='bbox 554 512 679 546; x_wconf 88' lang='lat' dir='ltr'><strong>melius</strong></span> <span class='ocrx_word' id='word_1_52' title='bbox 696 510 813 542; x_wconf 80' lang='lat' dir='ltr'><strong>fuerat</strong></span> <span class='ocrx_word' id='word_1_53' title='bbox 834 507 872 540; x_wconf 90' lang='lat' dir='ltr'><strong>in</strong></span> <span class='ocrx_word' id='word_1_54' title='bbox 897 504 966 539; x_wconf 88' lang='lat' dir='ltr'><strong>hoc</strong></span> <span class='ocrx_word' id='word_1_55' title='bbox 986 502 1202 549; x_wconf 86' lang='lat' dir='ltr'><strong>promissum</strong></span> 
     </span>
    </p>
   </div>
   <div class='ocr_carea' id='block_1_3' title="bbox 205 561 720 618">
    <p class='ocr_par' dir='ltr' id='par_1_3' title="bbox 205 561 720 618">
     <span class='ocr_line' id='line_1_9' title="bbox 205 561 720 618; baseline -0.029 -11"><span class='ocrx_word' id='word_1_56' title='bbox 205 572 317 618; x_wconf 88' lang='lat' dir='ltr'><strong>patris</strong></span> <span class='ocrx_word' id='word_1_57' title='bbox 335 582 408 603; x_wconf 89' lang='lat' dir='ltr'><strong>non</strong></span> <span class='ocrx_word' id='word_1_58' title='bbox 427 579 500 601; x_wconf 87' lang='lat' dir='ltr'><strong>esse</strong></span> <span class='ocrx_word' id='word_1_59' title='bbox 517 569 698 599; x_wconf 87' lang='lat' dir='ltr'><strong>servatum</strong></span> <span class='ocrx_word' id='word_1_60' title='bbox 715 561 720 593; x_wconf 87' lang='lat'>!</span> 
     </span>
    </p>
   </div>
   <div class='ocr_carea' id='block_1_4' title="bbox 372 649 1029 705">
    <p class='ocr_par' dir='ltr' id='par_1_4' title="bbox 372 649 1029 705">
     <span class='ocr_line' id='line_1_10' title="bbox 372 649 1029 705; baseline -0.02 -11"><span class='ocrx_word' id='word_1_61' title='bbox 372 656 678 705; x_wconf 69' lang='lat' dir='ltr'>Epitaphium</span> <span class='ocrx_word' id='word_1_62' title='bbox 706 649 1029 686; x_wconf 84' lang='lat' dir='ltr'><strong>Phaethontis.</strong></span> 
     </span>
    </p>
   </div>
   <div class='ocr_carea' id='block_1_5' title="bbox 258 720 1205 877">
    <p class='ocr_par' dir='ltr' id='par_1_5' title="bbox 258 720 1205 877">
     <span class='ocr_line' id='line_1_11' title="bbox 258 720 1205 773; baseline -0.015 -10"><span class='ocrx_word' id='word_1_63' title='bbox 258 731 337 765; x_wconf 73' lang='lat' dir='ltr'><strong>Vss.</strong></span> <span class='ocrx_word' id='word_1_64' title='bbox 361 729 436 764; x_wconf 76' lang='lat'><strong>327</strong></span> <span class='ocrx_word' id='word_1_65' title='bbox 461 741 513 773; x_wconf 86' lang='lat' dir='ltr'><strong>sq.</strong></span> <span class='ocrx_word' id='word_1_66' title='bbox 552 727 620 760; x_wconf 72' lang='lat' dir='ltr'><strong>Hic</strong></span> <span class='ocrx_word' id='word_1_67' title='bbox 647 725 734 757; x_wconf 76' lang='lat' dir='ltr'><strong>situs</strong></span> <span class='ocrx_word' id='word_1_68' title='bbox 761 726 811 755; x_wconf 74' lang='lat' dir='ltr'><strong>est</strong></span> <span class='ocrx_word' id='word_1_69' title='bbox 842 720 1042 757; x_wconf 71' lang='lat' dir='ltr'><strong>Phaethon,</strong></span> <span class='ocrx_word' id='word_1_70' title='bbox 1084 728 1205 749; x_wconf 79' lang='lat' dir='ltr'><strong>currus</strong></span> 
     </span>
     <span class='ocr_line' id='line_1_12' title="bbox 622 773 918 818; baseline -0.02 -9"><span class='ocrx_word' id='word_1_71' title='bbox 622 777 744 818; x_wconf 74' lang='lat' dir='ltr'><strong>‹mriya</strong></span> <span class='ocrx_word' id='word_1_72' title='bbox 762 773 918 817; x_wconf 70' lang='lat' dir='ltr'><strong>paterni,</strong></span> 
     </span>
     <span class='ocr_line' id='line_1_13' title="bbox 258 819 1191 877; baseline -0.019 -9"><span class='ocrx_word' id='word_1_73' title='bbox 258 836 361 877; x_wconf 80' lang='lat' dir='ltr'><strong>Quem</strong></span> <span class='ocrx_word' id='word_1_74' title='bbox 378 835 408 866; x_wconf 66' lang='grc' dir='ltr'><strong>εἰ</strong></span> <span class='ocrx_word' id='word_1_75' title='bbox 429 843 494 864; x_wconf 79' lang='lat' dir='ltr'><strong>nvn</strong></span> <span class='ocrx_word' id='word_1_76' title='bbox 511 830 637 868; x_wconf 71' lang='lat' dir='ltr'><strong>tenuit,</strong></span> <span class='ocrx_word' id='word_1_77' title='bbox 662 827 796 869; x_wconf 76' lang='lat' dir='ltr'><strong>maym&#39;s</strong></span> <span class='ocrx_word' id='word_1_78' title='bbox 811 829 921 857; x_wconf 71' lang='lat' dir='ltr'><strong>tumen</strong></span> <span class='ocrx_word' id='word_1_79' title='bbox 939 821 1069 854; x_wconf 66' lang='lat' dir='ltr'><strong>excidit</strong></span> <span class='ocrx_word' id='word_1_80' title='bbox 1084 819 1191 852; x_wconf 73' lang='lat' dir='ltr'><strong>ausis.</strong></span> 
     </span>
    </p>
   </div>
   <div class='ocr_carea' id='block_1_6' title="bbox 207 886 1213 2080">
    <p class='ocr_par' dir='ltr' id='par_1_6' title="bbox 207 886 1208 1453">
     <span class='ocr_line' id='line_1_14' title="bbox 309 886 1204 946; baseline -0.019 -11"><span class='ocrx_word' id='word_1_81' title='bbox 309 903 444 946; x_wconf 77' lang='lat' dir='ltr'><strong>Aptuin</strong></span> <span class='ocrx_word' id='word_1_82' title='bbox 462 905 497 932; x_wconf 85' lang='lat' dir='ltr'><strong>et</strong></span> <span class='ocrx_word' id='word_1_83' title='bbox 521 896 738 931; x_wconf 79' lang='lat' dir='ltr'><strong>conveniens</strong></span> <span class='ocrx_word' id='word_1_84' title='bbox 759 889 1001 937; x_wconf 69' lang='lat' dir='ltr'><strong>epitaphium,</strong></span> <span class='ocrx_word' id='word_1_85' title='bbox 1030 888 1127 933; x_wconf 89' lang='lat' dir='ltr'><strong>quod</strong></span> <span class='ocrx_word' id='word_1_86' title='bbox 1151 886 1204 918; x_wconf 91' lang='lat' dir='ltr'><strong>in-</strong></span> 
     </span>
     <span class='ocr_line' id='line_1_15' title="bbox 207 937 1203 995; baseline -0.018 -6"><span class='ocrx_word' id='word_1_87' title='bbox 207 954 383 990; x_wconf 74' lang='lat' dir='ltr'>scribatur</span> <span class='ocrx_word' id='word_1_88' title='bbox 399 946 588 995; x_wconf 90' lang='lat' dir='ltr'><strong>sepulchro</strong></span> <span class='ocrx_word' id='word_1_89' title='bbox 605 945 749 980; x_wconf 85' lang='lat' dir='ltr'><strong>audacis</strong></span> <span class='ocrx_word' id='word_1_90' title='bbox 761 957 800 977; x_wconf 87' lang='lat' dir='ltr'><strong>ac</strong></span> <span class='ocrx_word' id='word_1_91' title='bbox 819 940 1001 976; x_wconf 82' lang='lat' dir='ltr'><strong>temerarii</strong></span> <span class='ocrx_word' id='word_1_92' title='bbox 1013 937 1203 984; x_wconf 84' lang='lat' dir='ltr'><strong>principis;</strong></span> 
     </span>
     <span class='ocr_line' id='line_1_16' title="bbox 207 989 1204 1041; baseline -0.019 -1"><span class='ocrx_word' id='word_1_93' title='bbox 207 1005 295 1041; x_wconf 88' lang='lat' dir='ltr'><strong>haec</strong></span> <span class='ocrx_word' id='word_1_94' title='bbox 323 1010 375 1038; x_wconf 86' lang='lat' dir='ltr'><strong>est</strong></span> <span class='ocrx_word' id='word_1_95' title='bbox 399 1003 493 1036; x_wconf 88' lang='lat' dir='ltr'><strong>enim</strong></span> <span class='ocrx_word' id='word_1_96' title='bbox 517 1001 576 1033; x_wconf 85' lang='lat' dir='ltr'><strong>illa</strong></span> <span class='ocrx_word' id='word_1_97' title='bbox 601 997 750 1041; x_wconf 86' lang='lat' dir='ltr'><strong>insignis</strong></span> <span class='ocrx_word' id='word_1_98' title='bbox 773 996 890 1035; x_wconf 85' lang='lat' dir='ltr'><strong>sama,</strong></span> <span class='ocrx_word' id='word_1_99' title='bbox 919 1004 1027 1039; x_wconf 88' lang='lat' dir='ltr'><strong>quam</strong></span> <span class='ocrx_word' id='word_1_100' title='bbox 1053 989 1204 1035; x_wconf 86' lang='lat' dir='ltr'><strong>posteri—</strong></span> 
     </span>
     <span class='ocr_line' id='line_1_17' title="bbox 208 1049 1205 1100; baseline -0.019 -9"><span class='ocrx_word' id='word_1_101' title='bbox 208 1058 274 1091; x_wconf 89' lang='lat' dir='ltr'><strong>tati</strong></span> <span class='ocrx_word' id='word_1_102' title='bbox 287 1054 478 1100; x_wconf 79' lang='lat' dir='ltr'>relinquit,</span> <span class='ocrx_word' id='word_1_103' title='bbox 497 1062 626 1095; x_wconf 86' lang='lat' dir='ltr'>nempe</span> <span class='ocrx_word' id='word_1_104' title='bbox 645 1049 742 1094; x_wconf 90' lang='lat' dir='ltr'><strong>quod</strong></span> <span class='ocrx_word' id='word_1_105' title='bbox 758 1057 970 1090; x_wconf 82' lang='lat' dir='ltr'><strong>magnarum</strong></span> <span class='ocrx_word' id='word_1_106' title='bbox 987 1055 1109 1076; x_wconf 88' lang='lat' dir='ltr'><strong>rerum</strong></span> <span class='ocrx_word' id='word_1_107' title='bbox 1128 1053 1205 1074; x_wconf 91' lang='lat' dir='ltr'><strong>mo-</strong></span> 
     </span>
     <span class='ocr_line' id='line_1_18' title="bbox 208 1095 1205 1150; baseline -0.019 -7"><span class='ocrx_word' id='word_1_108' title='bbox 208 1110 334 1143; x_wconf 86' lang='lat' dir='ltr'><strong>litione</strong></span> <span class='ocrx_word' id='word_1_109' title='bbox 362 1116 552 1150; x_wconf 86' lang='lat' dir='ltr'><strong>oppressus</strong></span> <span class='ocrx_word' id='word_1_110' title='bbox 576 1099 765 1135; x_wconf 82' lang='lat' dir='ltr'><strong>interierit.</strong></span> <span class='ocrx_word' id='word_1_111' title='bbox 820 1097 946 1131; x_wconf 85' lang='lat' dir='ltr'><strong>Talem</strong></span> <span class='ocrx_word' id='word_1_112' title='bbox 969 1095 1061 1139; x_wconf 88' lang='lat' dir='ltr'><strong>apud</strong></span> <span class='ocrx_word' id='word_1_113' title='bbox 1086 1098 1205 1137; x_wconf 83' lang='lat' dir='ltr'><strong>poste-</strong></span> 
     </span>
     <span class='ocr_line' id='line_1_19' title="bbox 211 1143 1206 1194; baseline -0.019 0"><span class='ocrx_word' id='word_1_114' title='bbox 211 1173 272 1194; x_wconf 85' lang='lat' dir='ltr'><strong>ros</strong></span> <span class='ocrx_word' id='word_1_115' title='bbox 315 1160 448 1192; x_wconf 83' lang='lat' dir='ltr'><strong>famam</strong></span> <span class='ocrx_word' id='word_1_116' title='bbox 488 1159 697 1189; x_wconf 85' lang='lat' dir='ltr'><strong>consecutus</strong></span> <span class='ocrx_word' id='word_1_117' title='bbox 738 1156 789 1184; x_wconf 88' lang='lat' dir='ltr'><strong>est</strong></span> <span class='ocrx_word' id='word_1_118' title='bbox 821 1148 1026 1182; x_wconf 83' lang='lat' dir='ltr'><strong>Ludovicus</strong></span> <span class='ocrx_word' id='word_1_119' title='bbox 1061 1143 1206 1183; x_wconf 85' lang='lat' dir='ltr'><strong>Sfortia,</strong></span> 
     </span>
     <span class='ocr_line' id='line_1_20' title="bbox 209 1201 1205 1258; baseline -0.02 -11"><span class='ocrx_word' id='word_1_120' title='bbox 209 1212 272 1258; x_wconf 91' lang='lat' dir='ltr'><strong>qui</strong></span> <span class='ocrx_word' id='word_1_121' title='bbox 289 1211 477 1245; x_wconf 83' lang='lat' dir='ltr'>Gallorum</span> <span class='ocrx_word' id='word_1_122' title='bbox 497 1205 630 1241; x_wconf 85' lang='lat' dir='ltr'><strong>auxilio</strong></span> <span class='ocrx_word' id='word_1_123' title='bbox 651 1216 691 1237; x_wconf 87' lang='lat' dir='ltr'><strong>ac</strong></span> <span class='ocrx_word' id='word_1_124' title='bbox 709 1201 870 1248; x_wconf 81' lang='lat' dir='ltr'><strong>potentia</strong></span> <span class='ocrx_word' id='word_1_125' title='bbox 889 1201 1020 1239; x_wconf 81' lang='lat' dir='ltr'><strong>fretus,</strong></span> <span class='ocrx_word' id='word_1_126' title='bbox 1048 1209 1126 1230; x_wconf 90' lang='lat' dir='ltr'><strong>cum</strong></span> <span class='ocrx_word' id='word_1_127' title='bbox 1153 1201 1205 1228; x_wconf 87' lang='lat' dir='ltr'><strong>to-</strong></span> 
     </span>
     <span class='ocr_line' id='line_1_21' title="bbox 208 1247 1206 1304; baseline -0.019 -6"><span class='ocrx_word' id='word_1_128' title='bbox 208 1264 278 1298; x_wconf 84' lang='lat' dir='ltr'><strong>tius</strong></span> <span class='ocrx_word' id='word_1_129' title='bbox 305 1261 427 1296; x_wconf 86' lang='lat' dir='ltr'><strong>Italiae</strong></span> <span class='ocrx_word' id='word_1_130' title='bbox 456 1257 648 1304; x_wconf 89' lang='lat' dir='ltr'><strong>imperium</strong></span> <span class='ocrx_word' id='word_1_131' title='bbox 676 1255 798 1288; x_wconf 86' lang='lat' dir='ltr'><strong>animo</strong></span> <span class='ocrx_word' id='word_1_132' title='bbox 835 1251 1072 1295; x_wconf 82' lang='lat' dir='ltr'><strong>concepisset,</strong></span> <span class='ocrx_word' id='word_1_133' title='bbox 1117 1247 1206 1281; x_wconf 87' lang='lat' dir='ltr'><strong>alter</strong></span> 
     </span>
     <span class='ocr_line' id='line_1_22' title="bbox 210 1298 1208 1362; baseline -0.018 -12"><span class='ocrx_word' id='word_1_134' title='bbox 210 1314 311 1362; x_wconf 84' lang='lat' dir='ltr'><strong>quasi</strong></span> <span class='ocrx_word' id='word_1_135' title='bbox 326 1310 517 1348; x_wconf 88' lang='lat' dir='ltr'><strong>Phaethon</strong></span> <span class='ocrx_word' id='word_1_136' title='bbox 535 1307 702 1344; x_wconf 82' lang='lat' dir='ltr'><strong>excitavit</strong></span> <span class='ocrx_word' id='word_1_137' title='bbox 719 1305 803 1340; x_wconf 87' lang='lat' dir='ltr'><strong>belli</strong></span> <span class='ocrx_word' id='word_1_138' title='bbox 820 1302 1028 1338; x_wconf 84' lang='lat' dir='ltr'><strong>incendium</strong></span> <span class='ocrx_word' id='word_1_139' title='bbox 1046 1298 1208 1333; x_wconf 78' lang='lat' dir='ltr'><strong>adductis</strong></span> 
     </span>
     <span class='ocr_line' id='line_1_23' title="bbox 210 1351 1208 1406; baseline -0.018 -5"><span class='ocrx_word' id='word_1_140' title='bbox 210 1366 324 1401; x_wconf 86' lang='lat' dir='ltr'><strong>Gallis</strong></span> <span class='ocrx_word' id='word_1_141' title='bbox 356 1365 395 1398; x_wconf 89' lang='lat' dir='ltr'><strong>in</strong></span> <span class='ocrx_word' id='word_1_142' title='bbox 420 1363 583 1402; x_wconf 85' lang='lat' dir='ltr'><strong>Italiam,</strong></span> <span class='ocrx_word' id='word_1_143' title='bbox 625 1360 723 1406; x_wconf 89' lang='lat' dir='ltr'><strong>quod</strong></span> <span class='ocrx_word' id='word_1_144' title='bbox 752 1357 836 1391; x_wconf 84' lang='lat' dir='ltr'><strong>belli</strong></span> <span class='ocrx_word' id='word_1_145' title='bbox 864 1353 1069 1389; x_wconf 84' lang='lat' dir='ltr'><strong>incendium</strong></span> <span class='ocrx_word' id='word_1_146' title='bbox 1097 1351 1208 1396; x_wconf 85' lang='lat' dir='ltr'><strong>ipsius</strong></span> 
     </span>
     <span class='ocr_line' id='line_1_24' title="bbox 209 1416 610 1453; baseline -0.017 0"><span class='ocrx_word' id='word_1_147' title='bbox 209 1418 314 1453; x_wconf 88' lang='lat' dir='ltr'><strong>ruina</strong></span> <span class='ocrx_word' id='word_1_148' title='bbox 334 1416 527 1451; x_wconf 81' lang='lat' dir='ltr'><strong>extinctum</strong></span> <span class='ocrx_word' id='word_1_149' title='bbox 548 1420 610 1447; x_wconf 89' lang='lat' dir='ltr'><strong>est.</strong></span> 
     </span>
    </p>

    <p class='ocr_par' dir='ltr' id='par_1_7' title="bbox 209 1461 1213 2080">
     <span class='ocr_line' id='line_1_25' title="bbox 313 1461 1208 1514; baseline -0.017 -5"><span class='ocrx_word' id='word_1_150' title='bbox 313 1472 593 1509; x_wconf 90' lang='lat' dir='ltr'><strong>Accommodari</strong></span> <span class='ocrx_word' id='word_1_151' title='bbox 610 1470 717 1504; x_wconf 89' lang='lat' dir='ltr'><strong>etiam</strong></span> <span class='ocrx_word' id='word_1_152' title='bbox 736 1473 854 1514; x_wconf 90' lang='lat' dir='ltr'><strong>potest</strong></span> <span class='ocrx_word' id='word_1_153' title='bbox 878 1467 923 1499; x_wconf 88' lang='lat' dir='ltr'><strong>ad</strong></span> <span class='ocrx_word' id='word_1_154' title='bbox 950 1464 1129 1499; x_wconf 88' lang='lat' dir='ltr'><strong>studiosos</strong></span> <span class='ocrx_word' id='word_1_155' title='bbox 1152 1461 1208 1494; x_wconf 87' lang='lat' dir='ltr'><strong>lit-</strong></span> 
     </span>
     <span class='ocr_line' id='line_1_26' title="bbox 210 1515 1208 1572; baseline -0.019 -8"><span class='ocrx_word' id='word_1_156' title='bbox 210 1537 392 1567; x_wconf 86' lang='lat' dir='ltr'><strong>terarum,</strong></span> <span class='ocrx_word' id='word_1_157' title='bbox 428 1525 490 1572; x_wconf 89' lang='lat' dir='ltr'><strong>qui</strong></span> <span class='ocrx_word' id='word_1_158' title='bbox 517 1523 655 1557; x_wconf 89' lang='lat' dir='ltr'><strong>maiora</strong></span> <span class='ocrx_word' id='word_1_159' title='bbox 681 1521 753 1555; x_wconf 87' lang='lat' dir='ltr'><strong>suis</strong></span> <span class='ocrx_word' id='word_1_160' title='bbox 778 1519 914 1552; x_wconf 90' lang='lat' dir='ltr'><strong>viribus</strong></span> <span class='ocrx_word' id='word_1_161' title='bbox 940 1515 1208 1561; x_wconf 83' lang='lat' dir='ltr'><strong>aggrediuntur.</strong></span> 
     </span>
     <span class='ocr_line' id='line_1_27' title="bbox 209 1565 1209 1625; baseline -0.018 -10"><span class='ocrx_word' id='word_1_162' title='bbox 209 1580 368 1625; x_wconf 86' lang='lat' dir='ltr'>Angelus</span> <span class='ocrx_word' id='word_1_163' title='bbox 390 1577 594 1611; x_wconf 83' lang='lat' dir='ltr'><strong>Politianus</strong></span> <span class='ocrx_word' id='word_1_164' title='bbox 621 1573 827 1607; x_wconf 78' lang='lat' dir='ltr'><strong>adolescens</strong></span> <span class='ocrx_word' id='word_1_165' title='bbox 852 1570 1050 1603; x_wconf 86' lang='lat' dir='ltr'><strong>iactaverat</strong></span> <span class='ocrx_word' id='word_1_166' title='bbox 1072 1578 1108 1600; x_wconf 83' lang='lat' dir='ltr'><strong>se</strong></span> <span class='ocrx_word' id='word_1_167' title='bbox 1130 1565 1209 1598; x_wconf 89' lang='lat' dir='ltr'><strong>red-</strong></span> 
     </span>
     <span class='ocr_line' id='line_1_28' title="bbox 213 1619 1211 1666; baseline -0.018 0"><span class='ocrx_word' id='word_1_168' title='bbox 213 1634 297 1666; x_wconf 85' lang='lat' dir='ltr'><strong>dere</strong></span> <span class='ocrx_word' id='word_1_169' title='bbox 320 1630 452 1663; x_wconf 84' lang='lat' dir='ltr'><strong>Latino</strong></span> <span class='ocrx_word' id='word_1_170' title='bbox 483 1627 642 1662; x_wconf 77' lang='lat' dir='ltr'><strong>carmine</strong></span> <span class='ocrx_word' id='word_1_171' title='bbox 664 1625 884 1658; x_wconf 86' lang='lat' dir='ltr'><strong>Homerum:</strong></span> <span class='ocrx_word' id='word_1_172' title='bbox 928 1632 1000 1665; x_wconf 92' lang='lat' dir='ltr'><strong>quo</strong></span> <span class='ocrx_word' id='word_1_173' title='bbox 1024 1619 1150 1652; x_wconf 85' lang='lat' dir='ltr'><strong>labore</strong></span> <span class='ocrx_word' id='word_1_174' title='bbox 1177 1622 1211 1649; x_wconf 86' lang='lat' dir='ltr'><strong>et</strong></span> 
     </span>
     <span class='ocr_line' id='line_1_29' title="bbox 212 1667 1209 1722; baseline -0.019 -4"><span class='ocrx_word' id='word_1_175' title='bbox 212 1683 331 1719; x_wconf 86' lang='lat' dir='ltr'><strong>studio</strong></span> <span class='ocrx_word' id='word_1_176' title='bbox 363 1694 427 1715; x_wconf 87' lang='lat' dir='ltr'><strong>suo</strong></span> <span class='ocrx_word' id='word_1_177' title='bbox 462 1692 543 1713; x_wconf 91' lang='lat' dir='ltr'><strong>cum</strong></span> <span class='ocrx_word' id='word_1_178' title='bbox 574 1676 706 1722; x_wconf 91' lang='lat' dir='ltr'><strong>passim</strong></span> <span class='ocrx_word' id='word_1_179' title='bbox 741 1674 976 1719; x_wconf 86' lang='lat' dir='ltr'><strong>gloriaretur,</strong></span> <span class='ocrx_word' id='word_1_180' title='bbox 1017 1676 1051 1703; x_wconf 88' lang='lat' dir='ltr'><strong>et</strong></span> <span class='ocrx_word' id='word_1_181' title='bbox 1078 1667 1209 1702; x_wconf 84' lang='lat' dir='ltr'><strong>iudicia</strong></span> 
     </span>
     <span class='ocr_line' id='line_1_30' title="bbox 212 1720 1211 1777; baseline -0.019 -8"><span class='ocrx_word' id='word_1_182' title='bbox 212 1738 401 1770; x_wconf 87' lang='lat' dir='ltr'><strong>doctorum</strong></span> <span class='ocrx_word' id='word_1_183' title='bbox 421 1730 624 1777; x_wconf 82' lang='lat' dir='ltr'><strong>exquireret</strong></span> <span class='ocrx_word' id='word_1_184' title='bbox 647 1724 895 1770; x_wconf 72' lang='lat' dir='ltr'><strong>arrogantius,</strong></span> <span class='ocrx_word' id='word_1_185' title='bbox 924 1721 1126 1756; x_wconf 89' lang='lat' dir='ltr'><strong>Cardinalis</strong></span> <span class='ocrx_word' id='word_1_186' title='bbox 1143 1720 1211 1753; x_wconf 88' lang='lat' dir='ltr'><strong>Pa—</strong></span> 
     </span>
     <span class='ocr_line' id='line_1_31' title="bbox 211 1770 1209 1833; baseline -0.017 -13"><span class='ocrx_word' id='word_1_187' title='bbox 211 1786 344 1833; x_wconf 87' lang='lat' dir='ltr'><strong>piensis</strong></span> <span class='ocrx_word' id='word_1_188' title='bbox 356 1812 365 1825; x_wconf 94' lang='lat'><strong>,</strong></span> <span class='ocrx_word' id='word_1_189' title='bbox 392 1783 447 1816; x_wconf 90' lang='lat' dir='ltr'><strong>vir</strong></span> <span class='ocrx_word' id='word_1_190' title='bbox 464 1784 617 1820; x_wconf 84' lang='lat' dir='ltr'><strong>facetus,</strong></span> <span class='ocrx_word' id='word_1_191' title='bbox 646 1779 677 1812; x_wconf 91' lang='lat' dir='ltr'><strong>ei</strong></span> <span class='ocrx_word' id='word_1_192' title='bbox 696 1775 916 1821; x_wconf 84' lang='lat' dir='ltr'><strong>rescripsisse</strong></span> <span class='ocrx_word' id='word_1_193' title='bbox 932 1775 1045 1807; x_wconf 87' lang='lat' dir='ltr'><strong>fertur</strong></span> <span class='ocrx_word' id='word_1_194' title='bbox 1061 1770 1116 1806; x_wconf 91' lang='lat' dir='ltr'><strong>his</strong></span> <span class='ocrx_word' id='word_1_195' title='bbox 1133 1783 1209 1804; x_wconf 91' lang='lat' dir='ltr'><strong>ver-</strong></span> 
     </span>
     <span class='ocr_line' id='line_1_32' title="bbox 210 1825 1211 1879; baseline -0.018 -6"><span class='ocrx_word' id='word_1_196' title='bbox 210 1839 282 1873; x_wconf 88' lang='lat' dir='ltr'><strong>bis:</strong></span> <span class='ocrx_word' id='word_1_197' title='bbox 312 1837 447 1871; x_wconf 82' lang='lat' dir='ltr'><strong>Censeo</strong></span> <span class='ocrx_word' id='word_1_198' title='bbox 465 1845 610 1879; x_wconf 81' lang='lat' dir='ltr'><strong>operam</strong></span> <span class='ocrx_word' id='word_1_199' title='bbox 627 1828 834 1864; x_wconf 80' lang='lat' dir='ltr'><strong>inchoatam</strong></span> <span class='ocrx_word' id='word_1_200' title='bbox 855 1838 929 1860; x_wconf 92' lang='lat' dir='ltr'><strong>non</strong></span> <span class='ocrx_word' id='word_1_201' title='bbox 947 1837 1021 1860; x_wconf 91' lang='lat' dir='ltr'><strong>esse</strong></span> <span class='ocrx_word' id='word_1_202' title='bbox 1047 1825 1211 1858; x_wconf 86' lang='lat' dir='ltr'><strong>deseren-</strong></span> 
     </span>
     <span class='ocr_line' id='line_1_33' title="bbox 213 1879 1212 1930; baseline -0.017 -6"><span class='ocrx_word' id='word_1_203' title='bbox 213 1893 317 1928; x_wconf 87' lang='lat' dir='ltr'><strong>dam;</strong></span> <span class='ocrx_word' id='word_1_204' title='bbox 344 1889 372 1922; x_wconf 86' lang='lat' dir='ltr'><strong>si</strong></span> <span class='ocrx_word' id='word_1_205' title='bbox 393 1899 467 1920; x_wconf 92' lang='lat' dir='ltr'><strong>non</strong></span> <span class='ocrx_word' id='word_1_206' title='bbox 482 1883 681 1930; x_wconf 87' lang='lat' dir='ltr'><strong>assequeris</strong></span> <span class='ocrx_word' id='word_1_207' title='bbox 698 1882 747 1922; x_wconf 86' lang='lat' dir='ltr'><strong>id,</strong></span> <span class='ocrx_word' id='word_1_208' title='bbox 774 1880 871 1927; x_wconf 89' lang='lat' dir='ltr'><strong>quod</strong></span> <span class='ocrx_word' id='word_1_209' title='bbox 889 1879 1052 1917; x_wconf 80' lang='lat' dir='ltr'><strong>affectas,</strong></span> <span class='ocrx_word' id='word_1_210' title='bbox 1080 1886 1212 1921; x_wconf 89' lang='lat' dir='ltr'><strong>aequa-</strong></span> 
     </span>
     <span class='ocr_line' id='line_1_34' title="bbox 213 1928 1213 1976; baseline -0.017 0"><span class='ocrx_word' id='word_1_211' title='bbox 213 1943 257 1976; x_wconf 91' lang='lat' dir='ltr'><strong>lis</strong></span> <span class='ocrx_word' id='word_1_212' title='bbox 284 1948 405 1974; x_wconf 85' lang='lat' dir='ltr'><strong>tamen</strong></span> <span class='ocrx_word' id='word_1_213' title='bbox 430 1938 481 1972; x_wconf 89' lang='lat' dir='ltr'><strong>tui</strong></span> <span class='ocrx_word' id='word_1_214' title='bbox 503 1934 743 1971; x_wconf 83' lang='lat' dir='ltr'><strong>Phaethontis</strong></span> <span class='ocrx_word' id='word_1_215' title='bbox 775 1933 917 1966; x_wconf 88' lang='lat' dir='ltr'><strong>laudem</strong></span> <span class='ocrx_word' id='word_1_216' title='bbox 949 1928 1132 1968; x_wconf 88' lang='lat' dir='ltr'><strong>invenies,</strong></span> <span class='ocrx_word' id='word_1_217' title='bbox 1173 1932 1213 1959; x_wconf 90' lang='lat' dir='ltr'><strong>ut</strong></span> 
     </span>
     <span class='ocr_line' id='line_1_35' title="bbox 214 1982 1212 2035; baseline -0.016 -8"><span class='ocrx_word' id='word_1_218' title='bbox 214 1994 308 2027; x_wconf 87' lang='lat' dir='ltr'><strong>idem</strong></span> <span class='ocrx_word' id='word_1_219' title='bbox 326 1993 369 2025; x_wconf 92' lang='lat' dir='ltr'><strong>de</strong></span> <span class='ocrx_word' id='word_1_220' title='bbox 386 1995 550 2035; x_wconf 88' lang='lat' dir='ltr'><strong>suscepto</strong></span> <span class='ocrx_word' id='word_1_221' title='bbox 568 2001 587 2021; x_wconf 86' lang='lat' dir='ltr'><strong>a</strong></span> <span class='ocrx_word' id='word_1_222' title='bbox 604 1994 637 2021; x_wconf 88' lang='lat' dir='ltr'><strong>te</strong></span> <span class='ocrx_word' id='word_1_223' title='bbox 654 1987 833 2025; x_wconf 78' lang='lat' dir='ltr'><strong>Homero,</strong></span> <span class='ocrx_word' id='word_1_224' title='bbox 862 1982 957 2028; x_wconf 90' lang='lat' dir='ltr'><strong>quod</strong></span> <span class='ocrx_word' id='word_1_225' title='bbox 982 1982 1026 2015; x_wconf 89' lang='lat' dir='ltr'><strong>de</strong></span> <span class='ocrx_word' id='word_1_226' title='bbox 1048 1984 1212 2023; x_wconf 88' lang='lat' dir='ltr'><strong>suscepto</strong></span> 
     </span>
     <span class='ocr_line' id='line_1_36' title="bbox 214 2033 1046 2080; baseline -0.016 -2"><span class='ocrx_word' id='word_1_227' title='bbox 214 2046 259 2079; x_wconf 86' lang='lat' dir='ltr'><strong>ab</strong></span> <span class='ocrx_word' id='word_1_228' title='bbox 283 2045 344 2076; x_wconf 91' lang='lat' dir='ltr'><strong>illo</strong></span> <span class='ocrx_word' id='word_1_229' title='bbox 369 2055 475 2076; x_wconf 91' lang='lat' dir='ltr'><strong>curru</strong></span> <span class='ocrx_word' id='word_1_230' title='bbox 499 2040 630 2079; x_wconf 86' lang='lat' dir='ltr'><strong>solari,</strong></span> <span class='ocrx_word' id='word_1_231' title='bbox 660 2038 801 2071; x_wconf 89' lang='lat' dir='ltr'><strong>dicatur</strong></span> <span class='ocrx_word' id='word_1_232' title='bbox 829 2034 906 2080; x_wconf 84' lang='lat' dir='ltr'><strong>(Vs.</strong></span> <span class='ocrx_word' id='word_1_233' title='bbox 924 2033 1046 2079; x_wconf 74' lang='grc'><strong>328.);</strong></span> 
     </span>
    </p>
   </div>
   <div class='ocr_carea' id='block_1_7' title="bbox 269 2100 1200 2154">
    <p class='ocr_par' dir='ltr' id='par_1_8' title="bbox 269 2100 1200 2154">
     <span class='ocr_line' id='line_1_37' title="bbox 269 2100 1200 2154; baseline -0.014 -10"><span class='ocrx_word' id='word_1_234' title='bbox 269 2112 371 2154; x_wconf 81' lang='lat' dir='ltr'><strong>Quem</strong></span> <span class='ocrx_word' id='word_1_235' title='bbox 388 2112 418 2144; x_wconf 78' lang='lat' dir='ltr'><strong>si</strong></span> <span class='ocrx_word' id='word_1_236' title='bbox 437 2122 499 2143; x_wconf 81' lang='lat' dir='ltr'><strong>non</strong></span> <span class='ocrx_word' id='word_1_237' title='bbox 517 2110 644 2148; x_wconf 74' lang='lat' dir='ltr'><strong>tenuit,</strong></span> <span class='ocrx_word' id='word_1_238' title='bbox 667 2107 800 2150; x_wconf 35' lang='lat' dir='ltr'><strong>mfaym&#39;s</strong></span> <span class='ocrx_word' id='word_1_239' title='bbox 816 2110 927 2139; x_wconf 72' lang='lat' dir='ltr'><strong>tamen</strong></span> <span class='ocrx_word' id='word_1_240' title='bbox 946 2102 1077 2136; x_wconf 61' lang='lat' dir='ltr'><strong>excidit</strong></span> <span class='ocrx_word' id='word_1_241' title='bbox 1094 2100 1200 2133; x_wconf 70' lang='grc' dir='ltr'><strong><em>αηεῖε.</em></strong></span> 
     </span>
    </p>
   </div>
   <div class='ocr_carea' id='block_1_8' title="bbox 248 2200 1190 2247">
    <p class='ocr_par' dir='ltr' id='par_1_9' title="bbox 248 2200 1190 2247">
     <span class='ocr_line' id='line_1_38' title="bbox 248 2200 1190 2247; baseline -0.013 -2"><span class='ocrx_word' id='word_1_242' title='bbox 248 2211 465 2246; x_wconf 87' lang='lat' dir='ltr'><strong>Heliades</strong></span> <span class='ocrx_word' id='word_1_243' title='bbox 501 2210 545 2242; x_wconf 89' lang='lat' dir='ltr'><strong>in</strong></span> <span class='ocrx_word' id='word_1_244' title='bbox 582 2210 777 2242; x_wconf 83' lang='lat' dir='ltr'><strong>arbores</strong></span> <span class='ocrx_word' id='word_1_245' title='bbox 812 2200 1190 2247; x_wconf 69' lang='lat' dir='ltr'><strong>electriferas‘ffi).</strong></span> 
     </span>
    </p>
   </div>
   <div class='ocr_carea' id='block_1_9' title="bbox 218 2269 1217 2574">
    <p class='ocr_par' dir='ltr' id='par_1_10' title="bbox 218 2269 1217 2574">
     <span class='ocr_line' id='line_1_39' title="bbox 323 2269 1215 2314; baseline -0.015 0"><span class='ocrx_word' id='word_1_246' title='bbox 323 2280 473 2314; x_wconf 87' lang='lat' dir='ltr'><strong>Sorores</strong></span> <span class='ocrx_word' id='word_1_247' title='bbox 500 2275 737 2311; x_wconf 77' lang='lat' dir='ltr'><strong>Phaethontis</strong></span> <span class='ocrx_word' id='word_1_248' title='bbox 773 2287 838 2309; x_wconf 89' lang='lat' dir='ltr'><strong>suo</strong></span> <span class='ocrx_word' id='word_1_249' title='bbox 873 2285 956 2307; x_wconf 88' lang='lat' dir='ltr'><strong>casu</strong></span> <span class='ocrx_word' id='word_1_250' title='bbox 987 2277 1021 2304; x_wconf 90' lang='lat' dir='ltr'><strong>et</strong></span> <span class='ocrx_word' id='word_1_251' title='bbox 1051 2269 1215 2314; x_wconf 90' lang='lat' dir='ltr'><strong>exemplo</strong></span> 
     </span>
     <span class='ocr_line' id='line_1_40' title="bbox 219 2323 1214 2368; baseline -0.015 0"><span class='ocrx_word' id='word_1_252' title='bbox 219 2336 350 2368; x_wconf 86' lang='lat' dir='ltr'><strong>docent</strong></span> <span class='ocrx_word' id='word_1_253' title='bbox 367 2329 655 2364; x_wconf 82' lang='lat' dir='ltr'><strong>moderationem</strong></span> <span class='ocrx_word' id='word_1_254' title='bbox 680 2328 717 2360; x_wconf 91' lang='lat' dir='ltr'><strong>in</strong></span> <span class='ocrx_word' id='word_1_255' title='bbox 742 2328 839 2361; x_wconf 91' lang='lat' dir='ltr'><strong>luctu</strong></span> <span class='ocrx_word' id='word_1_256' title='bbox 866 2323 1106 2358; x_wconf 79' lang='lat' dir='ltr'><strong>adhibendam</strong></span> <span class='ocrx_word' id='word_1_257' title='bbox 1130 2333 1214 2355; x_wconf 89' lang='lat' dir='ltr'><strong>esse.</strong></span> 
     </span>
     <span class='ocr_line' id='line_1_41' title="bbox 218 2374 1215 2424; baseline -0.015 -4"><span class='ocrx_word' id='word_1_258' title='bbox 218 2386 314 2420; x_wconf 88' lang='lat' dir='ltr'><strong>Dum</strong></span> <span class='ocrx_word' id='word_1_259' title='bbox 332 2383 426 2417; x_wconf 88' lang='lat' dir='ltr'><strong>enim</strong></span> <span class='ocrx_word' id='word_1_260' title='bbox 444 2381 583 2416; x_wconf 81' lang='lat' dir='ltr'><strong>assidue</strong></span> <span class='ocrx_word' id='word_1_261' title='bbox 599 2381 739 2424; x_wconf 86' lang='lat' dir='ltr'><strong>lugent,</strong></span> <span class='ocrx_word' id='word_1_262' title='bbox 768 2378 896 2412; x_wconf 86' lang='lat' dir='ltr'><strong>amissa</strong></span> <span class='ocrx_word' id='word_1_263' title='bbox 921 2374 1079 2409; x_wconf 89' lang='lat' dir='ltr'><strong>hominis</strong></span> <span class='ocrx_word' id='word_1_264' title='bbox 1103 2374 1215 2417; x_wconf 83' lang='lat' dir='ltr'><strong>figura</strong></span> 
     </span>
     <span class='ocr_line' id='line_1_42' title="bbox 220 2424 1217 2483; baseline -0.014 -12"><span class='ocrx_word' id='word_1_265' title='bbox 220 2439 318 2483; x_wconf 82' lang='lat' dir='ltr'><strong>ipsae</strong></span> <span class='ocrx_word' id='word_1_266' title='bbox 344 2436 381 2468; x_wconf 90' lang='lat' dir='ltr'><strong>in</strong></span> <span class='ocrx_word' id='word_1_267' title='bbox 408 2435 555 2467; x_wconf 86' lang='lat' dir='ltr'><strong>arbores</strong></span> <span class='ocrx_word' id='word_1_268' title='bbox 572 2459 582 2473; x_wconf 92' lang='lat'><strong>,</strong></span> <span class='ocrx_word' id='word_1_269' title='bbox 623 2438 657 2465; x_wconf 85' lang='lat' dir='ltr'><strong>et</strong></span> <span class='ocrx_word' id='word_1_270' title='bbox 683 2442 806 2463; x_wconf 88' lang='lat' dir='ltr'><strong>earum</strong></span> <span class='ocrx_word' id='word_1_271' title='bbox 836 2431 1017 2474; x_wconf 82' lang='lat' dir='ltr'><strong>lacrymae</strong></span> <span class='ocrx_word' id='word_1_272' title='bbox 1042 2426 1078 2459; x_wconf 91' lang='lat' dir='ltr'><strong>in</strong></span> <span class='ocrx_word' id='word_1_273' title='bbox 1107 2424 1217 2459; x_wconf 89' lang='lat' dir='ltr'><strong>succi—</strong></span> 
     </span>
     <span class='ocr_line' id='line_1_43' title="bbox 221 2477 1215 2523; baseline -0.015 0"><span class='ocrx_word' id='word_1_274' title='bbox 221 2502 307 2523; x_wconf 90' lang='lat' dir='ltr'><strong>num</strong></span> <span class='ocrx_word' id='word_1_275' title='bbox 325 2500 386 2522; x_wconf 90' lang='lat' dir='ltr'><strong>seu</strong></span> <span class='ocrx_word' id='word_1_276' title='bbox 403 2487 572 2519; x_wconf 88' lang='lat' dir='ltr'><strong>electrum</strong></span> <span class='ocrx_word' id='word_1_277' title='bbox 591 2487 861 2517; x_wconf 74' lang='lat' dir='ltr'><strong>convertuntur.</strong></span> <span class='ocrx_word' id='word_1_278' title='bbox 911 2480 951 2512; x_wconf 92' lang='lat' dir='ltr'><strong>ln</strong></span> <span class='ocrx_word' id='word_1_279' title='bbox 965 2477 1112 2523; x_wconf 90' lang='lat' dir='ltr'><strong>Liguria</strong></span> <span class='ocrx_word' id='word_1_280' title='bbox 1130 2488 1215 2509; x_wconf 85' lang='lat' dir='ltr'><strong>vero</strong></span> 
     </span>
     <span class='ocr_line' id='line_1_44' title="bbox 222 2528 1216 2574; baseline -0.014 0"><span class='ocrx_word' id='word_1_281' title='bbox 222 2542 267 2574; x_wconf 90' lang='lat' dir='ltr'><strong>ad</strong></span> <span class='ocrx_word' id='word_1_282' title='bbox 291 2539 490 2573; x_wconf 82' lang='lat' dir='ltr'><strong>Eridanum</strong></span> <span class='ocrx_word' id='word_1_283' title='bbox 513 2536 608 2571; x_wconf 89' lang='lat' dir='ltr'><strong>nasci</strong></span> <span class='ocrx_word' id='word_1_284' title='bbox 641 2535 788 2568; x_wconf 87' lang='lat' dir='ltr'><strong>arbores</strong></span> <span class='ocrx_word' id='word_1_285' title='bbox 820 2532 1035 2566; x_wconf 77' lang='lat' dir='ltr'><strong>electriferas</strong></span> <span class='ocrx_word' id='word_1_286' title='bbox 1066 2528 1216 2563; x_wconf 89' lang='lat' dir='ltr'><strong>omnino</strong></span> 
     </span>
    </p>
   </div>
   <div class='ocr_carea' id='block_1_10' title="bbox 223 2637 392 2642">
    <p class='ocr_par' dir='ltr' id='par_1_11' title="bbox 223 2637 392 2642">
     <span class='ocr_line' id='line_1_45' title="bbox 223 2637 392 2642; baseline 0 0"><span class='ocrx_word' id='word_1_287' title='bbox 223 2637 392 2642; x_wconf 95' lang='lat' dir='ltr'><strong> </strong></span> 
     </span>
    </p>
   </div>
   <div class='ocr_carea' id='block_1_11' title="bbox 257 2680 738 2766">
    <p class='ocr_par' dir='ltr' id='par_1_12' title="bbox 257 2680 738 2766">
     <span class='ocr_line' id='line_1_46' title="bbox 258 2680 738 2714; baseline -0.01 -6"><span class='ocrx_word' id='word_1_288' title='bbox 258 2683 321 2714; x_wconf 75' lang='lat'>45³)</span> <span class='ocrx_word' id='word_1_289' title='bbox 342 2682 399 2707; x_wconf 81' lang='lat' dir='ltr'><strong>Cic.</strong></span> <span class='ocrx_word' id='word_1_290' title='bbox 419 2682 452 2705; x_wconf 82' lang='lat' dir='ltr'><strong>de</strong></span> <span class='ocrx_word' id='word_1_291' title='bbox 473 2681 551 2706; x_wconf 74' lang='lat' dir='ltr'><strong>offic.</strong></span> <span class='ocrx_word' id='word_1_292' title='bbox 568 2681 620 2711; x_wconf 83' lang='lat' dir='ltr'><strong>lll,</strong></span> <span class='ocrx_word' id='word_1_293' title='bbox 634 2680 684 2704; x_wconf 80' lang='lat'><strong>25.</strong></span> <span class='ocrx_word' id='word_1_294' title='bbox 699 2680 738 2703; x_wconf 65' lang='lat'><strong>9⁴.</strong></span> 
     </span>
     <span class='ocr_line' id='line_1_47' title="bbox 257 2734 667 2766; baseline -0.015 -6"><span class='ocrx_word' id='word_1_295' title='bbox 257 2735 303 2766; x_wconf 69' lang='lat'><strong>46)</strong></span> <span class='ocrx_word' id='word_1_296' title='bbox 325 2736 402 2761; x_wconf 85' lang='lat' dir='ltr'><strong>Ovid.</strong></span> <span class='ocrx_word' id='word_1_297' title='bbox 422 2736 485 2759; x_wconf 65' lang='lat' dir='ltr'><strong>Met.</strong></span> <span class='ocrx_word' id='word_1_298' title='bbox 508 2735 538 2760; x_wconf 78' lang='grc' dir='ltr'><strong>ΙΙ.</strong></span> <span class='ocrx_word' id='word_1_299' title='bbox 552 2734 604 2757; x_wconf 73' lang='lat'><strong>3⁴0</strong></span> <span class='ocrx_word' id='word_1_300' title='bbox 620 2740 667 2763; x_wconf 75' lang='lat' dir='ltr'><strong>sqq</strong></span> 
     </span>
    </p>
   </div>
   <div class='ocr_carea' id='block_1_12' title="bbox 797 88 1672 146">
    <p class='ocr_par' dir='ltr' id='par_1_13' title="bbox 797 88 1672 146">
     <span class='ocr_line' id='line_1_48' title="bbox 797 88 1672 146; baseline -0.006 0"><span class='ocrx_word' id='word_1_301' title='bbox 797 104 920 146; x_wconf 43' lang='lat' dir='ltr'><strong>Puni.</strong></span> <span class='ocrx_word' id='word_1_302' title='bbox 949 105 1064 143; x_wconf 82' lang='lat' dir='ltr'>MEL.</span> <span class='ocrx_word' id='word_1_303' title='bbox 1099 88 1304 141; x_wconf 67' lang='lat' dir='ltr'><strong>scmpm·</strong></span> <span class='ocrx_word' id='word_1_304' title='bbox 1334 104 1672 141; x_wconf 80' lang='lat' dir='ltr'><strong>PHILOLOGICA.</strong></span> 
     </span>
    </p>
   </div>
   <div class='ocr_carea' id='block_1_13' title="bbox 1229 825 2255 919">
    <p class='ocr_par' dir='ltr' id='par_1_14' title="bbox 1229 825 2255 919">
     <span class='ocr_line' id='line_1_49' title="bbox 1230 825 1642 859; baseline 0.007 -3"><span class='ocrx_word' id='word_1_305' title='bbox 1230 842 1231 856; x_wconf 72' lang='grc'>;</span> <span class='ocrx_word' id='word_1_306' title='bbox 1259 826 1382 857; x_wconf 87' lang='lat' dir='ltr'><strong>modat</strong></span> <span class='ocrx_word' id='word_1_307' title='bbox 1407 825 1450 857; x_wconf 88' lang='lat' dir='ltr'><strong>ad</strong></span> <span class='ocrx_word' id='word_1_308' title='bbox 1472 825 1642 859; x_wconf 83' lang='lat' dir='ltr'><strong>fabulam.</strong></span> 
     </span>
     <span class='ocr_line' id='line_1_50' title="bbox 1229 874 2255 919; baseline -0.002 -12"><span class='ocrx_word' id='word_1_309' title='bbox 1229 896 1231 904; x_wconf 27' lang='grc' dir='ltr'><strong>,κ</strong></span> <span class='ocrx_word' id='word_1_310' title='bbox 1257 887 1376 919; x_wconf 83' lang='lat' dir='ltr'><strong>regem</strong></span> <span class='ocrx_word' id='word_1_311' title='bbox 1396 874 1592 919; x_wconf 75' lang='lat' dir='ltr'><strong>Ligurum,</strong></span> <span class='ocrx_word' id='word_1_312' title='bbox 1624 877 1661 909; x_wconf 91' lang='lat' dir='ltr'><strong>in</strong></span> <span class='ocrx_word' id='word_1_313' title='bbox 1687 889 1788 909; x_wconf 79' lang='lat' dir='ltr'><strong>avem</strong></span> <span class='ocrx_word' id='word_1_314' title='bbox 1814 876 1869 910; x_wconf 92' lang='lat' dir='ltr'><strong>sui</strong></span> <span class='ocrx_word' id='word_1_315' title='bbox 1894 875 2053 909; x_wconf 88' lang='lat' dir='ltr'><strong>nominis</strong></span> <span class='ocrx_word' id='word_1_316' title='bbox 2076 879 2255 908; x_wconf 87' lang='lat' dir='ltr'><strong>mutatum</strong></span> 
     </span>
    </p>
   </div>
   <div class='ocr_carea' id='block_1_14' title="bbox 1229 429 1245 2551">
    <p class='ocr_par' dir='ltr' id='par_1_15' title="bbox 1229 429 1245 2551">
     <span class='ocr_line' id='line_1_51' title="bbox 1229 429 1245 2551; baseline 0 0"><span class='ocrx_word' id='word_1_317' title='bbox 1229 429 1245 2551; x_wconf 95' lang='lat' dir='ltr'><strong> </strong></span> 
     </span>
    </p>
   </div>
   <div class='ocr_carea' id='block_1_15' title="bbox 2179 101 2255 141">
    <p class='ocr_par' dir='ltr' id='par_1_16' title="bbox 2179 101 2255 141">
     <span class='ocr_line' id='line_1_52' title="bbox 2179 101 2255 141; baseline 0 -1"><span class='ocrx_word' id='word_1_318' title='bbox 2179 101 2255 141; x_wconf 78' lang='lat'><strong>524</strong></span> 
     </span>
    </p>
   </div>
   <div class='ocr_carea' id='block_1_16' title="bbox 1256 192 2254 285">
    <p class='ocr_par' dir='ltr' id='par_1_17' title="bbox 1256 192 2254 285">
     <span class='ocr_line' id='line_1_53' title="bbox 1256 192 2254 232; baseline -0.003 -6"><span class='ocrx_word' id='word_1_319' title='bbox 1256 193 1459 226; x_wconf 86' lang='lat' dir='ltr'><strong>fabulosum</strong></span> <span class='ocrx_word' id='word_1_320' title='bbox 1494 198 1562 232; x_wconf 89' lang='lat' dir='ltr'><strong>est;</strong></span> <span class='ocrx_word' id='word_1_321' title='bbox 1603 192 1701 227; x_wconf 89' lang='lat' dir='ltr'><strong>nasci</strong></span> <span class='ocrx_word' id='word_1_322' title='bbox 1728 199 1849 226; x_wconf 85' lang='lat' dir='ltr'><strong>tamen</strong></span> <span class='ocrx_word' id='word_1_323' title='bbox 1883 192 1955 225; x_wconf 88' lang='lat' dir='ltr'><strong>illie</strong></span> <span class='ocrx_word' id='word_1_324' title='bbox 1986 192 2176 231; x_wconf 85' lang='lat' dir='ltr'><strong>electrum,</strong></span> <span class='ocrx_word' id='word_1_325' title='bbox 2220 196 2254 224; x_wconf 88' lang='lat' dir='ltr'><strong>et</strong></span> 
     </span>
     <span class='ocr_line' id='line_1_54' title="bbox 1258 244 2007 285; baseline 0 -8"><span class='ocrx_word' id='word_1_326' title='bbox 1258 244 1380 279; x_wconf 88' lang='lat' dir='ltr'><strong>multis</strong></span> <span class='ocrx_word' id='word_1_327' title='bbox 1398 244 1484 278; x_wconf 89' lang='lat' dir='ltr'><strong>locis</strong></span> <span class='ocrx_word' id='word_1_328' title='bbox 1503 244 1631 285; x_wconf 84' lang='lat' dir='ltr'><strong>effodi,</strong></span> <span class='ocrx_word' id='word_1_329' title='bbox 1659 245 1796 278; x_wconf 83' lang='lat' dir='ltr'><strong>incolae</strong></span> <span class='ocrx_word' id='word_1_330' title='bbox 1816 245 2007 278; x_wconf 81' lang='lat' dir='ltr'><strong>affirmant.</strong></span> 
     </span>
    </p>
   </div>
   <div class='ocr_carea' id='block_1_17' title="bbox 1284 339 2228 441">
    <p class='ocr_par' dir='ltr' id='par_1_18' title="bbox 1284 339 2228 441">
     <span class='ocr_line' id='line_1_55' title="bbox 1284 339 2228 388; baseline -0.004 -11"><span class='ocrx_word' id='word_1_331' title='bbox 1284 343 1484 388; x_wconf 76' lang='lat' dir='ltr'><strong>Cygnus,</strong></span> <span class='ocrx_word' id='word_1_332' title='bbox 1529 342 1743 387; x_wconf 84' lang='lat' dir='ltr'><strong>Ligurum</strong></span> <span class='ocrx_word' id='word_1_333' title='bbox 1779 356 1874 384; x_wconf 83' lang='lat' dir='ltr'><strong>rex,</strong></span> <span class='ocrx_word' id='word_1_334' title='bbox 1917 343 1963 376; x_wconf 88' lang='lat' dir='ltr'><strong>in</strong></span> <span class='ocrx_word' id='word_1_335' title='bbox 1999 354 2125 376; x_wconf 83' lang='lat' dir='ltr'><strong>avem</strong></span> <span class='ocrx_word' id='word_1_336' title='bbox 2157 339 2228 375; x_wconf 89' lang='lat' dir='ltr'><strong>sui</strong></span> 
     </span>
     <span class='ocr_line' id='line_1_56' title="bbox 1613 394 1897 441; baseline 0.011 -14"><span class='ocrx_word' id='word_1_337' title='bbox 1613 395 1816 430; x_wconf 90' lang='lat' dir='ltr'><strong>nominis</strong></span> <span class='ocrx_word' id='word_1_338' title='bbox 1836 394 1897 441; x_wconf 79' lang='lat'>⁴⁷).</span> 
     </span>
    </p>
   </div>
   <div class='ocr_carea' id='block_1_18' title="bbox 1258 460 2256 868">
    <p class='ocr_par' dir='ltr' id='par_1_19' title="bbox 1258 460 2256 868">
     <span class='ocr_line' id='line_1_57' title="bbox 1359 460 2254 508; baseline -0.002 -13"><span class='ocrx_word' id='word_1_339' title='bbox 1359 461 1526 502; x_wconf 86' lang='lat' dir='ltr'><strong>Veteres,</strong></span> <span class='ocrx_word' id='word_1_340' title='bbox 1554 474 1625 508; x_wconf 93' lang='lat' dir='ltr'><strong>quo</strong></span> <span class='ocrx_word' id='word_1_341' title='bbox 1644 463 1865 497; x_wconf 78' lang='lat' dir='ltr'><strong>celebrarent</strong></span> <span class='ocrx_word' id='word_1_342' title='bbox 1880 461 2033 496; x_wconf 88' lang='lat' dir='ltr'><strong>Eridani</strong></span> <span class='ocrx_word' id='word_1_343' title='bbox 2055 460 2254 495; x_wconf 85' lang='lat' dir='ltr'><strong>amoenita-</strong></span> 
     </span>
     <span class='ocr_line' id='line_1_58' title="bbox 1258 514 2254 561; baseline -0.001 -14"><span class='ocrx_word' id='word_1_344' title='bbox 1258 521 1350 554; x_wconf 85' lang='lat' dir='ltr'><strong>tem,</strong></span> <span class='ocrx_word' id='word_1_345' title='bbox 1388 514 1569 548; x_wconf 86' lang='lat' dir='ltr'><strong>finxerunt</strong></span> <span class='ocrx_word' id='word_1_346' title='bbox 1594 514 1667 547; x_wconf 91' lang='lat' dir='ltr'><strong>illic</strong></span> <span class='ocrx_word' id='word_1_347' title='bbox 1697 526 1770 549; x_wconf 89' lang='lat' dir='ltr'><strong>esse</strong></span> <span class='ocrx_word' id='word_1_348' title='bbox 1804 527 1935 561; x_wconf 86' lang='lat' dir='ltr'><strong>cygnos</strong></span> <span class='ocrx_word' id='word_1_349' title='bbox 1969 514 2059 547; x_wconf 89' lang='lat' dir='ltr'><strong>mire</strong></span> <span class='ocrx_word' id='word_1_350' title='bbox 2089 524 2254 551; x_wconf 86' lang='lat' dir='ltr'><strong>canoros,</strong></span> 
     </span>
     <span class='ocr_line' id='line_1_59' title="bbox 1258 564 2256 613; baseline -0.002 -14"><span class='ocrx_word' id='word_1_351' title='bbox 1258 577 1414 612; x_wconf 86' lang='lat' dir='ltr'><strong>quorum</strong></span> <span class='ocrx_word' id='word_1_352' title='bbox 1442 572 1636 600; x_wconf 90' lang='lat' dir='ltr'><strong>concentus</strong></span> <span class='ocrx_word' id='word_1_353' title='bbox 1660 577 1701 599; x_wconf 85' lang='lat' dir='ltr'><strong>ex</strong></span> <span class='ocrx_word' id='word_1_354' title='bbox 1724 572 1877 613; x_wconf 86' lang='lat' dir='ltr'><strong>utraque</strong></span> <span class='ocrx_word' id='word_1_355' title='bbox 1901 566 2002 611; x_wconf 88' lang='lat' dir='ltr'><strong>ripa,</strong></span> <span class='ocrx_word' id='word_1_356' title='bbox 2029 565 2124 598; x_wconf 88' lang='lat' dir='ltr'><strong>inter</strong></span> <span class='ocrx_word' id='word_1_357' title='bbox 2149 564 2256 597; x_wconf 85' lang='lat' dir='ltr'><strong>arbo-</strong></span> 
     </span>
     <span class='ocr_line' id='line_1_60' title="bbox 1258 615 2255 661; baseline -0.002 -11"><span class='ocrx_word' id='word_1_358' title='bbox 1258 630 1314 651; x_wconf 90' lang='lat' dir='ltr'><strong>res</strong></span> <span class='ocrx_word' id='word_1_359' title='bbox 1340 617 1555 651; x_wconf 87' lang='lat' dir='ltr'><strong>electriferas</strong></span> <span class='ocrx_word' id='word_1_360' title='bbox 1584 617 1782 652; x_wconf 79' lang='lat' dir='ltr'><strong>audiretur.</strong></span> <span class='ocrx_word' id='word_1_361' title='bbox 1852 617 2032 652; x_wconf 88' lang='lat' dir='ltr'><strong>Lucianus</strong></span> <span class='ocrx_word' id='word_1_362' title='bbox 2057 615 2122 650; x_wconf 89' lang='lat' dir='ltr'><strong>hos</strong></span> <span class='ocrx_word' id='word_1_363' title='bbox 2150 620 2255 661; x_wconf 89' lang='lat' dir='ltr'><strong>putat</strong></span> 
     </span>
     <span class='ocr_line' id='line_1_61' title="bbox 1258 668 2256 715; baseline -0.001 -14"><span class='ocrx_word' id='word_1_364' title='bbox 1258 669 1412 713; x_wconf 82' lang='lat' dir='ltr'><strong>insignes</strong></span> <span class='ocrx_word' id='word_1_365' title='bbox 1427 669 1533 703; x_wconf 85' lang='lat' dir='ltr'><strong>fuisse</strong></span> <span class='ocrx_word' id='word_1_366' title='bbox 1556 669 1731 710; x_wconf 90' lang='lat' dir='ltr'><strong>musicos,</strong></span> <span class='ocrx_word' id='word_1_367' title='bbox 1759 670 1820 715; x_wconf 90' lang='lat' dir='ltr'><strong>qui</strong></span> <span class='ocrx_word' id='word_1_368' title='bbox 1846 675 1994 714; x_wconf 88' lang='lat' dir='ltr'><strong>propter</strong></span> <span class='ocrx_word' id='word_1_369' title='bbox 2016 668 2174 702; x_wconf 88' lang='lat' dir='ltr'><strong>studium</strong></span> <span class='ocrx_word' id='word_1_370' title='bbox 2198 678 2256 700; x_wconf 88' lang='lat' dir='ltr'><strong>ca-</strong></span> 
     </span>
     <span class='ocr_line' id='line_1_62' title="bbox 1258 719 2253 766; baseline -0.003 -12"><span class='ocrx_word' id='word_1_371' title='bbox 1258 721 1367 754; x_wconf 88' lang='lat' dir='ltr'><strong>nendi</strong></span> <span class='ocrx_word' id='word_1_372' title='bbox 1387 727 1560 766; x_wconf 89' lang='lat' dir='ltr'><strong>tanquam</strong></span> <span class='ocrx_word' id='word_1_373' title='bbox 1581 721 1619 754; x_wconf 90' lang='lat' dir='ltr'><strong>iu</strong></span> <span class='ocrx_word' id='word_1_374' title='bbox 1645 733 1728 755; x_wconf 89' lang='lat' dir='ltr'><strong>aves</strong></span> <span class='ocrx_word' id='word_1_375' title='bbox 1754 721 1883 755; x_wconf 89' lang='lat' dir='ltr'><strong>mutati</strong></span> <span class='ocrx_word' id='word_1_376' title='bbox 1907 720 2069 754; x_wconf 79' lang='lat' dir='ltr'><strong>cantibus</strong></span> <span class='ocrx_word' id='word_1_377' title='bbox 2092 719 2253 762; x_wconf 89' lang='lat' dir='ltr'><strong>indulge-</strong></span> 
     </span>
     <span class='ocr_line' id='line_1_63' title="bbox 1258 770 2254 818; baseline -0.003 -13"><span class='ocrx_word' id='word_1_378' title='bbox 1258 779 1350 806; x_wconf 91' lang='lat' dir='ltr'><strong>rent.</strong></span> <span class='ocrx_word' id='word_1_379' title='bbox 1403 771 1527 818; x_wconf 85' lang='lat' dir='ltr'><strong>Itaque</strong></span> <span class='ocrx_word' id='word_1_380' title='bbox 1553 772 1705 807; x_wconf 82' lang='lat' dir='ltr'><strong>Ovidius</strong></span> <span class='ocrx_word' id='word_1_381' title='bbox 1730 779 1877 807; x_wconf 74' lang='lat' dir='ltr'><strong>venuste</strong></span> <span class='ocrx_word' id='word_1_382' title='bbox 1903 770 2091 806; x_wconf 85' lang='lat' dir='ltr'><strong>historiam</strong></span> <span class='ocrx_word' id='word_1_383' title='bbox 2116 782 2254 804; x_wconf 88' lang='lat' dir='ltr'><strong>accom-</strong></span> 
     </span>
     <span class='ocr_line' id='line_1_64' title="bbox 1712 822 2256 868; baseline -0.007 -10"><span class='ocrx_word' id='word_1_384' title='bbox 1712 824 1802 858; x_wconf 90' lang='lat' dir='ltr'><strong>Cum</strong></span> <span class='ocrx_word' id='word_1_385' title='bbox 1826 824 1921 858; x_wconf 88' lang='lat' dir='ltr'><strong>enim</strong></span> <span class='ocrx_word' id='word_1_386' title='bbox 1950 823 2052 867; x_wconf 88' lang='lat' dir='ltr'><strong>fingit</strong></span> <span class='ocrx_word' id='word_1_387' title='bbox 2078 822 2256 868; x_wconf 85' lang='lat' dir='ltr'><strong>Cygnum,</strong></span> 
     </span>
    </p>
   </div>
   <div class='ocr_carea' id='block_1_19' title="bbox 1258 925 2257 1023">
    <p class='ocr_par' dir='ltr' id='par_1_20' title="bbox 1258 925 2257 1023">
     <span class='ocr_line' id='line_1_65' title="bbox 1258 925 2257 971; baseline -0.002 -12"><span class='ocrx_word' id='word_1_388' title='bbox 1258 939 1350 967; x_wconf 88' lang='lat' dir='ltr'><strong>esse,</strong></span> <span class='ocrx_word' id='word_1_389' title='bbox 1393 927 1568 971; x_wconf 81' lang='lat' dir='ltr'><strong>significat</strong></span> <span class='ocrx_word' id='word_1_390' title='bbox 1604 940 1685 961; x_wconf 91' lang='lat' dir='ltr'><strong>eum</strong></span> <span class='ocrx_word' id='word_1_391' title='bbox 1714 928 1820 962; x_wconf 85' lang='lat' dir='ltr'><strong>fuisse</strong></span> <span class='ocrx_word' id='word_1_392' title='bbox 1858 927 2014 962; x_wconf 83' lang='lat' dir='ltr'><strong>musicae</strong></span> <span class='ocrx_word' id='word_1_393' title='bbox 2042 925 2257 964; x_wconf 87' lang='lat' dir='ltr'><strong>studiosum,</strong></span> 
     </span>
     <span class='ocr_line' id='line_1_66' title="bbox 1259 978 1828 1023; baseline 0.005 -13"><span class='ocrx_word' id='word_1_394' title='bbox 1259 978 1433 1012; x_wconf 88' lang='lat' dir='ltr'><strong>allusione</strong></span> <span class='ocrx_word' id='word_1_395' title='bbox 1449 985 1592 1023; x_wconf 88' lang='lat' dir='ltr'><strong>sumpta</strong></span> <span class='ocrx_word' id='word_1_396' title='bbox 1609 991 1651 1012; x_wconf 83' lang='lat' dir='ltr'><strong>ex</strong></span> <span class='ocrx_word' id='word_1_397' title='bbox 1668 979 1828 1013; x_wconf 87' lang='lat' dir='ltr'><strong>nomine.</strong></span> 
     </span>
    </p>
   </div>
   <div class='ocr_carea' id='block_1_20' title="bbox 1284 1068 2231 1116">
    <p class='ocr_par' dir='ltr' id='par_1_21' title="bbox 1284 1068 2231 1116">
     <span class='ocr_line' id='line_1_67' title="bbox 1284 1068 2231 1116; baseline -0.002 -12"><span class='ocrx_word' id='word_1_398' title='bbox 1284 1072 1482 1112; x_wconf 85' lang='lat' dir='ltr'><strong>Calisto,</strong></span> <span class='ocrx_word' id='word_1_399' title='bbox 1509 1070 1739 1116; x_wconf 82' lang='lat' dir='ltr'><strong>Lycaonis</strong></span> <span class='ocrx_word' id='word_1_400' title='bbox 1766 1071 1891 1111; x_wconf 83' lang='lat' dir='ltr'><strong>filia,</strong></span> <span class='ocrx_word' id='word_1_401' title='bbox 1927 1071 1970 1104; x_wconf 92' lang='lat' dir='ltr'><strong>in</strong></span> <span class='ocrx_word' id='word_1_402' title='bbox 1999 1082 2152 1104; x_wconf 88' lang='lat' dir='ltr'><strong>ursam</strong></span> <span class='ocrx_word' id='word_1_403' title='bbox 2171 1068 2231 1114; x_wconf 69' lang='lat'><strong>⁴⁸).</strong></span> 
     </span>
    </p>
   </div>
   <div class='ocr_carea' id='block_1_21' title="bbox 1260 1138 2264 2012">
    <p class='ocr_par' dir='ltr' id='par_1_22' title="bbox 1260 1138 2264 2012">
     <span class='ocr_line' id='line_1_68' title="bbox 1362 1138 2258 1184; baseline -0.003 -11"><span class='ocrx_word' id='word_1_404' title='bbox 1362 1141 1508 1173; x_wconf 89' lang='lat' dir='ltr'><strong>Puellae</strong></span> <span class='ocrx_word' id='word_1_405' title='bbox 1535 1147 1569 1173; x_wconf 92' lang='lat' dir='ltr'><strong>et</strong></span> <span class='ocrx_word' id='word_1_406' title='bbox 1591 1141 1746 1174; x_wconf 81' lang='lat' dir='ltr'><strong>feminae</strong></span> <span class='ocrx_word' id='word_1_407' title='bbox 1773 1140 1902 1174; x_wconf 86' lang='lat' dir='ltr'><strong>amissa</strong></span> <span class='ocrx_word' id='word_1_408' title='bbox 1934 1139 2108 1184; x_wconf 82' lang='lat' dir='ltr'><strong>pudicitia</strong></span> <span class='ocrx_word' id='word_1_409' title='bbox 2139 1138 2258 1171; x_wconf 82' lang='lat' dir='ltr'><strong>defor-</strong></span> 
     </span>
     <span class='ocr_line' id='line_1_69' title="bbox 1260 1189 2259 1237; baseline -0.003 -12"><span class='ocrx_word' id='word_1_410' title='bbox 1260 1198 1399 1232; x_wconf 89' lang='lat' dir='ltr'><strong>matae,</strong></span> <span class='ocrx_word' id='word_1_411' title='bbox 1427 1192 1673 1226; x_wconf 82' lang='lat' dir='ltr'><strong>assimilantur</strong></span> <span class='ocrx_word' id='word_1_412' title='bbox 1697 1191 1913 1237; x_wconf 87' lang='lat' dir='ltr'><strong>turpissimis</strong></span> <span class='ocrx_word' id='word_1_413' title='bbox 1936 1190 2076 1231; x_wconf 79' lang='lat' dir='ltr'><strong>bestiis,</strong></span> <span class='ocrx_word' id='word_1_414' title='bbox 2101 1189 2138 1223; x_wconf 87' lang='lat' dir='ltr'><strong>id</strong></span> <span class='ocrx_word' id='word_1_415' title='bbox 2160 1189 2259 1236; x_wconf 89' lang='lat' dir='ltr'><strong>quod</strong></span> 
     </span>
     <span class='ocr_line' id='line_1_70' title="bbox 1260 1240 2258 1289; baseline -0.004 -12"><span class='ocrx_word' id='word_1_416' title='bbox 1260 1250 1294 1278; x_wconf 88' lang='lat' dir='ltr'><strong>et</strong></span> <span class='ocrx_word' id='word_1_417' title='bbox 1320 1243 1491 1277; x_wconf 87' lang='lat' dir='ltr'><strong>Salomon</strong></span> <span class='ocrx_word' id='word_1_418' title='bbox 1522 1245 1559 1276; x_wconf 90' lang='lat' dir='ltr'><strong>in</strong></span> <span class='ocrx_word' id='word_1_419' title='bbox 1580 1244 1787 1278; x_wconf 89' lang='lat' dir='ltr'><strong>Proverbiis</strong></span> <span class='ocrx_word' id='word_1_420' title='bbox 1810 1244 1857 1289; x_wconf 69' lang='lat'><strong>²¹⁹)</strong></span> <span class='ocrx_word' id='word_1_421' title='bbox 1892 1249 2063 1283; x_wconf 85' lang='lat' dir='ltr'><strong>testatur,</strong></span> <span class='ocrx_word' id='word_1_422' title='bbox 2098 1253 2178 1275; x_wconf 90' lang='lat' dir='ltr'><strong>cum</strong></span> <span class='ocrx_word' id='word_1_423' title='bbox 2204 1240 2258 1273; x_wconf 88' lang='lat' dir='ltr'><strong>in-</strong></span> 
     </span>
     <span class='ocr_line' id='line_1_71' title="bbox 1261 1294 2260 1342; baseline -0.003 -14"><span class='ocrx_word' id='word_1_424' title='bbox 1261 1295 1355 1342; x_wconf 88' lang='lat' dir='ltr'><strong>quit:</strong></span> <span class='ocrx_word' id='word_1_425' title='bbox 1393 1296 1581 1329; x_wconf 89' lang='lat' dir='ltr'><strong>mulierem</strong></span> <span class='ocrx_word' id='word_1_426' title='bbox 1600 1297 1819 1337; x_wconf 87' lang='lat' dir='ltr'><strong>formosam,</strong></span> <span class='ocrx_word' id='word_1_427' title='bbox 1847 1307 1939 1342; x_wconf 86' lang='lat' dir='ltr'><strong>quae</strong></span> <span class='ocrx_word' id='word_1_428' title='bbox 1961 1294 2174 1327; x_wconf 86' lang='lat' dir='ltr'><strong>immodesta</strong></span> <span class='ocrx_word' id='word_1_429' title='bbox 2195 1297 2260 1332; x_wconf 89' lang='lat' dir='ltr'><strong>est,</strong></span> 
     </span>
     <span class='ocr_line' id='line_1_72' title="bbox 1261 1347 2260 1392; baseline -0.004 -12"><span class='ocrx_word' id='word_1_430' title='bbox 1261 1360 1335 1380; x_wconf 90' lang='lat' dir='ltr'><strong>nou</strong></span> <span class='ocrx_word' id='word_1_431' title='bbox 1360 1347 1568 1381; x_wconf 87' lang='lat' dir='ltr'><strong>dissimilem</strong></span> <span class='ocrx_word' id='word_1_432' title='bbox 1596 1360 1669 1382; x_wconf 87' lang='lat' dir='ltr'><strong>esse</strong></span> <span class='ocrx_word' id='word_1_433' title='bbox 1693 1360 1805 1392; x_wconf 91' lang='lat' dir='ltr'><strong>porco</strong></span> <span class='ocrx_word' id='word_1_434' title='bbox 1830 1358 1982 1381; x_wconf 89' lang='lat' dir='ltr'><strong>aureum</strong></span> <span class='ocrx_word' id='word_1_435' title='bbox 2008 1351 2176 1391; x_wconf 84' lang='lat' dir='ltr'><strong>torquem</strong></span> <span class='ocrx_word' id='word_1_436' title='bbox 2202 1354 2260 1386; x_wconf 83' lang='lat' dir='ltr'><strong>ge-</strong></span> 
     </span>
     <span class='ocr_line' id='line_1_73' title="bbox 1261 1394 2260 1443; baseline -0.005 -12"><span class='ocrx_word' id='word_1_437' title='bbox 1261 1398 1367 1432; x_wconf 86' lang='lat' dir='ltr'><strong>renti.</strong></span> <span class='ocrx_word' id='word_1_438' title='bbox 1436 1399 1511 1432; x_wconf 87' lang='lat' dir='ltr'><strong>Hac</strong></span> <span class='ocrx_word' id='word_1_439' title='bbox 1535 1400 1578 1432; x_wconf 92' lang='lat' dir='ltr'><strong>de</strong></span> <span class='ocrx_word' id='word_1_440' title='bbox 1612 1411 1716 1433; x_wconf 90' lang='lat' dir='ltr'><strong>causa</strong></span> <span class='ocrx_word' id='word_1_441' title='bbox 1748 1399 1895 1443; x_wconf 83' lang='lat' dir='ltr'><strong>fingitur</strong></span> <span class='ocrx_word' id='word_1_442' title='bbox 1923 1397 2074 1438; x_wconf 80' lang='lat' dir='ltr'><strong>Calisto,</strong></span> <span class='ocrx_word' id='word_1_443' title='bbox 2110 1394 2260 1429; x_wconf 87' lang='lat' dir='ltr'><strong>Iunonis</strong></span> 
     </span>
     <span class='ocr_line' id='line_1_74' title="bbox 1263 1445 2259 1495; baseline -0.005 -12"><span class='ocrx_word' id='word_1_444' title='bbox 1263 1451 1397 1495; x_wconf 88' lang='lat' dir='ltr'><strong>pellex,</strong></span> <span class='ocrx_word' id='word_1_445' title='bbox 1424 1457 1561 1483; x_wconf 87' lang='lat' dir='ltr'><strong>mutata</strong></span> <span class='ocrx_word' id='word_1_446' title='bbox 1580 1451 1617 1483; x_wconf 90' lang='lat' dir='ltr'><strong>in</strong></span> <span class='ocrx_word' id='word_1_447' title='bbox 1633 1463 1774 1489; x_wconf 87' lang='lat' dir='ltr'><strong>ursam;</strong></span> <span class='ocrx_word' id='word_1_448' title='bbox 1802 1462 1867 1483; x_wconf 91' lang='lat' dir='ltr'><strong>nec</strong></span> <span class='ocrx_word' id='word_1_449' title='bbox 1885 1455 1981 1482; x_wconf 88' lang='lat' dir='ltr'><strong>caret</strong></span> <span class='ocrx_word' id='word_1_450' title='bbox 1997 1447 2159 1488; x_wconf 87' lang='lat' dir='ltr'><strong>ratione,</strong></span> <span class='ocrx_word' id='word_1_451' title='bbox 2181 1445 2259 1490; x_wconf 90' lang='lat' dir='ltr'><strong>pul-</strong></span> 
     </span>
     <span class='ocr_line' id='line_1_75' title="bbox 1263 1497 2259 1547; baseline -0.005 -12"><span class='ocrx_word' id='word_1_452' title='bbox 1263 1500 1478 1535; x_wconf 87' lang='lat' dir='ltr'><strong>cherrimam</strong></span> <span class='ocrx_word' id='word_1_453' title='bbox 1509 1502 1660 1547; x_wconf 87' lang='lat' dir='ltr'><strong>(Calisto</strong></span> <span class='ocrx_word' id='word_1_454' title='bbox 1693 1501 1789 1534; x_wconf 88' lang='lat' dir='ltr'><strong>enim</strong></span> <span class='ocrx_word' id='word_1_455' title='bbox 1823 1501 1919 1545; x_wconf 88' lang='lat' dir='ltr'><strong>apud</strong></span> <span class='ocrx_word' id='word_1_456' title='bbox 1943 1500 2101 1534; x_wconf 88' lang='lat' dir='ltr'><strong>Graecos</strong></span> <span class='ocrx_word' id='word_1_457' title='bbox 2135 1510 2153 1532; x_wconf 87' lang='lat' dir='ltr'><strong>a</strong></span> <span class='ocrx_word' id='word_1_458' title='bbox 2180 1497 2259 1542; x_wconf 82' lang='lat' dir='ltr'><strong>pul-</strong></span> 
     </span>
     <span class='ocr_line' id='line_1_76' title="bbox 1263 1549 2259 1600; baseline -0.004 -14"><span class='ocrx_word' id='word_1_459' title='bbox 1263 1552 1465 1587; x_wconf 86' lang='lat' dir='ltr'><strong>chritudine</strong></span> <span class='ocrx_word' id='word_1_460' title='bbox 1486 1554 1712 1600; x_wconf 90' lang='lat' dir='ltr'><strong>nominatur)</strong></span> <span class='ocrx_word' id='word_1_461' title='bbox 1741 1552 1875 1586; x_wconf 86' lang='lat' dir='ltr'><strong>mutari</strong></span> <span class='ocrx_word' id='word_1_462' title='bbox 1892 1553 1930 1585; x_wconf 91' lang='lat' dir='ltr'><strong>in</strong></span> <span class='ocrx_word' id='word_1_463' title='bbox 1946 1551 2098 1585; x_wconf 87' lang='lat' dir='ltr'><strong>bestiam</strong></span> <span class='ocrx_word' id='word_1_464' title='bbox 2127 1549 2259 1593; x_wconf 87' lang='lat' dir='ltr'><strong>turpis-</strong></span> 
     </span>
     <span class='ocr_line' id='line_1_77' title="bbox 1263 1602 2260 1650; baseline -0.005 -12"><span class='ocrx_word' id='word_1_465' title='bbox 1263 1609 1408 1643; x_wconf 84' lang='lat' dir='ltr'><strong>simam;</strong></span> <span class='ocrx_word' id='word_1_466' title='bbox 1437 1617 1520 1638; x_wconf 89' lang='lat' dir='ltr'><strong>nam</strong></span> <span class='ocrx_word' id='word_1_467' title='bbox 1541 1617 1613 1650; x_wconf 88' lang='lat' dir='ltr'><strong>quo</strong></span> <span class='ocrx_word' id='word_1_468' title='bbox 1643 1602 1830 1648; x_wconf 88' lang='lat' dir='ltr'><strong>pulchrior</strong></span> <span class='ocrx_word' id='word_1_469' title='bbox 1852 1609 1903 1637; x_wconf 89' lang='lat' dir='ltr'><strong>est</strong></span> <span class='ocrx_word' id='word_1_470' title='bbox 1926 1602 2081 1642; x_wconf 88' lang='lat' dir='ltr'><strong>semina,</strong></span> <span class='ocrx_word' id='word_1_471' title='bbox 2109 1614 2150 1635; x_wconf 88' lang='lat' dir='ltr'><strong>eo</strong></span> <span class='ocrx_word' id='word_1_472' title='bbox 2175 1612 2260 1633; x_wconf 88' lang='lat' dir='ltr'><strong>con-</strong></span> 
     </span>
     <span class='ocr_line' id='line_1_78' title="bbox 1263 1651 2261 1701; baseline -0.006 -11"><span class='ocrx_word' id='word_1_473' title='bbox 1263 1657 1417 1701; x_wconf 83' lang='lat' dir='ltr'><strong>spectior</strong></span> <span class='ocrx_word' id='word_1_474' title='bbox 1442 1657 1481 1690; x_wconf 91' lang='lat' dir='ltr'><strong>fit</strong></span> <span class='ocrx_word' id='word_1_475' title='bbox 1505 1656 1580 1690; x_wconf 89' lang='lat' dir='ltr'><strong>eius</strong></span> <span class='ocrx_word' id='word_1_476' title='bbox 1605 1656 1792 1700; x_wconf 89' lang='lat' dir='ltr'><strong>turpitudo</strong></span> <span class='ocrx_word' id='word_1_477' title='bbox 1819 1661 1854 1688; x_wconf 89' lang='lat' dir='ltr'><strong>et</strong></span> <span class='ocrx_word' id='word_1_478' title='bbox 1882 1653 2102 1688; x_wconf 85' lang='lat' dir='ltr'><strong>deformitas.</strong></span> <span class='ocrx_word' id='word_1_479' title='bbox 2161 1651 2261 1686; x_wconf 87' lang='lat' dir='ltr'><strong>Non-</strong></span> 
     </span>
     <span class='ocr_line' id='line_1_79' title="bbox 1264 1703 2260 1741; baseline -0.006 0"><span class='ocrx_word' id='word_1_480' title='bbox 1264 1708 1353 1741; x_wconf 87' lang='lat' dir='ltr'><strong>nulli</strong></span> <span class='ocrx_word' id='word_1_481' title='bbox 1371 1720 1457 1741; x_wconf 88' lang='lat' dir='ltr'><strong>vero</strong></span> <span class='ocrx_word' id='word_1_482' title='bbox 1476 1709 1625 1741; x_wconf 86' lang='lat' dir='ltr'><strong>tradunt</strong></span> <span class='ocrx_word' id='word_1_483' title='bbox 1641 1707 1739 1740; x_wconf 89' lang='lat' dir='ltr'><strong>illam</strong></span> <span class='ocrx_word' id='word_1_484' title='bbox 1759 1707 1865 1741; x_wconf 84' lang='lat' dir='ltr'><strong>fuisse</strong></span> <span class='ocrx_word' id='word_1_485' title='bbox 1883 1707 1928 1740; x_wconf 88' lang='lat' dir='ltr'><strong>ab</strong></span> <span class='ocrx_word' id='word_1_486' title='bbox 1944 1717 2027 1740; x_wconf 88' lang='lat' dir='ltr'><strong>ursa</strong></span> <span class='ocrx_word' id='word_1_487' title='bbox 2049 1703 2260 1738; x_wconf 81' lang='lat' dir='ltr'><strong>dilaniatam</strong></span> 
     </span>
     <span class='ocr_line' id='line_1_80' title="bbox 1264 1757 2262 1805; baseline -0.003 -13"><span class='ocrx_word' id='word_1_488' title='bbox 1264 1759 1466 1794; x_wconf 82' lang='lat' dir='ltr'><strong>venatione.</strong></span> <span class='ocrx_word' id='word_1_489' title='bbox 1519 1759 1583 1794; x_wconf 88' lang='lat' dir='ltr'><strong>Est</strong></span> <span class='ocrx_word' id='word_1_490' title='bbox 1605 1760 1726 1805; x_wconf 87' lang='lat' dir='ltr'><strong>itaque</strong></span> <span class='ocrx_word' id='word_1_491' title='bbox 1752 1758 1965 1799; x_wconf 87' lang='lat' dir='ltr'><strong>verisimile,</strong></span> <span class='ocrx_word' id='word_1_492' title='bbox 2000 1757 2157 1791; x_wconf 83' lang='lat' dir='ltr'><strong>fabulam</strong></span> <span class='ocrx_word' id='word_1_493' title='bbox 2188 1767 2262 1790; x_wconf 89' lang='lat' dir='ltr'><strong>esse</strong></span> 
     </span>
     <span class='ocr_line' id='line_1_81' title="bbox 1265 1807 2264 1856; baseline -0.003 -11"><span class='ocrx_word' id='word_1_494' title='bbox 1265 1812 1452 1845; x_wconf 84' lang='lat' dir='ltr'><strong>confictam</strong></span> <span class='ocrx_word' id='word_1_495' title='bbox 1468 1811 1601 1856; x_wconf 90' lang='lat' dir='ltr'><strong>partim</strong></span> <span class='ocrx_word' id='word_1_496' title='bbox 1622 1823 1663 1845; x_wconf 90' lang='lat' dir='ltr'><strong>ex</strong></span> <span class='ocrx_word' id='word_1_497' title='bbox 1679 1809 1827 1845; x_wconf 83' lang='lat' dir='ltr'><strong>historia</strong></span> <span class='ocrx_word' id='word_1_498' title='bbox 1839 1837 1849 1851; x_wconf 92' lang='lat'><strong>,</strong></span> <span class='ocrx_word' id='word_1_499' title='bbox 1877 1809 2009 1855; x_wconf 88' lang='lat' dir='ltr'><strong>partim</strong></span> <span class='ocrx_word' id='word_1_500' title='bbox 2027 1821 2069 1844; x_wconf 81' lang='lat' dir='ltr'><strong>ex</strong></span> <span class='ocrx_word' id='word_1_501' title='bbox 2088 1807 2264 1842; x_wconf 86' lang='lat' dir='ltr'><strong>moribus.</strong></span> 
     </span>
     <span class='ocr_line' id='line_1_82' title="bbox 1265 1859 2264 1897; baseline -0.004 -1"><span class='ocrx_word' id='word_1_502' title='bbox 1265 1864 1382 1897; x_wconf 84' lang='lat' dir='ltr'><strong>Porro</strong></span> <span class='ocrx_word' id='word_1_503' title='bbox 1407 1862 1561 1897; x_wconf 88' lang='lat' dir='ltr'><strong>Ovidius</strong></span> <span class='ocrx_word' id='word_1_504' title='bbox 1593 1863 1731 1897; x_wconf 88' lang='lat' dir='ltr'><strong>erudite</strong></span> <span class='ocrx_word' id='word_1_505' title='bbox 1755 1869 1789 1895; x_wconf 91' lang='lat' dir='ltr'><strong>et</strong></span> <span class='ocrx_word' id='word_1_506' title='bbox 1823 1861 2064 1896; x_wconf 87' lang='lat' dir='ltr'><strong>astronomice</strong></span> <span class='ocrx_word' id='word_1_507' title='bbox 2095 1859 2264 1894; x_wconf 85' lang='lat' dir='ltr'><strong>describit</strong></span> 
     </span>
     <span class='ocr_line' id='line_1_83' title="bbox 1264 1910 2264 1960; baseline -0.005 -12"><span class='ocrx_word' id='word_1_508' title='bbox 1264 1915 1371 1949; x_wconf 87' lang='lat' dir='ltr'><strong>situm</strong></span> <span class='ocrx_word' id='word_1_509' title='bbox 1387 1915 1570 1950; x_wconf 87' lang='lat' dir='ltr'><strong>stellarum</strong></span> <span class='ocrx_word' id='word_1_510' title='bbox 1582 1942 1591 1955; x_wconf 95' lang='lat'><strong>,</strong></span> <span class='ocrx_word' id='word_1_511' title='bbox 1621 1914 1751 1960; x_wconf 88' lang='lat' dir='ltr'><strong>quibus</strong></span> <span class='ocrx_word' id='word_1_512' title='bbox 1768 1913 1881 1948; x_wconf 84' lang='lat' dir='ltr'><strong>Ursae</strong></span> <span class='ocrx_word' id='word_1_513' title='bbox 1898 1913 1995 1947; x_wconf 86' lang='lat' dir='ltr'><strong>sidus</strong></span> <span class='ocrx_word' id='word_1_514' title='bbox 2020 1910 2264 1951; x_wconf 86' lang='lat' dir='ltr'><strong>constituitur,</strong></span> 
     </span>
     <span class='ocr_line' id='line_1_84' title="bbox 1267 1963 1803 2012; baseline -0.006 -11"><span class='ocrx_word' id='word_1_515' title='bbox 1267 1980 1347 2001; x_wconf 84' lang='lat' dir='ltr'><strong>cum</strong></span> <span class='ocrx_word' id='word_1_516' title='bbox 1367 1966 1485 2012; x_wconf 89' lang='lat' dir='ltr'><strong>inquit</strong></span> <span class='ocrx_word' id='word_1_517' title='bbox 1511 1966 1606 2012; x_wconf 77' lang='lat' dir='ltr'><strong>(Vss.</strong></span> <span class='ocrx_word' id='word_1_518' title='bbox 1624 1963 1700 2000; x_wconf 88' lang='grc'><strong>516</strong></span> <span class='ocrx_word' id='word_1_519' title='bbox 1716 1965 1803 2011; x_wconf 85' lang='lat' dir='ltr'><strong>sq.):</strong></span> 
     </span>
    </p>
   </div>
   <div class='ocr_carea' id='block_1_22' title="bbox 1324 2033 2262 2130">
    <p class='ocr_par' dir='ltr' id='par_1_23' title="bbox 1324 2033 2262 2130">
     <span class='ocr_line' id='line_1_85' title="bbox 1750 2033 2098 2067; baseline 0 -1"><span class='ocrx_word' id='word_1_520' title='bbox 1750 2034 1808 2067; x_wconf 70' lang='lat' dir='ltr'><strong>ube·</strong></span> <span class='ocrx_word' id='word_1_521' title='bbox 1832 2033 1978 2066; x_wconf 74' lang='lat' dir='ltr'><strong>circulus</strong></span> <span class='ocrx_word' id='word_1_522' title='bbox 1996 2044 2098 2066; x_wconf 72' lang='lat' dir='ltr'><strong>axem</strong></span> 
     </span>
     <span class='ocr_line' id='line_1_86' title="bbox 1324 2084 2262 2130; baseline -0.005 -8"><span class='ocrx_word' id='word_1_523' title='bbox 1324 2089 1468 2122; x_wconf 74' lang='lat' dir='ltr'><strong>Ultimus</strong></span> <span class='ocrx_word' id='word_1_524' title='bbox 1484 2092 1672 2120; x_wconf 63' lang='lat' dir='ltr'><strong>extremum</strong></span> <span class='ocrx_word' id='word_1_525' title='bbox 1684 2111 1694 2125; x_wconf 91' lang='lat'><em>‚</em></span> <span class='ocrx_word' id='word_1_526' title='bbox 1721 2087 1895 2130; x_wconf 66' lang='lat' dir='ltr'><strong>spatioque</strong></span> <span class='ocrx_word' id='word_1_527' title='bbox 1912 2085 2131 2118; x_wconf 73' lang='lat' dir='ltr'><strong>brevissimus</strong></span> <span class='ocrx_word' id='word_1_528' title='bbox 2146 2084 2262 2118; x_wconf 74' lang='lat' dir='ltr'><strong>ambit.</strong></span> 
     </span>
    </p>
   </div>
   <div class='ocr_carea' id='block_1_23' title="bbox 1268 2152 2266 2498">
    <p class='ocr_par' dir='ltr' id='par_1_24' title="bbox 1268 2152 2266 2498">
     <span class='ocr_line' id='line_1_87' title="bbox 1268 2152 2265 2198; baseline -0.005 -9"><span class='ocrx_word' id='word_1_529' title='bbox 1268 2155 1330 2189; x_wconf 87' lang='lat' dir='ltr'><strong>Est</strong></span> <span class='ocrx_word' id='word_1_530' title='bbox 1348 2156 1442 2188; x_wconf 88' lang='lat' dir='ltr'><strong>enim</strong></span> <span class='ocrx_word' id='word_1_531' title='bbox 1464 2154 1554 2188; x_wconf 83' lang='lat' dir='ltr'><strong>Ursa</strong></span> <span class='ocrx_word' id='word_1_532' title='bbox 1571 2153 1704 2187; x_wconf 86' lang='lat' dir='ltr'><strong>arctico</strong></span> <span class='ocrx_word' id='word_1_533' title='bbox 1726 2153 1859 2186; x_wconf 86' lang='lat' dir='ltr'><strong>circulo</strong></span> <span class='ocrx_word' id='word_1_534' title='bbox 1873 2179 1882 2193; x_wconf 93' lang='lat'><strong>,</strong></span> <span class='ocrx_word' id='word_1_535' title='bbox 1910 2153 1971 2198; x_wconf 91' lang='lat' dir='ltr'><strong>qui</strong></span> <span class='ocrx_word' id='word_1_536' title='bbox 1991 2153 2035 2185; x_wconf 87' lang='lat' dir='ltr'><strong>ad</strong></span> <span class='ocrx_word' id='word_1_537' title='bbox 2051 2152 2265 2197; x_wconf 86' lang='lat' dir='ltr'><strong>septentrio-</strong></span> 
     </span>
     <span class='ocr_line' id='line_1_88' title="bbox 1268 2203 2264 2245; baseline -0.005 -4"><span class='ocrx_word' id='word_1_538' title='bbox 1268 2219 1349 2240; x_wconf 89' lang='lat' dir='ltr'><strong>nem</strong></span> <span class='ocrx_word' id='word_1_539' title='bbox 1374 2212 1553 2240; x_wconf 81' lang='lat' dir='ltr'><strong>extremus</strong></span> <span class='ocrx_word' id='word_1_540' title='bbox 1579 2211 1612 2237; x_wconf 90' lang='lat' dir='ltr'><strong>et</strong></span> <span class='ocrx_word' id='word_1_541' title='bbox 1641 2205 1871 2238; x_wconf 84' lang='lat' dir='ltr'><strong>brevissimus</strong></span> <span class='ocrx_word' id='word_1_542' title='bbox 1896 2210 1966 2245; x_wconf 89' lang='lat' dir='ltr'><strong>est,</strong></span> <span class='ocrx_word' id='word_1_543' title='bbox 2008 2203 2165 2243; x_wconf 82' lang='lat' dir='ltr'><strong>inclusa,</strong></span> <span class='ocrx_word' id='word_1_544' title='bbox 2198 2214 2264 2236; x_wconf 90' lang='lat' dir='ltr'><strong>nec</strong></span> 
     </span>
     <span class='ocr_line' id='line_1_89' title="bbox 1269 2254 2266 2304; baseline -0.005 -12"><span class='ocrx_word' id='word_1_545' title='bbox 1269 2270 1429 2304; x_wconf 91' lang='lat' dir='ltr'><strong>unquam</strong></span> <span class='ocrx_word' id='word_1_546' title='bbox 1455 2256 1638 2290; x_wconf 86' lang='lat' dir='ltr'><strong>descendit</strong></span> <span class='ocrx_word' id='word_1_547' title='bbox 1661 2257 1725 2290; x_wconf 87' lang='lat' dir='ltr'><strong>sub</strong></span> <span class='ocrx_word' id='word_1_548' title='bbox 1751 2254 1997 2297; x_wconf 86' lang='lat' dir='ltr'><strong>horizontem,</strong></span> <span class='ocrx_word' id='word_1_549' title='bbox 2030 2256 2091 2289; x_wconf 89' lang='lat' dir='ltr'><strong>sed</strong></span> <span class='ocrx_word' id='word_1_550' title='bbox 2116 2260 2266 2300; x_wconf 88' lang='lat' dir='ltr'><strong>propter</strong></span> 
     </span>
     <span class='ocr_line' id='line_1_90' title="bbox 1270 2306 2264 2354; baseline -0.004 -11"><span class='ocrx_word' id='word_1_551' title='bbox 1270 2309 1504 2343; x_wconf 86' lang='lat' dir='ltr'><strong>elevationem</strong></span> <span class='ocrx_word' id='word_1_552' title='bbox 1523 2320 1664 2353; x_wconf 81' lang='lat' dir='ltr'><strong>semper</strong></span> <span class='ocrx_word' id='word_1_553' title='bbox 1679 2314 1786 2342; x_wconf 89' lang='lat' dir='ltr'><strong>extat.</strong></span> <span class='ocrx_word' id='word_1_554' title='bbox 1838 2306 1961 2354; x_wconf 87' lang='lat' dir='ltr'><strong>Itaque</strong></span> <span class='ocrx_word' id='word_1_555' title='bbox 1979 2313 2014 2341; x_wconf 85' lang='lat' dir='ltr'><strong>et</strong></span> <span class='ocrx_word' id='word_1_556' title='bbox 2036 2306 2182 2351; x_wconf 86' lang='lat' dir='ltr'><strong>fingitur</strong></span> <span class='ocrx_word' id='word_1_557' title='bbox 2209 2317 2264 2339; x_wconf 85' lang='lat' dir='ltr'><strong>ar-</strong></span> 
     </span>
     <span class='ocr_line' id='line_1_91' title="bbox 1270 2357 2265 2406; baseline -0.006 -11"><span class='ocrx_word' id='word_1_558' title='bbox 1270 2361 1341 2395; x_wconf 88' lang='lat' dir='ltr'><strong>ceri</strong></span> <span class='ocrx_word' id='word_1_559' title='bbox 1368 2361 1412 2393; x_wconf 90' lang='lat' dir='ltr'><strong>ab</strong></span> <span class='ocrx_word' id='word_1_560' title='bbox 1437 2360 1605 2400; x_wconf 83' lang='lat' dir='ltr'><strong>Oceano,</strong></span> <span class='ocrx_word' id='word_1_561' title='bbox 1637 2372 1682 2393; x_wconf 90' lang='lat' dir='ltr'><strong>ne</strong></span> <span class='ocrx_word' id='word_1_562' title='bbox 1708 2361 1833 2394; x_wconf 88' lang='lat' dir='ltr'><strong>subeat</strong></span> <span class='ocrx_word' id='word_1_563' title='bbox 1857 2371 1988 2406; x_wconf 86' lang='lat' dir='ltr'><strong>aquas,</strong></span> <span class='ocrx_word' id='word_1_564' title='bbox 2024 2357 2092 2393; x_wconf 88' lang='lat' dir='ltr'><strong>hoc</strong></span> <span class='ocrx_word' id='word_1_565' title='bbox 2116 2358 2186 2398; x_wconf 80' lang='lat' dir='ltr'><strong>est&#39;,</strong></span> <span class='ocrx_word' id='word_1_566' title='bbox 2219 2369 2265 2390; x_wconf 89' lang='lat' dir='ltr'><strong>ne</strong></span> 
     </span>
     <span class='ocr_line' id='line_1_92' title="bbox 1271 2410 2265 2454; baseline -0.003 -10"><span class='ocrx_word' id='word_1_567' title='bbox 1271 2412 1424 2450; x_wconf 85' lang='lat' dir='ltr'><strong>occidat;</strong></span> <span class='ocrx_word' id='word_1_568' title='bbox 1469 2412 1638 2445; x_wconf 86' lang='lat' dir='ltr'><strong>dicuntur</strong></span> <span class='ocrx_word' id='word_1_569' title='bbox 1681 2412 1776 2445; x_wconf 88' lang='lat' dir='ltr'><strong>enim</strong></span> <span class='ocrx_word' id='word_1_570' title='bbox 1810 2411 1927 2446; x_wconf 87' lang='lat' dir='ltr'><strong>sidera</strong></span> <span class='ocrx_word' id='word_1_571' title='bbox 1962 2410 2081 2445; x_wconf 88' lang='lat' dir='ltr'><strong>subire</strong></span> <span class='ocrx_word' id='word_1_572' title='bbox 2115 2420 2265 2454; x_wconf 85' lang='lat' dir='ltr'><strong>aequor,</strong></span> 
     </span>
     <span class='ocr_line' id='line_1_93' title="bbox 1270 2464 1553 2498; baseline 0.004 -1"><span class='ocrx_word' id='word_1_573' title='bbox 1270 2477 1349 2498; x_wconf 89' lang='lat' dir='ltr'><strong>cum</strong></span> <span class='ocrx_word' id='word_1_574' title='bbox 1374 2464 1553 2498; x_wconf 88' lang='lat' dir='ltr'><strong>occidunt.</strong></span> 
     </span>
    </p>
   </div>
   <div class='ocr_carea' id='block_1_24' title="bbox 1306 2617 1765 2754">
    <p class='ocr_par' dir='ltr' id='par_1_25' title="bbox 1306 2617 1765 2754">
     <span class='ocr_line' id='line_1_94' title="bbox 1306 2617 1728 2649; baseline 0 -7"><span class='ocrx_word' id='word_1_575' title='bbox 1306 2618 1354 2649; x_wconf 81' lang='lat'><strong>47)</strong></span> <span class='ocrx_word' id='word_1_576' title='bbox 1373 2617 1450 2643; x_wconf 85' lang='lat' dir='ltr'><strong>Ovid.</strong></span> <span class='ocrx_word' id='word_1_577' title='bbox 1469 2619 1534 2643; x_wconf 81' lang='lat' dir='ltr'><strong>Met.</strong></span> <span class='ocrx_word' id='word_1_578' title='bbox 1553 2618 1588 2649; x_wconf 82' lang='lat' dir='ltr'><strong>n,</strong></span> <span class='ocrx_word' id='word_1_579' title='bbox 1603 2617 1655 2642; x_wconf 82' lang='lat'><strong>367</strong></span> <span class='ocrx_word' id='word_1_580' title='bbox 1671 2624 1728 2648; x_wconf 76' lang='lat' dir='ltr'><strong>sqq.</strong></span> 
     </span>
     <span class='ocr_line' id='line_1_95' title="bbox 1309 2669 1765 2701; baseline -0.007 -7"><span class='ocrx_word' id='word_1_581' title='bbox 1309 2671 1353 2700; x_wconf 61' lang='lat' dir='ltr'><strong>aa)</strong></span> <span class='ocrx_word' id='word_1_582' title='bbox 1374 2670 1454 2695; x_wconf 74' lang='lat' dir='ltr'><strong>evm.</strong></span> <span class='ocrx_word' id='word_1_583' title='bbox 1473 2672 1540 2695; x_wconf 75' lang='lat' dir='ltr'><strong>met.</strong></span> <span class='ocrx_word' id='word_1_584' title='bbox 1557 2670 1590 2701; x_wconf 87' lang='lat'><strong>11,</strong></span> <span class='ocrx_word' id='word_1_585' title='bbox 1607 2669 1765 2695; x_wconf 70' lang='lat'><strong>422-530.</strong></span> 
     </span>
     <span class='ocr_line' id='line_1_96' title="bbox 1308 2722 1582 2754; baseline 0.007 -9"><span class='ocrx_word' id='word_1_586' title='bbox 1308 2722 1353 2753; x_wconf 73' lang='lat'><strong>4¹³)</strong></span> <span class='ocrx_word' id='word_1_587' title='bbox 1377 2722 1458 2746; x_wconf 83' lang='lat' dir='ltr'><strong>Prov.</strong></span> <span class='ocrx_word' id='word_1_588' title='bbox 1480 2723 1521 2754; x_wconf 82' lang='lat'><strong>11,</strong></span> <span class='ocrx_word' id='word_1_589' title='bbox 1539 2722 1582 2747; x_wconf 82' lang='lat'><strong>22.</strong></span> 
     </span>
    </p>
   </div>
  </div>
 </body>
</html>
