2341 2973
193 92 265 127 579
789 86 912 123 PHIL.
940 85 1053 121 MEL.

362 190 556 236 Cephali
582 191 781 225 iaculum
812 198 851 224 et
881 190 1019 224 canis.

247 278 306 312 Vs.
323 276 409 310 771.
444 278 563 310 Poscor
585 280 616 309 et
641 278 711 319 ipse
734 288 841 309 meum
868 286 1029 309 consensu
1048 274 1196 315 Laelapa

612 339 746 371 mayne-
1004 330 1013 335 ⁸

301 403 400 437 Sicut
417 401 528 436 Attila
548 414 629 441 rex,
665 400 748 446 quia
776 399 972 432 acerrimus
998 397 1065 431 fuit
1089 398 1198 432 bella·
1223 371 1229 462 ῑ

198 465 275 495 tor,
313 453 445 487 dicitur
469 451 633 486 habuisse
659 451 819 495 gladium
841 449 986 484 Martis:
1020 449 1067 482 ita
1090 449 1197 483 etiam

199 504 397 551 Cephalus,
427 504 509 549 quia
528 502 675 547 insignis
692 502 759 535 fuit
776 508 948 539 venator,
977 501 1122 544 fingitur
1137 498 1200 533 ha-

199 558 315 592 buisse
341 555 495 589 iaculum
521 560 555 587 et
581 565 704 587 canem
731 552 882 587 Dianae.
944 552 1111 585 Meminit
1135 551 1200 585 Ce-

199 608 261 655 ph
254 609 298 641 di
312 603 542 650 Xenophon'
532 618 569 638 111
588 605 648 639 lib.
668 606 710 638 de
730 604 942 642 venatione,
970 615 1124 648 eumque
1147 603 1201 635 in-

200 669 255 693 tei
279 657 530 692 celeberrimos
567 662 755 689 venatores
786 661 965 688 numerat.
1040 653 1199 687 laculum

201 712 309 755 igitur
328 707 417 742 nihil
432 708 528 742 aliud
547 708 740 752 significat,
768 706 835 740 nisi
854 718 957 739 usum
977 717 1016 737 ac.
1034 705 1199 748 peritiam

202 760 371 795 xenandi.
426 759 495 792 Per
523 771 645 792 canem
674 770 759 791 v·e10
788 756 999 800 intelligitur
1026 755 1078 797 (ut
1106 756 1200 789 arbi·

202 812 295 859 tror)
313 823 431 845 comes
451 818 483 844 et
503 810 665 844 minister
683 808 859 855 quispiam
888 820 967 840 xen
961 806 1110 847 dionis,
1144 807 1200 840 cui

202 875 337 898 nomen
354 862 474 897 Canis.
526 862 619 897 Nam
637 860 788 894 loannes
807 859 926 892 Tzetz
921 872 936 890 i
965 858 1085 891 scribit
1105 855 1200 891 hunc

202 918 316 961 ipsum
339 927 356 948 a
375 913 498 948 Minoe
519 913 666 947 missum
682 911 788 945 fuisse
809 908 989 954 Cephalo,
1018 909 1122 954 eique
1146 921 1200 942 re-

201 967 340 1001 duxisse
367 964 519 998 Procrin
551 963 840 1000 reconciliatam,
887 974 925 993 ac
960 967 1081 1003 postea
1117 972 1200 993 con-

720 1096 775 1131 ln
811 1096 1016 1129 librum
1046 1094 1137 1129 Vlll.

290 1194 350 1229 De
378 1193 552 1239 Scylla,
588 1191 690 1227 Nisi
718 1190 843 1231 filia,
879 1196 920 1223 et
943 1189 1110 1224 Minoe.

302 1271 498 1308 Dissimilia
518 1270 679 1316 exempla
700 1268 757 1303 hic
773 1269 996 1303 observanda
1020 1273 1121 1302 sunt:
1150 1266 1199 1299 al-

201 1334 317 1361 terum
336 1324 495 1364 sceleris,
522 1323 676 1357 alterum
694 1320 848 1355 virtutis.
909 1318 948 1352 ln
964 1319 1080 1365 Scylla
1107 1317 1199 1351 vitu-

201 1384 349 1425 petatur
365 1376 498 1416 scelus,
532 1376 629 1421 quod
652 1374 727 1418 ipsa
753 1373 789 1406 in
816 1371 971 1416 patriam
998 1377 1033 1404 et
1060 1376 1199 1415 patrem

202 1427 398 1467 commisit,
440 1427 477 1460 in
500 1426 624 1461 Minoe
650 1424 925 1459 commendatur
958 1422 1090 1461 virtus,
1134 1421 1201 1454 im-

201 1482 299 1526 piam
317 1487 352 1514 et
367 1478 543 1513 nefariam
560 1477 717 1522 puellam
736 1477 932 1510 detestante
950 1474 1044 1519 (Vss.
1055 1472 1103 1507 97
1114 1485 1166 1519 sq.
1159 1472 1200 1520 .):
1227 1494 1229 1500 ι

259 1543 306 1575 Di
321 1546 353 1575 ie
369 1540 594 1578 submoveant,
622 1536 661 1571 ο]
689 1538 797 1571 nostri
815 1535 958 1578 infamia
974 1535 1097 1574 saecli,
1227 1547 1231 1573 3
1258 1547 1265 1554 ·

257 1593 342 1626 Orbe
358 1604 436 1631 suo,
463 1591 622 1635 tellusque
638 1589 700 1622 filu·
715 1593 900 1632 pontusque
918 1592 1056 1629 neyetur
1072 1585 1113 1630 ¹),

204 1652 342 1686 Obserx
346 1651 459 1684 a·ndte
490 1655 573 1683 sunt
602 1648 686 1681 item
725 1645 978 1679 exornationes
1011 1643 1202 1678 sententia·
1228 1653 1231 1662 ¹

204 1716 306 1742 r,um
348 1702 477 1748 quibus
509 1699 760 1744 exprimuntur
781 1696 986 1730 fluctuantis
1013 1695 1125 1729 animi
1154 1696 1203 1727 ai-

204 1756 333 1792 fectus;
362 1760 396 1786 et
412 1751 672 1786 consideraaindi
698 1755 780 1783 sunt
806 1754 1038 1792 Mirgumenti,
1075 1746 1204 1793 quilius

205 1806 319 1851 Scylla
345 1804 460 1838 utitur
486 1804 530 1836 ad
555 1801 820 1836 extenuandum
849 1799 1064 1843 proditionis
1092 1798 1204 1832 scelus
1230 1797 1232 1809 '

207 1857 301 1901 (Vss.
319 1855 369 1891 56
379 1875 427 1882 -
437 1854 517 1900 59.)
529 1868 534 1887 z

752 1924 848 1954 saepe
865 1912 944 1944 utile
963 1913 1051 1944 vinci

265 1969 408 2002 Victoris
422 1968 550 2009 placidi
561 1966 643 2008 feci!
659 1965 834 1997 clementia
850 1964 976 1996 multis.

263 2022 354 2052 Iusta
369 2030 428 2061 qer
432 2020 457 2051 it
476 2023 564 2051 cert(
579 2029 641 2060 11²⁰
658 2022 735 2049 nato
753 2016 839 2049 bella
854 2019 1041 2057 perempto,

264 2072 318 2103 Εἰ
316 2072 344 2113 ·’)
364 2082 527 2115 causaque
545 2069 628 2102 calet
644 2079 843 2112 (ausumque
862 2067 1030 2100 tuentibus
1048 2076 1089 2097 ar
1093 2065 1168 2097 mis.
1232 2047 1234 2068 ι

210 2130 265 2164 Sic
283 2129 377 2162 enim
396 2129 606 2174 plerumque
624 2132 922 2171 argumentantur
946 2123 1150 2170 proditores
1174 2129 1208 2156 et
1232 2128 1234 2177 J

210 2181 411 2227 parricidae
429 2180 584 2225 patriie‚
613 2179 887 2225 praetendentes
901 2176 1114 2216 bonitatem,
1140 2175 1207 2208 cle·
1233 2211 1235 2224 Δ

210 2232 407 2272 mentiam,
440 2231 611 2265 iustitiam
636 2238 669 2264 et
693 2229 891 2276 potentiam
914 2227 1037 2263 hostis.
1098 2227 1206 2261 Prae·
1233 2231 1235 2263 -J

213 2292 309 2319 terea
336 2282 393 2317 hic
421 2282 526 2316 etiam
551 2283 650 2316 locus
675 2280 963 2317 consideratione
987 2279 1115 2323 dignus
1145 2285 1207 2315 est,
1233 2286 1235 2325 l

212 2338 272 2371 ubi
290 2336 405 2380 Scylla
424 2334 472 2368 sic
489 2335 658 2368 exclamat
685 2333 779 2377 (Vss.
800 2330 1062 2376 125—127.)2
1232 2327 1237 2382 l

832 2394 932 2435 e’Jw‘ye
947 2403 1071 2434 poenas
1082 2416 1092 2430 ,
1233 2385 1237 2410 ¹

267 2451 349 2481 ivise
363 2452 478 2490 pater.-
500 2447 641 2489 ιιμυιάσίε
657 2445 756 2477 malis
775 2446 867 2476 „mdo
881 2445 1016 2485 proditu
1033 2443 1160 2475 nostris·

270 2500 417 2532 Moenia.

1236 2540 1237 2563 l

862 2623 940 2648 ovid.
963 2624 1009 2648 Ed.
1030 2623 1138 2647 Mitscli,
1162 2629 1210 2647 ne-
1236 2629 1238 2648 3

1236 2653 1238 2666 1

256 2630 283 2655 a]
304 2629 438 2660 neyetur]
460 2628 501 2652 sic
520 2627 603 2652 Editt.
623 2626 713 2656 1555„
734 2624 827 2651 1559.;

290 2665 401 2693 flentur.

308 2715 359 2742 tit]
379 2714 418 2738 sic
437 2714 518 2738 mdiu.
538 2713 629 2739 1555*
650 2711 743 2739 1559.:
770 2709 847 2736 ovid.
869 2710 918 2733 Ed.
939 2709 1046 2732 Musca.
1071 2709 1110 2732 [ιι.

1082 85 1283 122 SCRIPTA
1312 86 1648 122 PHILOLOGICA.

1233 2078 1234 2084 ¹
1261 2063 1495 2096 matrimonio
1514 2061 1657 2103 habuit,

2172 85 2248 123 580

1250 185 1408 217 gressum
1435 186 1513 207 cum
1532 173 1670 218 Vulpe,
1697 170 1957 206 Thebanorum
1986 170 2108 213 hoste,
2141 172 2249 206 simul

1251 236 1330 257 cum
1359 224 1419 257 illo
1445 225 1591 269 periisse
1616 231 1810 270 utrumque
1836 223 1981 267 navigio
2011 225 2055 257 ad
2082 223 2249 268 scopulos

1251 275 1361 309 maris
1380 276 1513 309 fracto:
1549 274 1632 309 hinc
1651 282 1684 309 et
1702 282 1824 308 natam
1843 287 1916 308 esse
1934 274 2091 308 fabulam
2111 275 2155 309 de
2173 286 2249 308 am·

1252 327 1366 360 bobus
1385 327 1421 359 in
1439 339 1622 360 marmora
1642 340 1703 361 seu
1721 332 1842 371 petras
1859 326 2051 360 conversis.

1304 412 1497 446 Procris
1526 411 1739 456 suspicax
1771 412 1861 445 telo
1893 411 2197 446 interficitur.

1305 481 1364 514 Vs.
1382 480 1467 516 826.
1498 482 1642 515 Credula
1661 492 1715 514 res·
1732 492 1826 514 amm·
1841 486 1900 514 est.

1357 539 1583 584 Suspiciones
1618 540 1655 572 in
1691 539 1923 573 matrimonio
1956 551 2060 584 saepe
2094 538 2250 572 afferunt

1256 603 1422 635 magnam
1441 591 1680 624 calamitatem
1694 617 1702 631 ,
1732 603 1842 636 quare
1860 589 1927 624 hoc
1945 591 2108 635 exemplo
2124 591 2249 624 admo-

1255 654 1402 682 nemur,
1425 655 1468 676 ne
1485 642 1747 687 suspicionibus
1764 642 1951 675 materiam
1976 649 2037 676 ant
2053 643 2170 683 locum
2188 642 2249 675 de-

1255 706 1345 727 mus.
1399 692 1449 726 lta
1468 693 1620 728 Ovidius
1644 694 1793 739 ipsemet
1816 691 1908 726 hanc
1929 693 2084 727 fabulam
2110 705 2248 727 accom-

1256 746 1401 784 modat,
1426 746 1469 778 de
1483 751 1560 778 arte
1579 744 1817 790 amandi¹⁰⁰),
1846 744 1907 777 ubi
1924 744 2058 790 inquit:

1306 808 1358 839 Ne
1373 807 1436 839 cito
1453 807 1648 839 credideris.
1704 807 1874 847 Quantum
1892 807 1957 839 cito
1975 807 2107 839 eredere
2126 805 2248 846 laedat,

1307 858 1506 899 Exemplum
1523 858 1612 890 vohis
1628 870 1693 890 ηοη
1712 858 1779 890 lere
1799 859 1936 891 Procris
1952 859 2030 891 erit.

1292 973 1355 1001 100)
1376 972 1455 997 Ovid.
1479 974 1538 996 Art.
1558 974 1638 996 amat.
1660 972 1707 998 ln.
1725 973 1775 997 665
1791 979 1828 1002 sq.

1187 1089 1735 1136 Metamorphoseon.

1253 1185 1331 1220 Hoc
1351 1185 1524 1220 nimirum
1544 1185 1634 1220 solet
1653 1197 1726 1220 esse
1745 1187 1967 1230 praemium,
2002 1183 2090 1220 haec
2114 1196 2251 1220 merces

1253 1238 1502 1283 proditorum,
1529 1244 1569 1272 ut
1586 1237 1732 1271 tandem
1752 1237 1919 1273 omnibus
1945 1237 2070 1279 invisi,
2106 1243 2141 1271 et
2167 1248 2253 1270 con-

1253 1289 1422 1324 scientiae
1439 1289 1584 1324 stimulo
1606 1288 1743 1333 agitati,
1764 1288 1907 1334 ipsimet
1924 1289 2168 1335 imprecentur
2184 1287 2252 1323 sibi

1253 1353 1401 1386 poenas.
1456 1340 1575 1376 Crinis
1595 1347 1714 1374 autem
1740 1341 1857 1375 fatalis
1880 1341 2055 1386 significat
2074 1345 2250 1376 secretum

1254 1392 1330 1428 Nisi
1364 1392 1551 1427 consilium
1566 1420 1575 1433 ,
1617 1404 1689 1438 quo
1718 1390 1881 1428 hostibus
1917 1393 2125 1433 enuntiato,
2165 1391 2252 1425 urbs

1228 1466 1229 1469 =
1255 1444 1520 1488 Megarensium
1538 1444 1681 1488 prodita
1700 1450 1734 1477 et
1750 1449 1851 1488 capta
1872 1450 1934 1478 est.

1358 1495 1492 1529 Similis
1516 1494 1663 1529 historia
1690 1501 1860 1528 narratur
1887 1496 1929 1528 de
1955 1494 2123 1528 Romilda
2139 1493 2253 1527 Foro-

1256 1546 1397 1580 iuliensi
1410 1573 1418 1586 ‚
1447 1558 1538 1592 quae
1558 1559 1636 1580 cum
1659 1546 1695 1579 in
1714 1546 1900 1580 obsidione
1918 1546 2003 1579 Fori
2019 1545 2099 1580 Iulii
2117 1545 2253 1590 oppido

1229 1634 1230 1640 ἵ
1257 1598 1461 1643 conspicata
1483 1604 1573 1632 esset
1596 1610 1715 1642 regem
1741 1598 1936 1631 barbarum
1963 1603 2078 1631 aetate
2104 1596 2253 1630 iuvenili

1256 1650 1466 1689 florentem,
1497 1662 1516 1682 a
1542 1662 1614 1695 quo
1639 1649 1812 1694 oppidum
1839 1649 2087 1690 obsidebatur,
2122 1647 2256 1693 signifi-

1229 1709 1231 1734 ἐ
1258 1701 1351 1735 cavit
1367 1701 1397 1733 ei
1424 1712 1488 1745 per
1510 1700 1679 1735 nuntium
1703 1713 1740 1735 se
1765 1700 1858 1736 cives
1883 1701 2124 1741 traditurum,
2157 1699 2188 1735 si
2209 1699 2255 1733 ab

1230 1773 1232 1779 ι
1259 1765 1300 1786 eo
1319 1752 1356 1786 in
1375 1752 1647 1787 matrimonium
1672 1753 1874 1787 duceretur.

1937 1752 2045 1799 Quod
2069 1764 2150 1786 cum
2173 1752 2255 1785 bar-

1258 1806 1366 1839 barus
1383 1816 1418 1838 se
1436 1805 1613 1838 facturum
1633 1804 1841 1849 recepisset,
1869 1804 1928 1837 illa
1953 1810 2062 1838 noctu
2081 1801 2256 1838 reseravit

1258 1863 1402 1901 portam
1434 1856 1545 1897 arcis,
1587 1856 1770 1902 inscioque
1802 1856 1936 1900 populo
1971 1854 2109 1890 hostem
2141 1855 2256 1888 intro-

1259 1908 1368 1943 misit,
1422 1906 1452 1942 ls
1470 1920 1557 1941 vero
1582 1908 1779 1953 ingressus,
1814 1907 1915 1941 iussit
1937 1907 2061 1940 urbem
2086 1905 2197 1950 diripi
2221 1911 2257 1938 et

1261 1972 1385 1993 omnes
1403 1959 1594 2000 trucidari,
1623 1965 1765 2004 praeter
1782 1958 2011 1999 Romildam‚
2039 1969 2149 2004 quam
2173 1969 2259 2002 pro-

1232 2015 1233 2018 ’
1260 2017 1340 2056 pter
1374 2011 1584 2056 religionem
1612 2010 1844 2045 iurisiurandi
1871 2010 1929 2043 illa
1957 2016 2062 2044 nocte
2088 2009 2192 2056 quasi
2219 2007 2258 2041 in

1696 2061 1868 2106 postridie
1894 2061 2044 2095 tradidit
2065 2059 2256 2095 duodecim

1260 2114 1339 2149 lixis
1354 2127 1416 2160 per
1437 2114 1529 2148 vices
1555 2115 1809 2158 stuprandamt.
1845 2119 2045 2158 stupratam
2074 2112 2158 2158 palo
2186 2111 2273 2153 suf-‚

1233 2180 1235 2195 t
1261 2166 1347 2201 fixit.

1233 2249 1510 2296 ·Pasiphae‚
1553 2250 1723 2285 Minois
1759 2262 1895 2291 uxor,
1942 2248 2067 2284 tauri
2102 2258 2257 2282 amore

1666 2301 1853 2349 capta3).

1367 2370 1552 2412 Taurum,
1587 2384 1693 2417 quem
1721 2368 1900 2416 Pasiphae
1924 2368 2079 2410 amavit,
2110 2365 2259 2402 Servius

1235 2419 1237 2468 f
1262 2421 1415 2456 scribam
1428 2449 1436 2462 ‚
1463 2421 1677 2457 Plutarchus
1694 2424 1819 2457 ducem
1836 2435 1897 2457 seu
1913 2421 2132 2467 praefectum
2148 2418 2257 2453 fuisse

1236 2483 1237 2489 ¹
1263 2474 1388 2507 tradit:

1431 2476 1526 2508 unde
1550 2475 1701 2519 intelligi
1726 2480 1861 2520 potest,
1895 2486 1937 2507 ex
1960 2471 2108 2506 nomine
2135 2469 2258 2516 aequi-

1263 2538 1353 2559 xoco
1368 2539 1403 2559 n
1397 2532 1489 2560 utam
1507 2539 1580 2562 esse
1596 2527 1767 2561 fabulam.
1820 2525 2033 2570 Exemplum
2053 2534 2139 2557 vero
2157 2520 2258 2556 Pasi-

1236 2576 1374 2628 ¹phaes
1406 2579 1529 2620 docet,
1573 2578 1814 2614 nobilissimas
1843 2577 2009 2612 mulieres
2041 2573 2181 2620 magnis
2217 2584 2258 2606 ac

1299 2706 1329 2731 3)
1350 2706 1427 2730 Ovio.
1449 2707 1513 2731 Met.
1534 2706 1606 2735 vul,
1629 2706 1684 2730 136.
