2421 3005
111 82 183 119 341
586 79 791 115 LXXXVII.

107 170 184 204 diti.
246 168 349 202 Alter
374 167 470 202 enim
499 168 681 216 (Damon)
712 169 868 204 deiectus
896 171 940 203 de
966 182 1027 215 spe
1052 182 1116 214 po-

106 221 224 256 tiundi
241 220 378 256 amasia
394 220 500 263 Nisa,
526 234 618 268 quae
633 221 764 267 Mopso
782 222 820 255 in
838 221 1113 256 matrimonium
1142 249 1143 255 ,

105 274 281 308 collocata
309 280 405 314 erat,
434 274 532 308 nulla
555 274 763 308 inconcessa
792 275 928 309 amoris
954 274 1114 308 remedIa

103 324 272 368 adhibet,
300 327 362 361 sed
381 333 522 360 tantum
539 339 642 361 suam
662 327 845 362 miseriam
865 333 900 361 et
924 326 1115 360 infelicita-

857 80 1145 116 ENARRATIO
1176 81 1458 118 BUCOLICOlN⁷
1494 82 1703 120 VIRGILH.

102 385 175 413 tem
209 380 397 425 deplorat,
438 379 658 414 intertexens
694 392 778 414 suae
803 379 970 426 querelae
998 379 1113 413 multa
1141 396 1142 401 =

103 427 279 467 ἀδύνατα
297 429 362 468 καὶ
379 429 652 479 ἀπροςὸόκητα,
678 439 875 478 propterea
895 431 994 478 quod
1009 443 1114 477 prae-

102 490 157 517 ter
173 484 339 518 omnium
359 483 570 529 opinionem
590 485 678 520 Nisa
696 485 876 530 nupsisset
893 484 1024 529 Mopso
1050 481 1115 517 ho-

101 535 213 577 mini,
252 543 295 571 ut·
324 543 608 572 consentaneum
641 544 712 579 est,
755 537 931 578 deformi,
977 543 1012 570 et
1037 548 1111 570 non

99 589 191 623 bene
208 588 385 624 instructo
403 601 422 622 a
442 602 480 624 re
498 590 692 631 familiari,
721 602 873 636 eamque
897 589 943 623 ob
968 601 1112 623 causam

100 640 271 686 indigno,
305 648 346 676 ut
367 641 580 683 videbatur,
615 642 678 676 tali
702 642 867 687 coniuge.

100 699 222 727 autem
239 691 328 728 haec
345 695 448 739 prior
464 707 550 740 pars
564 694 720 740 Eclogae
734 722 743 736 ‚
771 707 878 740 saepe
902 693 1113 740 inaequales

100 745 230 791 opibus
249 752 285 780 et
303 746 382 781 aliis
403 747 509 782 donis
532 748 609 793 lege
633 747 746 792 iugali
771 746 963 791 coniungi,
997 752 1037 780 ut
1062 745 1112 778 al-

99 804 176 832 tera
193 810 350 843 persona
370 800 431 833 det
447 812 583 845 poenas
599 800 790 845 superbiae
803 827 812 840 ,
841 811 914 846 qua
942 797 1112 845 aequales

98 850 285 885 fastidiose
305 852 534 897 contempsit.
588 853 691 887 Alter
709 850 1009 898 (Alphesiboeus)
1029 863 1109 884 cum

98 914 175 936 non
192 910 313 948 posset
328 904 440 949 potiri
457 902 653 950 Daphnide
679 905 819 939 amasio
831 932 840 945 ‚
878 902 1039 938 decurrit
1065 903 1111 936 ad

97 954 217 989 media
227 955 258 1002 ²)
281 956 518 1001 irregularia,
547 964 582 991 et
606 970 625 991 a
643 956 721 991 Deo
743 955 949 1002 prohibita,
985 955 1111 989 videli-

98 1059 246 1094 unicum
278 1058 514 1106 Daphnidem
546 1063 593 1095 ad
630 1074 665 1097 se
696 1059 911 1107 pertrahere
945 1066 1111 1100 conatur,

98 1112 190 1147 sicut
207 1112 310 1148 Circe
327 1115 425 1158 apud
446 1113 649 1148 Homerum
665 1114 738 1149 suis
762 1113 902 1159 poculis
927 1113 1112 1146 dementa-

98 1164 152 1198 vit
183 1172 385 1206 amatores,
429 1173 462 1199 et
497 1167 674 1212 quosdam
698 1166 735 1199 in
761 1177 913 1210 porcos,
956 1164 1046 1198 alios
1074 1163 1112 1196 in

98 1216 281 1264 leones²)‚
311 1217 509 1252 nonnullos
526 1218 563 1251 in
582 1216 779 1263 pantheras
796 1216 1111 1251 transformavisse

100 1268 244 1303 dicitur.
298 1269 480 1304 Narratur
496 1271 539 1304 de
559 1270 744 1316 Cypriane
762 1270 925 1315 Martyre
938 1296 946 1310 ‚
976 1274 1010 1302 et
1026 1267 1112 1312 Epi-

99 1333 209 1365 scopo
227 1319 526 1366 Carthaginensi,
556 1324 655 1368 quod
681 1329 765 1355 ante
789 1320 934 1367 suam4)
962 1331 1113 1354 conver-

99 1373 239 1408 sionem
260 1373 306 1406 ad
323 1370 527 1415 Christum,
555 1374 667 1408 fuerit
680 1374 828 1419 Magus,
865 1379 899 1407 et
926 1373 1112 1419 quandam

98 1478 164 1518 sit,
215 1478 376 1523 puellam
407 1490 495 1512 vero
525 1491 601 1513 non
635 1479 796 1524 potuisse
830 1478 925 1512 vinci
951 1475 1112 1511 carmine

99 1529 261 1574 magico,
293 1537 488 1576 propterea
514 1533 613 1578 quod
639 1532 841 1566 invocasset
857 1530 1015 1564 Mariam
1031 1528 1113 1562 Vir-

99 1582 233 1627 ginem.
288 1581 367 1617 Etsi
385 1590 506 1617 autern
535 1584 718 1629 posterior
742 1596 826 1630 pars
852 1581 961 1617 huius
986 1593 1114 1615 narra-

100 1634 230 1675 tionis,
259 1635 303 1667 de
321 1634 554 1669 invocatione
569 1637 732 1677 Mariae,
769 1637 814 1670 ab
837 1636 961 1682 aliquo
988 1646 1113 1679 super-

100 1686 242 1721 stitioso
257 1684 439 1720 monacho
464 1688 544 1721 ficta
571 1695 623 1723 est
647 1690 692 1722 ad
716 1688 969 1723 stabiliendam
996 1686 1114 1720 idolo-

99 1738 247 1773 latriam
272 1739 515 1774 invocationis
542 1747 792 1774 mortuorum:
838 1747 962 1774 tamen
997 1738 1114 1784 priori
1140 1743 1141 1747 ’

100 1791 198 1836 parti
215 1803 291 1824 non
309 1791 462 1825 omnino
479 1793 566 1827 fides
586 1793 797 1838 deroganda
816 1799 878 1826 est.
941 1791 992 1826 Ut
1015 1791 1114 1825 enim

102 1855 144 1877 ex
171 1843 288 1877 Paulo
321 1851 552 1888 persecutore
586 1852 669 1890 post
695 1845 970 1879 conversionem
999 1844 1115 1877 factus

102 1901 154 1930 est
166 1895 363 1940 Apostolus
381 1897 542 1941 gentIum
557 1924 566 1938 ,
595 1903 629 1931 et
648 1909 826 1942 organum
845 1896 913 1930 Dei
943 1897 1114 1930 electum:
1141 1909 1142 1912 ¹

101 1947 153 1981 ita
178 1947 257 1981 fieri
282 1954 421 1993 potest,
457 1956 499 1984 ut
524 1962 566 1983 ex
590 1962 698 1995 mago
719 1949 904 1996 Cypriano
931 1950 1044 1982 sactus
1071 1947 1117 1981 sit

103 2000 323 2035 clarissimus
341 1999 544 2047 Episcopus
562 2009 597 2037 et
615 2003 758 2048 Martyr
775 2001 995 2037 fortissimus
1008 2027 1016 2042 ,
1053 1999 1116 2046 qui

928 641 1114 686 Significat
1139 653 1141 657 ’

103 2052 253 2086 recitata
297 2054 477 2088 sententia
521 2055 838 2089 condemnationis
883 2052 976 2088 nihil
1016 2052 1116 2086 aliud
1142 2052 1143 2065 ³

104 2104 216 2146 dixit,
242 2104 313 2140 nisi
330 2103 401 2139 hoc
422 2119 553 2141 unum:
583 2109 661 2153 Ago
686 2107 753 2141 tibi
775 2107 930 2153 gratias,
966 2119 986 2140 o
1005 2105 1117 2145 Deus,
1143 2116 1144 2134 1

106 2158 206 2205 quod
225 2170 282 2192 me
302 2158 517 2204 participem
542 2161 669 2195 feceris
691 2172 853 2195 summae
878 2166 913 2193 et
935 2158 1117 2192 maximae

106 2209 265 2254 gloriae,
293 2208 563 2256 Prophetarum
588 2219 622 2247 et
638 2213 901 2258 Apostolorum
927 2218 961 2245 et
977 2210 1118 2256 Marty-
1144 2241 1145 2244 ,

107 2274 202 2297 rum.
270 2262 398 2310 Neque
428 2276 515 2297 vero
546 2266 785 2310 posteriorem
821 2263 928 2299 huius
953 2263 1117 2310 'Eclogae

107 2321 249 2360 partem
274 2315 525 2363 scrupulose5)
552 2330 832 2364 persequamur,
870 2330 950 2352 cum
967 2316 1035 2350 Dei
1058 2315 1118 2348 be-

109 2367 239 2401 neficio
266 2380 308 2401 ex
333 2380 420 2413 agro
451 2375 559 2415 atque
587 2370 717 2404 finibus
740 2370 920 2404 Ecclesiae
950 2367 1118 2403 extermi-

109 2426 194 2453 nata
215 2419 260 2454 sit
277 2421 418 2465 magia,
450 2422 550 2456 cuius
578 2422 760 2465 ignoratio
786 2423 905 2456 maior
933 2429 984 2456 est
1008 2433 1118 2467 quam

109 2479 270 2506 scientia.

147 2615 178 2644 2)
199 2616 304 2645 media]
325 2616 365 2640 sie
387 2617 435 2640 Ed.
451 2617 545 2646 1568.;
573 2617 623 2641 Ed.
642 2617 716 2640 1593.
739 2617 835 2640 mendo
856 2618 984 2647 typogr.:
1006 2618 1104 2642 medio.

146 2659 178 2688 3)
200 2659 313 2688 leones]
334 2660 374 2683 sic
395 2661 442 2684 Ed.
463 2661 555 2690 1593.;
582 2661 630 2684 Ed.
650 2661 725 2686 1563.
746 2661 832 2684 male:
861 2661 957 2684 leonis.

146 2700 178 2733 4)
198 2704 262 2726 aute
282 2700 373 2734 suam]
395 2702 437 2726 sic
456 2703 506 2728 Ed.
523 2703 616 2734 ¹568.;
642 2703 692 2727 Ed.
712 2702 785 2726 1593.
808 2704 873 2726 ante
893 2703 927 2726 ad
947 2709 1033 2728 suam.

144 2745 180 2779 5)
201 2744 378 2778 scrupulose]
400 2746 441 2771 sic
463 2747 512 2770 Ed.
532 2747 598 2772 1593
617 2755 624 2777 ;
650 2747 698 2772 Ed.
717 2746 791 2772 ¹568.
814 2747 969 2778 speculose.

1143 2180 1145 2193 i

1168 1584 1326 1625 artibus,

1139 1619 1142 1672 l
1167 1635 1251 1670 Ideo
1276 1637 1378 1670 dicit:
1424 1638 1519 1683 (Vss.
1540 1638 1737 1684 ‘ll—13.)
1767 1640 1837 1673 Sed
1863 1641 2021 1674 carmina
2046 1645 2176 1674 trentam

1142 1990 1143 1994 Ἰ
1170 1963 1253 1985 ense
1272 1951 1454 1997 latentss).

1142 2040 1143 2043 Ἰ
1170 2003 1264 2047 leges
1282 2010 1345 2037 aut
1361 2004 1511 2038 consilia
1529 2005 1710 2039 bonorum
1723 2031 1731 2044 ,
1768 2011 1806 2038 ut
1826 2004 2010 2041 Ciceronis
2033 2014 2066 2040 et
2093 2008 2179 2041 alio-

2108 87 2183 123 342

1518 172 1728 228 Ecloga
1758 173 1835 215 lx,

1240 247 1579 292 Argumentum
1609 248 1654 280 in
1682 260 1851 282 nonam
1878 248 2106 295 Eclogam.

1257 325 1434 362 ⁴Venusta
1454 327 1589 373 Ecloga
1612 334 1665 363 est
1682 328 1819 362 variata
1842 330 2016 375 querelis,
2046 331 2178 377 votisss)

1169 386 1204 413 et
1221 381 1477 424 gratulatione.
1531 380 1675 415 Dicitur
1702 381 1799 414 enim
1828 381 1961 426 scripta
1987 380 2054 415 hac
2081 396 2179 417 occa·

1168 432 1290 473 sione,
1317 434 1415 478 qnod
1435 434 1599 467 centurio
1627 433 1776 479 quidam
1804 440 1954 468 conatus
1979 435 2098 469 suerat
2122 448 2177 469 es-

1168 484 1301 529 pellere
1318 484 1512 530 Yirgilium
1533 499 1575 519 ex
1594 486 1744 530 praedio
1757 513 1770 533 ,ι
1795 488 1895 532 quod
1907 486 2088 531 Augustus
2098 487 2178 521 Vir-

1168 536 1253 581 gilio
1272 537 1491 572 restituerat.
1544 537 1629 571 Ideo
1649 545 1774 583 pastor
1799 539 1904 572 initio
1929 539 2095 584 deplorat
2123 553 2178 573 ca-

1166 589 1367 630 lamitates,
1398 602 1489 636 quae
1509 591 1667 624 existunt
1690 603 1731 624 ex
1756 591 1860 625 bellis
1876 591 2053 626 civilibus.
2108 592 2179 625 Ha-

1167 641 1227 675 bet
1243 648 1364 676 autem
1380 642 1479 676 locos
1498 654 1710 677 communes
1721 643 1879 688 insignes
1895 644 2048 690 aliquot.
2100 644 2178 678 Pri-

1166 707 1247 728 mus
1270 701 1341 735 est,
1384 707 1496 741 quam
1519 695 1564 728 sit
1589 695 1798 730 calamitosa
1823 709 1879 730 res
1902 697 2037 731 bellum
2062 697 2176 731 civile.

1166 746 1352 781 Secundus
1393 747 1436 780 de
1478 747 1722 781 inconstantia
1758 745 2005 783 humanarum
2042 761 2174 783 rerum⁴

1166 799 1332 840 Tertius,
1378 799 1477 845 quod
1500 799 1696 844 praecipue
1720 800 1860 841 studia,
1901 801 1996 846 leges
2021 808 2054 835 et
2084 808 2176 836 artes

1166 851 1262 896 pacis
1289 852 1327 885 in
1352 851 1454 886 bellis
1476 852 1641 886 civilibus
1675 852 1943 897 extinguantur.
2009 853 2174 888 Primum

1165 904 1276 949 igitur
1293 904 1397 938 brevi
1413 904 1510 938 dicto
1533 910 1567 938 et
1583 916 1766 939 sarcasmo
1788 905 1957 939 describit
1972 906 2123 940 usitatas
2140 907 2174 939 in

1138 999 1139 1008 ἵ
1166 956 1331 992 civilibus
1348 956 1538 991 discordiis
1561 957 1788 1002 expulsiones
1806 957 1938 992 civium
1960 970 2001 991 ex
2016 958 2177 1003 paternis

99 1014 154 1041 cet
172 1008 217 1041 ad
232 1008 390 1053 magicas
408 1015 522 1050 artes,
551 1016 585 1043 et
603 1011 648 1043 ad
670 1009 864 1049 veneficia,
900 1008 1031 1055 quibus
1056 1007 1112 1041 vel
1138 1010 1139 1019 ¹

1164 1009 1290 1051 bonis,
1330 1009 1422 1044 sicut
1448 1022 1544 1043 nunc
1569 1022 1715 1055 quoque
1740 1009 1873 1054 passim
1898 1011 2176 1055 proscribuntur

1138 1076 1139 1080 ¹
1165 1068 1200 1094 et
1216 1061 1445 1106 expelluntur
1463 1062 1556 1096 cives
1575 1068 1724 1106 propter
1741 1062 1967 1107 religionem.
2003 1063 2173 1108 Magnam

1167 1120 1286 1147 autem
1334 1112 1524 1158 emphasin
1568 1112 1676 1147 habet
1710 1114 1771 1147 illa
1804 1116 1918 1159 figura
1953 1128 2173 1150 sarcasmus:

1167 1164 1244 1210 (Vs.
1263 1165 1316 1213 4.)
1353 1168 1448 1200 Haec
1473 1179 1547 1200 mea
1581 1172 1682 1206 suut,
1726 1172 1850 1201 veteres
1881 1171 2026 1213 miyrate
2053 1169 2175 1203 coloni.

1166 1218 1352 1263 Significat
1379 1219 1476 1252 enim
1507 1216 1565 1252 hic
1601 1224 1719 1262 gestus
1755 1220 1906 1263 superbe
1942 1221 2176 1254 insultantem

1166 1270 1342 1304 victorem
1359 1271 1474 1305 victis.
1528 1271 1714 1305 Secundus
1734 1270 1853 1312 locus,
1883 1273 1981 1318 quod
2001 1273 2177 1318 respubli-

1167 1335 1227 1356 cae
1247 1321 1406 1356 habeant
1422 1323 1548 1357 fatales
1567 1322 1830 1358 vicissitudines
1852 1331 1886 1358 et
1904 1337 2053 1369 poenas.
2092 1324 2175 1359 Ideo

1138 1409 1140 1415 ,
1167 1376 1234 1408 ait:
1281 1375 1358 1419 (Vs.
1377 1373 1430 1420 5.)
1459 1378 1562 1410 Nunc
1588 1377 1668 1409 victi
1693 1377 1832 1417 triste-5,
1875 1380 2035 1424 quoniam
2063 1378 2176 1417 sor87)

100 1425 258 1470 puellam
280 1425 430 1471 magicis
448 1426 586 1461 artibus
608 1428 653 1460 ad
678 1439 714 1461 se
739 1426 935 1460 transferre
961 1430 1113 1459 conatus
1139 1442 1140 1447 =

1166 1429 1281 1461 omnia
1307 1433 1431 1462 versat.
1501 1427 1648 1461 Tertius
1680 1427 1799 1469 locus,
1845 1442 1952 1475 quem
1977 1430 2104 1463 tribuit
2129 1431 2178 1463 al-

1167 1479 1234 1513 teri
1261 1480 1422 1523 pastori,
1460 1481 1560 1526 quod
1585 1479 1677 1513 bella
1703 1480 1822 1513 civilia
1841 1481 1998 1515 maxime
2023 1490 2175 1516 noceant

1167 1531 1313 1573 litteris,
1348 1531 1581 1578 disciplinae,
1616 1532 1776 1576 legibus,
1818 1540 1852 1567 et
1873 1534 2051 1568 similibus
2082 1535 2177 1579 pacis

1375 1591 1410 1618 et
1445 1585 1601 1618 efficiant
1638 1585 1845 1619 barbariem
1882 1598 1923 1619 ac
1960 1587 2177 1621 vastitatem.

1167 1691 1296 1723 Nostra
1319 1690 1448 1731 valent,
1478 1691 1631 1735 Lycida,
1668 1692 1734 1724 tela
1762 1693 1854 1725 inter
1876 1693 2033 1732 Martia,
2070 1706 2179 1739 quau·

1167 1747 1238 1775 inm
1256 1743 1428 1777 Chaonius
1445 1745 1562 1776 dicuni
1581 1744 1696 1788 aquila
1714 1745 1864 1777 veniente
1882 1745 2063 1779 columbas.
2107 1745 2178 1779 Si(-

1169 1800 1208 1828 ut
1238 1793 1419 1838 Enniuss)
1451 1795 1517 1828 ait:
1561 1795 1753 1841 Pellitur9)
1786 1807 1803 1828 e
1836 1797 1956 1830 medio
1990 1798 2178 1842 sapientia,

1168 1846 1204 1878 τὶ
1224 1847 1361 1891 geritur
1379 1859 1447 1881 res.
1501 1845 1548 1879 Et
1568 1846 1655 1879 illud
1668 1845 1732 1892 1⁰):
1764 1846 1878 1881 Silent
1894 1848 1987 1893 leges
2003 1850 2098 1883 inter
2124 1863 2178 1883 ar·

1169 1911 1240 1932 ma.
1294 1898 1343 1932 Et
1361 1898 1591 1946 Ovidius¹¹):
1628 1899 1806 1946 Victaque
1831 1901 1987 1945 pugnaci
2010 1901 2090 1935 iura
2114 1904 2178 1937 sub

1510 1951 1610 1986 Sicut
1632 1964 1698 1985 nec
1713 1952 1929 1996 Pompeius,
1966 1966 2031 1988 nec
2049 1954 2179 1989 Caesar

1171 2068 1272 2096 runi,
1319 2056 1526 2091 audiebant.
1598 2057 1645 2090 Hi
1678 2057 1748 2090 loci
1774 2069 1984 2093 communes
2009 2066 2093 2093 sunt
2119 2061 2180 2093 ob-

1171 2109 1361 2149 servandi,
1405 2109 1489 2155 quia
1520 2116 1671 2143 monent
1693 2109 1864 2143 lectorem
1891 2112 1935 2144 de
1960 2111 2099 2156 magnis
2126 2125 2180 2146 re-

1171 2161 1256 2202 bus,
1287 2162 1330 2195 de
1349 2162 1529 2207 fugiendis
1557 2169 1591 2196 et
1615 2162 1784 2196 cavendis
1808 2163 1910 2198 bellis
1934 2171 1968 2198 et
1993 2164 2181 2199 discordiis

1207 2308 1238 2334 6)
1260 2307 1345 2340 votis]
1369 2309 1408 2331 sic
1430 2308 1479 2332 Ed.
1504 2308 1598 2335 lasa:
1625 2308 1675 2333 Ed.
1693 2309 1768 2333 1568.
1788 2310 1870 2339 votu3
1898 2309 1946 2333 Ed.
1964 2309 2038 2334 1593.
2062 2313 2133 2334 voto.

1207 2352 1237 2382 7)
1259 2353 1339 2381 sors]
1367 2352 1406 2375 sic
1432 2352 1514 2375 Editt.
1534 2352 1627 2377 ¹565..
1655 2353 1749 2380 1568..
1780 2353 1852 2377 1593.
1881 2355 1929 2381 (π
1948 2354 2028 2384 Virg.
2049 2354 2089 2377 ed.
2112 2355 2180 2377 Bur-

1244 2393 1351 2417 mann.,
1379 2387 1439 2410 Ald.
1460 2388 1525 2410 tert.
1547 2390 1573 2410 et
1592 2387 1661 2417 al.);
1689 2388 1854 2419 Wagnerus
1875 2388 1901 2412 in
1930 2391 2035 2412 textum
2061 2389 2178 2417 recepit:

1244 2422 1330 2447 Fors.
1368 2421 1439 2445 Vide
1460 2421 1519 2445 eius
1538 2423 1633 2447 annot.
1654 2423 1718 2448 crit.
1739 2424 1772 2446 ad
1795 2424 1821 2448 h.
1841 2424 1857 2448 1.

1207 2465 1238 2497 S)
1260 2466 1329 2489 Emi.
1350 2465 1450 2488 Annal.
1471 2466 1488 2489 l.
1505 2466 1576 2489 vul.

1209 2510 1240 2538 9)
1260 2509 1393 2537 Pellitur]
1414 2509 1454 2533 sic
1474 2510 1559 2534 Editt.
1576 2511 1668 2540 1565„
1693 2511 1785 2538 1568..
1808 2511 1899 2539 1593.;
1934 2510 1960 2533 in
1980 2510 2063 2533 Ennii
2081 2510 2181 2541 fragm.

1245 2546 1280 2569 ab
1300 2545 1413 2568 Hieron.
1435 2545 1571 2569 Columna
1590 2547 1715 2576 conquis.
1737 2546 1846 2570 ret-usis
1872 2551 1964 2570 accur.
1986 2546 2032 2569 Fr.
2054 2546 2182 2569 flesseiio

1248 2580 1381 2609 (Amstel.
1402 2579 1477 2604 1707.
1498 2580 1538 2609 4.)
1559 2588 1583 2611 p.
1600 2581 1641 2605 79.
1664 2581 1690 2604 in
1710 2583 1789 2604 textu
1810 2581 1929 2611 legitur:
1958 2581 2084 2604 Tollitur,

1214 2625 1260 2652 10)
1279 2624 1337 2648 Cic.
1358 2626 1429 2647 orat.
1450 2630 1500 2654 pro
1520 2624 1624 2648 Milone
1645 2627 1677 2655 4,
1699 2625 1738 2647 10.

1213 2669 1259 2696 11)
1280 2667 1360 2692 Ovid.
1381 2667 1465 2692 Trist.
1487 2668 1530 2696 Υ,
1549 2667 1575 2696 7,
1595 2669 1637 2692 48.

1216 2710 1261 2742 12)
1283 2712 1388 2740 latent]
1409 2711 1450 2735 sic
1469 2712 1554 2735 Editt.
1573 2712 1664 2740 1565.,
1687 2712 1776 2741 1563.,
1800 2711 1894 2740 1593.;
1925 2711 2009 2735 Edittl
2032 2711 2136 2741 Bipont.
2159 2712 2184 2733 et

1248 2747 1464 2772 Mitschertich.:
1490 2747 1590 2771 iacent.

1513 2780 1598 2818 2⁶2*
