2421 3005
102 85 172 122 141
488 81 675 117 LXXVIII.

97 173 181 218 stul,
210 171 294 218 quia
322 171 436 216 tripos
460 170 558 205 stetit
579 181 687 214 super
710 169 929 214 profundam
952 179 1112 212 specum,

98 232 133 259 et
149 225 250 269 virgo
269 223 468 257 sacrificula
488 230 586 257 stans
605 222 642 254 in
660 222 802 266 tripode
823 219 1023 266 expectavit
1048 215 1111 251 ha—

97 277 202 311 litum
221 276 459 321 prodeuntem
483 288 525 309 ex
548 287 674 320 specu,
710 280 744 307 et
770 274 916 320 quando
941 270 1113 317 prodibat

97 327 251 369 halitus,
278 328 398 372 coepit
420 328 480 360 illa
504 328 624 360 furere
649 332 683 359 et
711 326 909 359 vaticinari.
972 323 1111 357 Suntne

98 382 159 414 illa
178 379 326 415 divina?
364 380 459 414 Non.
511 378 703 423 Paulusfl)
722 378 824 412 dicit:
855 376 1009 422 Spiritus
1027 387 1111 420 pro-

98 431 291 479 phetarum
316 432 495 466 subiectus
519 437 570 466 est
595 430 692 475 ipsis.
753 430 965 464 Furentium
988 427 1112 460 vatici-

98 486 159 519 nia
178 498 252 519 non
271 490 354 518 sunt
371 484 506 518 divina.
560 483 718 528 Qatnad)
738 483 817 527 habt
838 482 868 527 it
892 482 984 526 mebt
1008 492 1113 524 argu-

99 544 243 578 menta,
286 538 383 582 quod
414 548 488 569 non
521 536 657 569 fuerint
692 535 835 575 divina,
878 535 962 580 quia
995 531 1113 565 omnis

98 589 304 624 idololatria
325 595 377 623 est
393 588 583 622 diabolica.
644 587 821 620 Diabolus
846 592 965 631 potest
989 583 1113 617 vatici-

98 642 180 676 nari
199 654 258 681 ea,
288 654 381 686 quae
399 640 472 685 ipse
488 641 645 674 facturus
669 646 740 679 est,
769 645 803 672 et
828 646 1012 683 praeterea
1037 637 1112 681 ipse

99 695 212 728 multa
237 692 344 727 habet
370 694 437 726 alia
464 693 586 737 signa,
622 704 663 725 ex
688 692 817 737 quibus
847 697 962 735 potest
994 689 1112 722 dicere

97 748 233 781 futura.
303 745 369 778 Ut:
414 745 568 779 Croesus
600 744 729 789 Halym
768 743 946 777 transiens
978 747 1115 775 evertet

98 810 271 843 magnum
290 798 497 842 imperium.
549 797 630 832 Qus
644 797 726 832 meis
743 806 795 838 ets
823 798 906 832 bean
929 805 962 830 et
980 795 1059 839 bate
1080 793 1114 828 in

100 850 200 894 &saia
218 850 285 885 mol
301 850 443 895 gelescn'
470 850 568 895 quod
587 849 700 894 Cyrus
718 855 808 882 esset
830 849 972 881 futurus
998 845 1115 879 domi-

99 916 167 937 nus
183 909 248 936 etc.
303 904 432 936 Postea
453 902 583 942 etiarn,
611 909 706 936 menn
726 904 780 937 erg
797 901 880 945 nicbf
898 901 1002 942 meiss,
1029 905 1114 932 tunc

100 956 186 989 dicit
205 953 385 998 ambigue.

203 1013 265 1048 Vs.
289 1013 377 1048 807.
419 1011 610 1061 Πυθῶνι]
646 1013 683 1046 id
709 1019 780 1052 est,
821 1012 859 1045 in
883 1011 1018 1056 oppido
1045 1009 1116 1055 Py-

99 1065 212 1101 thone
245 1066 446 1099 vaticinans
481 1078 630 1103 vocem,
674 1065 870 1107 significat:
918 1077 959 1097 ex
994 1063 1116 1107 adyto,

102 1132 236 1153 arcano
255 1119 355 1159 loco,
383 1121 447 1153 αιιό
465 1118 535 1153 bem
551 1117 664 1160 Ebot!
693 1116 838 1161 pingui,
873 1116 1007 1149 scilicet
1032 1126 1116 1159 pro-

102 1178 183 1218 pter
199 1170 372 1205 sacrificia
386 1197 395 1210 ‚
423 1170 479 1203 vel
498 1176 648 1214 propter
666 1167 832 1202 halitum.

210 1223 311 1256 Circa
338 1228 502 1265 tempora
530 1219 663 1255 Christi
689 1226 918 1254 cessaverunt
945 1225 979 1252 et
1003 1218 1117 1251 conti-

105 1281 257 1309 cuerunt
276 1274 397 1307 omnia
418 1273 584 1313 oracula,
619 1273 728 1306 etiam
747 1270 976 1316 Delphicum.
1032 1271 1117 1304 Plu-

103 1325 249 1360 tarchus
266 1332 419 1358 conatur
434 1325 585 1358 reddere
603 1325 783 1358 rationem
803 1322 1004 1368 physicam,
1031 1322 1118 1355 dicit

102 1377 256 1412 halitum
284 1375 418 1410 habere
441 1377 511 1410 tale
537 1382 886 1421 temperamentum,
924 1381 965 1408 ut
990 1374 1118 1408 afferat

104 1428 379 1476 prehensionem
406 1441 527 1462 rerum
555 1429 782 1469 suturarum,
811 1434 845 1461 et
871 1428 968 1473 quod
992 1433 1116 1471 postea

103 1483 148 1517 sit
167 1483 258 1516 facta
278 1482 432 1515 mutatio
453 1481 507 1514 vel
525 1481 629 1514 ruina
643 1508 652 1519 ,
682 1481 762 1514 ideo
786 1493 859 1513 non
888 1480 1042 1525 amplius
1061 1492 1118 1512 ex-

102 1533 295 1580 halare⁴⁸).
351 1535 402 1571 (ξέ
423 1533 460 1578 ist
479 1544 543 1569 nur
558 1534 632 1569 eitel
648 1531 940 1578 Ecuffelssgcspenst
964 1531 1118 1579 gcmefen.

206 1595 268 1630 Vs.
294 1595 382 1630 809.
426 1595 552 1641 Neque
577 1608 765 1640 apponens
791 1595 929 1640 aliquid
960 1595 1005 1627 ad
1038 1605 1120 1627 ora·
1145 1615 1146 1618 =

103 1646 216 1696 cula.]
245 1648 361 1693 Saepe
384 1648 532 1681 fuerunt
556 1649 738 1681 contraria
766 1647 925 1681 oracula.
992 1646 1119 1692 Neque

102 1700 217 1745 ignis,
245 1712 363 1746 neque
389 1701 527 1733 ferreus
551 1712 676 1733 murus
700 1706 819 1744 potest
844 1711 967 1732 arcere
992 1699 1121 1738 fatum,

103 1818 191 1853 ρεον
215 1804 367 1853 εἴργατο
390 1802 650 1850 πεπρωμένον.

102 1856 315 1892 necessitate
335 1855 628 1902 consequentiae.

207 1915 269 1951 Vs.
281 1916 369 1950 810.
384 1915 511 1962 Neque
527 1915 694 1949 auferens
713 1915 862 1948 oraculo
879 1914 1018 1961 aliquid
1034 1913 1122 1948 effu-

712 1803 775 1837 Est
800 1803 1002 1848 propositio
1022 1815 1122 1843 vera,

104 1967 210 2017 gies.]
239 1967 278 2002 Id
296 1975 366 2009 est,
394 1969 455 2002 fiet
471 1975 613 2008 tamen,
642 1968 741 2014 quod
762 1974 813 2001 est
834 1968 1019 2007 futurum,
1047 1966 1121 2001 sive
1148 1964 1149 1968 ¹

106 2022 218 2056 addas
241 2021 315 2055 sive
341 2022 465 2055 demas
491 2020 642 2067 aliquid.
697 2019 873 2054 Feramus
897 2019 1041 2059 satalia,
1088 2025 1122 2052 et

105 2074 252 2120 quando
277 2073 413 2107 mutari
438 2085 513 2106 non
537 2079 707 2118 possunt,
742 2072 775 2118 so
800 2072 916 2118 beist&
943 2071 1123 2105 Humilia-

104 2126 197 2160 mini
214 2126 280 2161 sub
298 2125 440 2171 potenti
456 2137 567 2160 manu
585 2125 655 2159 Dei
665 2124 712 2171 ⁵⁰)
730 2132 796 2159 etc.
850 2125 934 2160 Non
950 2125 1123 2158 debemus

105 2179 311 2213 exulcerare
339 2178 434 2212 mala
461 2178 640 2212 irritando
669 2184 703 2211 et
734 2177 984 2222 impatientia,
1024 2177 1122 2223 quod

104 2237 229 2265 tamen
247 2243 353 2276 saepe
369 2231 419 2266 fit.
473 2230 596 2265 Etiam
612 2231 651 2264 in
667 2230 804 2264 morbis
820 2230 867 2263 ita
888 2236 952 2264 est.

104 2283 245 2330 inquit:
283 2283 392 2318 Multi
423 2284 547 2328 magni
576 2283 697 2318 morbi
730 2289 903 2317 curantur
935 2282 1055 2329 quiete
1089 2288 1123 2315 et

105 2336 336 2371 abstinentia.
390 2334 430 2370 In
449 2336 592 2371 silentio
618 2342 653 2370 et
675 2348 735 2380 spe
759 2335 827 2369 erit
851 2335 1027 2369 fortitudo
1058 2341 1123 2369 etc.

105 2389 224 2423 Multo
255 2389 388 2424 rectius
422 2396 474 2424 est
501 2389 684 2435 quiescere
711 2395 745 2421 et
769 2387 971 2423 necessaria
994 2389 1123 2429 facere,

106 2454 182 2476 non
200 2454 346 2476 movere
365 2443 477 2477 multa
495 2440 830 2487 polypragmonice.

142 2569 189 2601 47)
213 2570 234 2594 1.
249 2569 313 2594 Cor.
336 2569 377 2597 14,
397 2567 441 2593 32.

143 2612 190 2644 48)
212 2613 354 2637 Plutarch.
373 2613 406 2636 de
423 2612 531 2636 defectu
551 2612 726 2635 oraculorum
746 2617 768 2633 e.
784 2610 817 2634 42
835 2617 894 2641 sqq.

142 2658 192 2685 49)
213 2656 292 2681 conf.
319 2656 431 2680 Pindar.
457 2656 570 2687 Fragm.
590 2655 651 2680 256.
679 2655 720 2679 cd.
747 2654 868 2678 lloeckli.
899 2652 1026 2685 (Pindari
1053 2654 1122 2685 Opp.

176 2692 206 2717 Τ.
222 2692 254 2716 11.
276 2691 304 2715 P.
322 2691 354 2715 11.
378 2699 402 2721 p.
420 2691 506 2724 679.).

141 2735 190 2765 50)
210 2736 232 2759 1.
249 2736 324 2760 Petr.
338 2735 365 2766 5,
384 2735 410 2759 6.

730 78 1024 115 EXPLICATIO
1061 76 1449 113 SENTENTIARUM
1485 77 1795 113 THEOGMDIS.

1000 2229 1123 2263 Celsus
1148 2230 1151 2238 ⁴

2106 81 2179 118 142

1272 164 1401 189 Cui-ando
1421 164 1482 188 fieri
1503 164 1637 194 quaedam
1657 164 1753 194 peiora
1771 165 1899 189 videmus

1339 208 1482 239 Vulnera,
1511 214 1580 238 quae
1601 209 1698 232 melius
1720 215 1772 233 non
1793 209 1924 241 tetigisse
1944 209 2050 240 fuit⁵¹).

1270 252 1525 286 Adolescentes
1549 253 1681 286 debent
1707 266 1780 287 esse
1806 253 1971 287 instructi
1997 256 2100 300 copia
2129 263 2182 290 ta-

1165 304 1256 338 lium
1278 305 1558 345 sententiarum,
1601 305 1684 350 quia
1712 312 1796 340 sunt
1818 307 1963 350 regulae
1990 308 2105 349 vitae,
2148 315 2182 342 et

1166 357 1304 390 Iumina
1325 356 1501 391 orationis
1520 357 1556 390 in
1577 357 1761 403 quuendo
1783 364 1816 391 et
1833 359 2036 394 scribendo,

1270 408 1348 443 Vss.
1366 409 1437 444 811
1454 422 1506 455 sq.
1536 407 1635 444 Nihil
1653 416 1704 444 est
1721 410 1822 455 peius
1843 417 1981 451 morte,
2017 412 2078 445 sed
2105 424 2182 445 mo-

1166 460 1395 494 lestissimum
1413 461 1577 495 omnium
1596 462 1751 495 aliorum
1769 469 1913 507 praeter
1930 470 2083 497 mortem
2101 476 2183 508 pas-

1167 526 1225 547 sus
1244 526 1321 547 sum
1336 540 1345 553 ,
1375 513 1458 558 quia
1478 512 1568 546 nihil
1587 514 1744 548 deterius
1764 521 1816 548 est
1832 521 1962 549 morte.

1273 564 1333 599 Vs.
1351 565 1438 599 813.
1465 565 1639 612 Amici5‘2)
1657 568 1894 600 deseruerunt
1911 579 1969 601 me
1987 564 2071 613 etc.]
2097 566 2183 599 Per-

1167 616 1251 650 fidia
1270 617 1472 650 amicorum
1492 624 1543 651 est
1564 619 1708 662 gravius
1728 619 1862 652 malum
1882 620 1957 663 ipsa
1979 625 2109 653 morte.

1271 668 1349 704 Vss.
1368 667 1444 703 815
1463 683 1515 716 sq.
1550 671 1652 710 Βοῦς
1668 683 1732 716 μοι
1751 669 1837 719 etc.]
1866 671 1990 718 Aliqui
2008 676 2184 705 scrutato-

1167 733 1224 755 res
1240 722 1472 755 oraculorum
1492 722 1742 767 impediuntur
1760 731 1859 757 metu
1887 724 2122 757 dominorum
2150 729 2185 756 et

1168 774 1374 808 amissionis
1390 786 1512 808 rerum
1531 788 1677 809 suarum
1691 802 1700 816 ‚
1729 776 1896 810 conducti
1922 777 2087 810 mercede
2106 787 2184 808 cor-

1168 833 1345 871 rumpunt
1361 827 1520 861 oracula.

1275 878 1457 912 Calcando
1480 879 1649 913 incedens
1670 877 1837 914 cohercet
1856 880 1975 914 dicere
2000 876 2184 926 scientes]

1168 930 1242 965 Bos
1266 929 1357 965 mihi
1381 931 1418 964 in
1442 931 1565 977 lingua
1586 932 1707 965 valido
1732 934 1823 978 pede
1849 933 2019 967 incedens
2043 929 2189 965 cohibet

1169 983 1288 1018 dicere
1309 995 1532 1030 quamquam
1555 984 1748 1025 scientem,
1784 985 1821 1018 id
1848 992 1917 1026 est,
1952 991 2103 1030 propter
2126 995 2188 1028 pe-

1171 1036 1315 1070 cuniam
1340 1044 1581 1082 corrumpunt
1604 1037 1717 1084 aliqui
1741 1038 1899 1072 oracula.
1960 1038 2034 1071 Bos
2060 1037 2098 1069 in
2120 1036 2189 1069 lin-

1171 1100 1260 1133 gua,
1302 1090 1536 1134 proverbium
1550 1089 1614 1135 53):
1660 1089 1743 1135 quia
1779 1091 1844 1124 bos
1873 1090 2051 1134 significat
2083 1100 2190 1122 num-

1171 1153 1270 1174 mum
1285 1167 1294 1181 ,
1330 1140 1386 1174 cui
1405 1141 1577 1186 inscripta
1598 1148 1675 1175 erat
1692 1142 1813 1187 imago
1833 1143 1948 1176 bovis.
2005 1139 2085 1177 Τὰν
2103 1139 2189 1186 ἄρε-

1170 1190 1243 1228 τάν
1274 1191 1338 1228 καὶ
1373 1191 1445 1228 τάν
1481 1191 1624 1241 σοφίαν
1650 1196 1799 1229 νικᾶντι
1823 1197 1998 1240 χελῶναι.
2061 1191 2101 1226 Id
2126 1198 2190 1232 est,

1172 1246 1313 1279 nummi
1338 1258 1399 1279 seu
1428 1244 1642 1286 drachmae,
1686 1259 1843 1292 quorum
1873 1247 2014 1291 signum
2039 1251 2116 1279 erat
2140 1251 2190 1278 te-

1172 1298 1298 1337 studo,
1344 1297 1542 1343 &cbiltftsst
1612 1298 1822 1343 Aeginetica
1855 1297 2027 1332 drachma
2062 1295 2191 1331 habuit

1171 1347 1242 1383 hoc
1267 1349 1432 1394 signum,
1469 1357 1503 1384 et
1529 1350 1597 1385 suit
1623 1350 1771 1396 gravior
1786 1350 1998 1396 Attica⁵3³).
2052 1351 2191 1384 Acarus

1172 1401 1277 1447 petiit
1303 1414 1321 1435 a
1349 1401 1452 1444 Iove,
1488 1409 1528 1437 ut
1553 1403 1589 1436 in
1607 1403 1745 1448 Aegina
1770 1404 1942 1437 formicae
1969 1403 2051 1436 illae
2076 1408 2192 1435 verte-

1172 1460 1298 1488 rentur
1318 1454 1355 1487 in
1378 1452 1564 1496 homines,
1600 1455 1636 1489 id
1665 1463 1737 1497 est,
1773 1456 1849 1497 ille,
1885 1456 1947 1502 qui
1974 1455 2112 1500 primus
2136 1466 2192 1487 re-

1172 1506 1267 1552 perit
1285 1519 1395 1541 venas
1414 1508 1632 1548 metallicas,
1659 1508 1892 1553 congregavit
1908 1520 2077 1553 magnam
2097 1506 2192 1541 mul-

1173 1559 1366 1594 titudinem
1383 1560 1563 1594 sossorum
1576 1587 1585 1600 ,
1614 1560 1676 1606 qui
1694 1560 1863 1594 laborant
1880 1568 1920 1595 ut
1935 1560 2122 1594 formicae.

1280 1611 1357 1656 Ego
1384 1610 1496 1647 habui
1522 1625 1735 1653 nummum,
1776 1626 1883 1660 quem
1916 1611 2007 1646 mihi
2041 1610 2194 1646 donavit

1174 1663 1367 1709 Ungarus,
1394 1677 1460 1710 ego
1488 1665 1624 1699 donavi
1642 1665 1875 1707 Camerario,
1912 1665 1975 1712 qui
1997 1665 2065 1699 fuit
2089 1676 2193 1698 cusus

105 1753 114 1760 ,
197 1752 205 1759 ‚
281 1752 288 1758 ,
585 1750 602 1761 ,.
701 1753 716 1760 η
796 1751 812 1761 ,,
913 1752 929 1759 ψ
1096 1747 1104 1758 ,
1147 1732 1150 1744 r
1176 1724 1341 1762 tempore
1361 1717 1535 1759 Traiani,
1572 1717 1610 1750 in
1630 1731 1701 1764 quo
1719 1717 1786 1751 fuit
1805 1718 1924 1763 imago
1945 1729 2071 1752 vaccae
2089 1723 2123 1750 et
2141 1716 2193 1749 vi-

103 1759 223 1798 mquit
246 1751 502 1798 P1ndarus⁴⁹):
545 1751 641 1787 Ουτε
664 1764 740 1796 nvp
767 1764 851 1786 ουτε
873 1764 993 1796 τειχος
1019 1748 1122 1796 onir]-
1148 1762 1149 1770 ¹

1175 1770 1249 1803 tula
1271 1770 1418 1804 lactens.
1472 1769 1557 1804 Fuit
1573 1770 1714 1814 signum
1732 1770 1849 1814 pacis,
1888 1772 1986 1816 quod
2012 1770 2070 1803 ille
2094 1769 2193 1814 prin·

1148 1840 1149 1846 .
1177 1835 1258 1867 ceps
1285 1829 1375 1856 esset
1405 1829 1523 1857 custos
1556 1823 1675 1868 pacis,
1718 1824 1932 1856 concederet
1961 1822 2078 1867 pasci,
2114 1833 2193 1854 rem

1147 1877 1149 1915 ζ
1175 1874 1383 1920 pecuariam
1404 1876 1613 1909 defenderet
1633 1881 1666 1908 et
1689 1881 1932 1908 conservaret.

1280 1926 1359 1963 VsS.
1376 1928 1609 1963 817—820.
1645 1926 1678 1961 O
1699 1927 1837 1973 Cyrne,
1871 1933 1994 1961 tamen
2019 1925 2118 1972 quod
2142 1931 2195 1959 est

1175 1979 1304 2018 fatale,
1334 1987 1385 2014 est
1403 1980 1633 2021 inevitabile,
1662 1986 1696 2013 et
1719 1980 1829 2013 fatale
1855 1991 1931 2013 non
1957 1985 2080 2012 metuo
2106 1977 2194 2023 pati.

1175 2031 1351 2066 Venimus
1378 2033 1421 2064 ad
1452 2034 1588 2066 malum
1617 2032 1863 2073 immutabile,
1900 2032 1999 2078 quod
2029 2043 2195 2076 perrum-

1176 2097 1262 2130 pere
1281 2097 1355 2118 non
1374 2097 1584 2130 possumus,
1611 2085 1759 2131 quando
1779 2084 1934 2118 maxime
1956 2085 2071 2118 satum
2096 2095 2194 2116 mor-

1176 2138 1221 2172 tis
1240 2135 1517 2182 comprehendit
1532 2143 1741 2183 utrumque.

1282 2190 1360 2225 Vss.
1380 2190 1453 2226 821
1473 2203 1525 2236 sq.
1568 2189 1640 2235 Qui
1662 2202 1738 2223 non
1763 2186 1951 2223 honorant
1972 2195 2194 2223 senescentes

1177 2250 1359 2288 parentes,
1387 2255 1511 2276 eorum
1531 2242 1631 2286 regio
1651 2254 1761 2288 parva
1781 2239 1865 2289 est.]
1883 2241 2034 2275 Honora
2051 2247 2191 2286 patrem

1179 2303 1212 2329 et
1235 2303 1388 2330 matrem
1414 2302 1480 2330 etc.
1533 2294 1734 2340 Scriptores
1759 2295 2021 2329 sententiarum
2045 2299 2194 2328 sumunt

1179 2348 1414 2394 congruentia
1440 2347 1645 2392 Decalogo,
1688 2348 1717 2383 si
1750 2347 1888 2394 aliquid
1915 2347 1993 2381 sani
2019 2346 2193 2385 scribunt,

1179 2402 1262 2449 quia
1283 2402 1486 2446 Decalogus
1503 2407 1555 2435 est
1572 2401 1652 2435 sons
1673 2400 1837 2435 omnium
1855 2401 2035 2433 bonarum
2060 2398 2192 2442 legum.

1212 2498 1261 2524 51]
1282 2496 1360 2520 Ovid.
1382 2502 1415 2518 ex
1435 2494 1524 2518 Ponto
1544 2494 1626 2524 epist.
1642 2494 1689 2519 ΙΙΙ,
1708 2494 1735 2522 7,
1754 2493 1798 2518 25.
1819 2493 1860 2517 26.
1873 2510 1879 2521 ,

1249 2532 1355 2561 Bipout.
1376 2536 1426 2560 pro
1446 2531 1550 2561 peiora
1571 2530 1673 2560 legitur
1692 2531 1817 2553 maiora.

1212 2574 1260 2603 52)
1282 2574 1385 2603 Amici]
1406 2573 1446 2597 sic
1466 2572 1565 2602 scripsi
1586 2572 1632 2603 (z
1653 2573 1774 2602 Theogn,
1796 2570 1906 2603 ιμ’),οής

1246 2609 1364 2634 Inimici.

1210 2653 1258 2684 53)
1280 2654 1359 2676 (mnf.
1381 2652 1491 2676 Erasmi
1512 2652 1600 2682 Adag.
1621 2651 1684 2675 cliil.
1705 2651 1724 2673 l.
1744 2651 1814 2673 cent.
1830 2649 1891 2674 Vll.
1913 2654 1992 2679 prov.
2012 2649 2050 2672 18.

1210 2697 1281 2725 532)
1301 2697 1381 2722 conf.
1402 2696 1604 2722 Waclismuth:
1634 2694 1742 2717 Hellen.
1762 2693 1964 2717 Altertluunsk.
1990 2693 2040 2717 Ed.
2056 2693 2080 2716 2.
2108 2692 2134 2715 Τ.
2158 2690 2189 2715 11.

1246 2740 1270 2762 p.
1288 2740 1330 2756 no.

1912 2492 1956 2515 ubi
1982 2494 2071 2516 autem
2094 2493 2120 2516 in
2141 2493 2191 2518 Ed.

1941 2570 1991 2595 Ed.
2008 2571 2083 2594 ¹500.
2105 2570 2191 2594 male:
