2341 2973
196 106 266 140 631
785 101 906 135 mm..
941 99 1055 132 HEt..

195 203 294 225 mum
315 189 403 228 illis,
431 194 552 232 postea
571 186 672 220 vobis
688 186 920 220 satisfecimus
943 185 993 230 (et
1012 191 1051 218 ut
1066 183 1189 229 spero)

197 240 485 275 cumulatissime.
549 239 655 283 Quod
677 238 707 272 si
731 245 850 272 tamen
872 237 939 271 hae
964 248 1089 270 causae
1118 237 1190 269 for-

195 293 296 326 tassis
315 303 369 324 me
388 303 462 323 non
479 296 664 324 excusant:
694 302 758 334 ego
779 301 854 323 non
870 300 994 322 recuso
1014 288 1051 320 in
1074 300 1115 321 eo
1137 298 1193 320 ac-

197 343 311 377 cusari
343 349 377 376 et
407 339 643 386 reprehendi,
687 342 783 386 quod
810 339 900 373 mihi
926 351 1116 373 commune
1143 343 1195 372 est

198 407 278 428 cum
304 399 404 426 tanto
428 403 519 425 viro.

196 446 271 479 rior
296 443 562 478 simulationem
591 442 685 474 illius
709 453 789 474 meo
816 440 984 485 ingenio,
1021 446 1054 473 et
1076 452 1193 474 meam

202 508 275 530 non
295 494 439 540 ingenio
456 493 574 527 Aiacis
592 490 853 537 deprehensam
869 491 981 526 esses*

249 565 310 600 Vs.
333 564 419 599 306.

464 566 553 597 Neve
578 565 613 596 in
640 574 690 595 me
713 563 854 596 stolidae
881 563 1031 596 convicia
1054 561 1199 604 fundere

517 615 662 657 linquae.

202 683 409 718 Translatio
446 681 605 715 criminis
639 682 682 714 de
705 681 899 714 Palamede
934 686 968 713 et
990 678 1200 713 Philoctete.

201 736 293 771 Nam
331 735 406 778 ipse
443 733 585 777 culpam
619 732 805 777 utriusque
841 732 923 765 facti
961 731 1129 764 transfert
1164 730 1200 763 in

203 786 402 831 principes,
439 785 628 818 ostendens
659 783 843 816 communi
877 795 1002 816 eorum
1031 781 1200 826 suffragio

203 839 355 871 alterum
383 837 662 869 condemnatum
684 861 692 875 ,
735 836 885 868 alterum
919 834 955 866 in
978 833 1118 866 Lemno
1147 844 1200 865 re-

202 889 325 922 lictum
345 899 430 921 esse.
483 886 733 920 Translationi
761 898 846 919 vero
874 885 1033 918 criminis
1056 886 1099 917 de
1118 882 1201 916 Phi-

203 941 330 973 loctete
350 939 493 972 additur
512 938 549 970 in
569 939 636 970 sme
654 938 769 970 ironia
791 943 824 970 et
844 934 1036 971 ἀδύνατον
1059 937 1103 968 ad
1128 947 1202 968 am-

203 991 430 1036 plificandam
451 989 732 1022 confutationem
751 988 929 1028 criminis,
957 994 992 1020 et
1009 988 1052 1020 ad
1082 986 1201 1031 exagi-

205 1044 353 1076 tandam
372 1041 491 1075 Aiacis
512 1040 757 1073 stoliditatem.

313 1111 391 1153 „At
407 1122 481 1144 non
497 1110 628 1143 mirum
649 1116 700 1144 est
717 1122 798 1143 eum
819 1109 856 1142 in
885 1121 940 1142 me
967 1107 1201 1141 contumelio-

209 1176 287 1199 sum
310 1175 401 1198 esse:
429 1161 531 1195 vobis
560 1161 667 1194 etiam
693 1161 950 1195 contumeliosa
977 1159 1112 1193 obiicit.

211 1216 304 1248 enim
328 1216 418 1247 facta
444 1220 495 1247 est
510 1213 697 1246 Palamedi
726 1213 879 1252 iniuria,
918 1212 1030 1255 magis
1057 1211 1102 1243 ad
1127 1222 1201 1249 vos,

211 1267 273 1312 qui
298 1279 377 1299 eum
409 1265 694 1305 condemnastis,
729 1265 864 1298 crimen
889 1263 1063 1307 pertinet,

209 1319 255 1350 ad
275 1330 350 1358 me,
376 1317 438 1362 qui
463 1329 542 1349 eum
567 1316 744 1350 accusaxi:
782 1315 958 1361 siquidem
985 1313 1128 1358 gravius
1152 1319 1201 1346 est

209 1344 382 1402 damna’re
402 1368 648 1407 innocentem,
677 1380 783 1412 quam
811 1378 988 1400 accusare.

210 1426 261 1454 est
285 1422 375 1453 sacta
404 1420 455 1452 illi
479 1420 623 1452 iniuria.

208 1522 335 1556 litteris
363 1520 518 1555 hostium
544 1522 693 1566 repertis
719 1522 755 1554 in
781 1522 890 1566 ipsius
907 1519 1076 1553 tentorio.

210 1574 335 1617 video,
365 1586 435 1618 quo
462 1573 537 1606 iure
564 1586 619 1606 me
647 1579 785 1606 accuset
811 1573 854 1605 de
877 1570 1093 1610 Philoctete,
1122 1582 1199 1603 cum

211 1675 397 1721 equidem,
426 1683 464 1709 ut
491 1688 526 1709 se
551 1677 739 1708 abduceret
764 1688 781 1707 a
804 1673 967 1707 molestia
990 1673 1071 1705 belli
1096 1679 1129 1704 et
1147 1672 1201 1704 iti-

210 1727 323 1766 neris,
368 1733 401 1759 et
426 1733 465 1759 ut
495 1727 530 1758 in
559 1728 636 1759 loco
667 1726 864 1771 tranquillo
892 1737 974 1758 suae
1006 1723 1201 1757 valetudini

209 1778 377 1817 serviret,
407 1779 502 1823 quod
521 1785 553 1811 et
570 1778 664 1810 fecit.
714 1778 781 1810 Sed
798 1790 876 1810 cum
897 1774 963 1808 hac
986 1775 1125 1808 ratione
1151 1775 1201 1807 vi-

212 1836 282 1862 tam
307 1829 478 1867 retineat,
510 1835 656 1863 eventus
682 1835 852 1868 testatur,
879 1840 935 1860 me
964 1827 1063 1859 fidele
1089 1826 1201 1860 consi-

212 1881 294 1913 lium
319 1880 350 1912 ei
375 1880 522 1914 dedisse.
575 1882 625 1913 Ac
651 1880 733 1925 quia
754 1886 851 1912 vates
875 1879 1035 1911 indicant
1054 1890 1094 1911 eo
1114 1890 1200 1923 quo-

211 1944 278 1976 que
298 1931 374 1963 viro
402 1944 490 1975 opus
515 1943 587 1964 esse
611 1932 654 1963 ad
679 1930 1074 1975 capiendaanroiam,
1100 1942 1201 1973 prae·

212 1982 416 2027 ‹tipiuntque
433 1983 547 2026 ipsum
565 1983 709 2015 adduci:
746 1995 790 2015 ne
810 1980 918 2021 mihi,
947 1982 1005 2015 sed
1025 1981 1124 2014 Aiaci
1148 1981 1199 2013 in—

211 2033 365 2076 iungite,
408 2040 446 2066 ut
480 2046 544 2067 suo
575 2034 717 2079 eloquio
750 2040 783 2066 et
815 2033 957 2077 ingenio
991 2045 1069 2065 eum
1101 2033 1201 2065 vobis

210 2084 386 2128 placatum
406 2086 576 2124 adducat,
605 2086 665 2130 qui
690 2085 935 2129 magnitudine
960 2085 1125 2117 dol’orum
1148 2084 1199 2117 fu-

211 2147 311 2174 rens,
345 2135 508 2169 irascitur
535 2137 719 2174 oumibus3
762 2138 820 2169 sed
854 2137 951 2180 prius
976 2142 1049 2169 tota
1080 2147 1198 2168 rerum
1226 2168 1227 2173 ,

619 2200 724 2232 quam
749 2187 838 2221 Aiax
865 2188 940 2221 sine
967 2199 1024 2219 me
1051 2187 1197 2219 adducet
1226 2192 1228 2218 ἒ

1226 2249 1227 2258 ¹
1254 2233 1343 2267 Collz
1345 2233 1406 2266 itio
1424 2232 1618 2276 sapientiae
1637 2239 1671 2265 et
1688 2231 1829 2265 xii-tutis
1845 2230 2004 2264 bellicae.

206 2289 389 2321 memnoni
409 2295 441 2321 et
461 2286 559 2327 milii,
578 2302 701 2334 meque
721 2296 915 2329 execretur,
934 2290 1098 2322 accedam
1118 2302 1196 2323 eum
1225 2291 1227 2327 j

208 2193 336 2219 natura
362 2187 577 2225 mutabitur,

208 2235 430 2270 Pliilocteten
444 2264 452 2277 ‚
480 2237 538 2282 qui
559 2239 788 2283 quautuu‘ivis
804 2239 847 2272 sit
866 2239 977 2271 iratus
992 2237 1035 2280 ¹3)
1055 2244 1088 2270 et
1104 2237 1199 2281 Aga-

207 2347 239 2373 et
257 2353 394 2372 mecum
412 2341 592 2373 reducam.
644 2341 716 2374 Nec
739 2342 855 2375 minus
882 2341 999 2385 potiar
1025 2340 1117 2383 (Deo
1139 2353 1196 2373 vo

207 2392 317 2437 lente)
351 2391 459 2435 ipsius
491 2391 647 2435 sagittis,
687 2404 792 2436 quam
827 2393 903 2426 aliis
933 2393 1037 2425 rebus
1064 2391 1226 2441 potitus

207 2455 304 2482 sum,
331 2442 458 2487 quibus
483 2443 602 2476 studui
627 2443 727 2476 vobis
747 2445 929 2487 prodesse.

209 2494 326 2526 lenum
365 2500 480 2527 vatem
518 2493 614 2537 coegi
651 2494 790 2538 aperire
828 2494 1071 2527 Troianorum
1113 2495 1196 2535 sa,ta

204 2544 347 2589 eiusque
366 2545 527 2578 oratioue
546 2547 709 2585 edoctus,
737 2545 937 2579 Palladium
956 2544 1118 2580 sustuli-⁴*

240 2677 282 2705 1³)
311 2676 409 2708 iratus]
448 2677 486 2698 sis·
514 2677 597 2700 Editt.
625 2677 721 2707 ¹555.;

271 2714 356 2734 salu-S.

760 2677 807 2700 Ed.
832 2678 904 2700 1559.
939 2678 1034 2700 mendo
1069 2680 1195 2708 typogra:

1094 98 1294 132 SCRIPTA

572 390 709 423 Verum
740 395 820 423 utut
845 396 916 429 est,
952 389 1120 433 interimg
1143 390 1195 421 lo-
1221 389 1223 393 ’

1165 1157 1229 1192 δί’

1228 1210 1229 1213 ¹
1256 1176 1326 1203 stra
1352 1182 1387 1203 se
1413 1175 1609 1203 ostentaret
1634 1169 1699 1203 ista
1727 1169 1820 1201 mole
1853 1167 2091 1212 septemplicis
2123 1166 2250 1212 clypei.

1227 1247 1229 1253 ,
1255 1221 1315 1254 llla
1341 1221 1516 1266 siquidem
1540 1227 1644 1254 nocte
1671 1220 1795 1265 peperi
1818 1219 1919 1253 vobis
1944 1218 2150 1259 victoriam,
2185 1230 2249 1262 pa-

1093 1273 1199 1307 quam
1227 1269 1229 1274 ¹

1043 1364 1110 1398 Sed
1128 1376 1201 1397 non
1227 1367 1229 1387 ἕ

683 1419 727 1453 lN
730 1432 775 1451 im
802 1431 837 1451 c
833 1431 905 1451 usi
928 1416 1124 1450 manifestis
1148 1428 1201 1449 re-
1228 1423 1229 1439 ³

209 1472 274 1504 bus
293 1472 416 1504 tenelu·
411 1478 497 1503 ·tur:
526 1470 708 1504 convictus
722 1477 772 1504 est
790 1469 1025 1514 proditionis,
1053 1479 1142 1501 auro
1169 1474 1201 1500 et
1228 1484 1229 1489 =

1129 1519 1202 1553 Nec
1228 1537 1229 1560 ς

1228 1565 1229 1572 1
1255 1547 1430 1580 Diomede
1455 1547 1590 1581 relicto,

1228 1836 1229 1839 ,
1256 1817 1355 1838 mure
1389 1806 1436 1837 ita
1470 1805 1656 1848 designes;

1336 98 1674 132 PHILOLOGlCA.
2159 97 2233 132 632

1288 185 1346 218 Vs.
1365 183 1450 217 339.
1488 188 1614 227 Nempe
1637 187 1713 227 capi
1743 186 1880 217 Troiam
1909 185 2128 226 prohibebunt
2158 183 2235 226 fusa

1549 238 1623 269 sine
1646 237 1714 269 illo.

1246 294 1486 340 Amplificatio
1499 295 1609 328 ablati
1620 294 1785 335 Palladii,
1804 300 1976 340 quantum
1990 294 2241 327 videlicetmo-

1248 347 1359 381 menti
1378 346 1413 379 in
1428 358 1468 379 eo
1478 347 1597 387 suerit,
1607 353 1640 380 et
1650 352 1781 392 quanta
1795 358 1873 379 eum
1885 346 2106 386 difficultate,
2128 356 2241 391 quan-

1250 406 1358 444 toque
1377 409 1455 431 cum
1474 398 1633 442 periculo
1650 398 1724 442 ipse
1741 398 1775 429 id
1797 397 1992 432 abstulerit.
2022 396 2099 431 Hoc
2122 402 2243 430 autem

1250 451 1381 483 factum
1407 455 1597 493 propterea
1622 449 1671 482 sic
1697 449 1956 493 amplificatur,
1987 448 2068 494 quia
2088 447 2179 481 Aiax
2202 447 2240 480 in

1252 514 1314 536 sua
1332 501 1494 534 oratione
1510 500 1547 533 id
1563 506 1741 534 extenuat.

1354 552 1488 596 „Quae
1513 564 1592 585 cum
1623 551 1743 585 onmia
1768 550 1985 595 reipublicae
2022 535 2191 584 salutaria
2223 561 2243 582 a

1253 616 1310 636 me
1341 610 1435 648 gesta
1461 603 1550 644 sint,
1586 610 1619 637 et
1641 603 1785 649 quidem
1811 615 1951 636 summo
1979 614 2058 634 cum
2083 601 2243 646 periculo

1254 667 1355 695 meo,
1387 662 1506 688 tamen
1530 655 1621 688 Aiax
1642 667 1717 688 non
1740 653 1913 687 erubescit
1937 665 1972 687 se
1996 665 2137 686 mecum
2161 665 2244 686 con-

1253 708 1357 740 ferre.
1411 707 1548 750 Nempe
1575 707 1703 739 eratin
1723 705 1823 745 fatis,
1859 717 1903 737 ne
1921 704 2031 737 Troia
2059 710 2245 748 caperetur

1254 759 1328 792 sine
1344 757 1410 791 isto
1435 758 1553 802 signo:
1589 758 1651 791 ubi
1674 764 1758 791 tunc
1772 757 1862 789 Aiax
1886 756 1943 789 ille
1968 755 2246 801 magniloquus?

1255 810 1316 855 qui
1342 822 1419 842 cum
1447 822 1539 842 unus
1566 809 1726 842 omnium
1752 807 1965 842 fortissimus
1993 807 2078 840 velit
2108 805 2247 847 haberi,

1256 873 1318 894 cur
1334 872 1407 893 non
1427 862 1581 894 audebat
1599 867 1674 894 tum
1688 888 1696 901 ,
1725 860 2029 906 quemadmodum
2050 870 2135 903 ego,
2163 870 2247 892 con-

1255 919 1413 944 temnere
1438 912 1548 944 vitam
1575 925 1640 956 pro
1672 913 1784 946 salute
1812 917 1949 949 vestra,
1988 917 2021 943 et
2048 915 2158 943 noctu
2181 922 2247 954 per

1256 963 1419 996 excubias
1436 969 1560 1009 totque
1579 970 1735 997 armatos
1752 961 1870 996 hostes
1887 962 2025 1006 ingredi
2045 974 2120 995 non
2136 962 2246 995 modo

1255 1015 1400 1054 urbem,
1434 1016 1495 1048 sed
1521 1026 1639 1047 arcem
1659 1015 1925 1054 Troianorum,
1966 1020 2073 1059 atque
2100 1013 2183 1046 inde
2206 1025 2248 1046 ex

1228 1079 1229 1092 ³
1255 1066 1339 1110 ipsis
1357 1066 1599 1110 penetralibus
1616 1066 1739 1110 templi
1763 1066 1900 1098 auferre
1926 1065 2067 1108 signum
2091 1064 2180 1097 illud
2196 1065 2247 1096 fa-

1255 1117 1350 1150 tale?
1386 1117 1493 1162 Quod
1510 1118 1578 1151 nisi
1594 1130 1657 1161 ego
1676 1116 1948 1161 praestitissem:
1976 1116 2068 1149 Aiax
2085 1116 2154 1148 iam
2174 1116 2249 1149 fru-

1255 1273 1356 1306 tefeci
1380 1271 1536 1306 hostium
1562 1272 1726 1312 moenia,
1762 1271 1895 1304 tradidi
1916 1271 2041 1304 urbem
2066 1270 2168 1315 quasi
2193 1281 2249 1303 ca-

1257 1331 1372 1369 ptam,
1402 1338 1479 1357 cum
1502 1324 1669 1357 transtuli
1688 1324 1730 1356 ad
1749 1336 1811 1356 vos
1829 1320 2068 1355 Palladium.”

1306 1384 1365 1418 Υ5.
1389 1383 1474 1418 350.
1527 1387 1653 1418 Desine
1697 1386 1847 1428 Tydiden
1893 1383 2045 1427 audiitque
2077 1387 2107 1415 et
2153 1394 2246 1415 mur-

1567 1448 1660 1468 mure
1687 1437 1792 1467 nobis.

1254 1495 1435 1540 Repetitio
1454 1495 1648 1539 superioris
1667 1494 1891 1539 argumenti:
1922 1499 2056 1537 gestum
2083 1489 2173 1525 nihil
2197 1499 2248 1526 est

1646 1545 1684 1579 Id
1703 1551 1952 1589 argumentum
1978 1556 2073 1578 nunc
2097 1544 2248 1588 amplifi-

1228 1599 1229 1610 ,
1278 1612 1283 1616 Ι
1401 1612 1405 1616 ¹
1438 1598 1445 1604 .
1746 1598 1752 1603 .
2086 1595 2094 1601 .
2223 1595 2230 1602 .

210 1624 309 1657 illum
328 1631 446 1657 vestro
463 1637 637 1658 consensu
652 1621 859 1669 reliquerim
878 1622 1074 1655 inLemnO.
1100 1621 1199 1654 Suasi
1228 1613 1229 1644 1
1255 1605 1311 1631 ⁶¹¹1
1329 1599 1537 1638 c⁰ll¹¹t¹⁰ne’
1575 1599 1670 1643 q¹¹⁰d
1694 1598 1838 1643 qmdem
1862 1602 2011 1642 Uterque
2037 1596 2178 1629 adunus
2203 1602 2249 1629 ⁵¹t

1256 1651 1372 1683 alieno
1404 1650 1602 1694 praesidio;
1647 1650 1705 1684 sed
1728 1649 1802 1693 ipse
1826 1648 1932 1682 unius
1955 1653 2108 1687 tantum,
2151 1645 2244 1680 Aiax

1255 1714 1340 1735 xero
1359 1702 1568 1735 multorum.

1359 1753 1472 1793 „Non
1506 1759 1577 1793 est,
1624 1765 1686 1785 cur
1709 1751 1921 1784 Diomedem
1955 1749 2066 1783 oculis
2091 1755 2125 1783 et
2152 1761 2249 1783 mur-

1700 1816 1763 1848 ego
1799 1802 1947 1835 candide
1990 1801 2180 1845 impertior
2215 1800 2248 1834 ei

1255 1869 1355 1889 suam
1383 1857 1538 1890 laudem.
1592 1856 1665 1890 Nec
1692 1862 1729 1889 tu
1756 1855 1850 1888 solus
1873 1852 2060 1886 defendisti
2087 1853 2248 1892 classem,

1255 1908 1419 1953 quamvis
1445 1908 1518 1941 eius
1545 1908 1595 1941 rei
1615 1908 1765 1951 gloriam
1784 1905 1847 1939 tibi
1866 1905 1930 1938 soli
1959 1915 2116 1947 arroges.
2168 1903 2245 1947 Ego

1255 1972 1339 1992 xero
1357 1960 1400 1992 ab
1416 1972 1488 1992 uno
1507 1966 1644 1992 tantum
1665 1959 1806 1991 adiutus
1822 1969 1918 1995 sum,
1936 1956 2011 2000 qui,
2034 1955 2103 1988 nisi
2115 1960 2247 1988 statue-

1255 2017 1307 2043 ret
1324 2011 1438 2044 virum
1458 2011 1653 2055 sapientem
1680 2008 1847 2042 bellatori
1867 2007 2137 2040 anteferendum
2161 2018 2248 2046 esse,

1255 2060 1349 2095 haud
1368 2062 1473 2095 dubie
1491 2062 1596 2095 etiam
1615 2061 1679 2094 sihi
1699 2072 1797 2092 arma
1819 2059 1897 2091 dari
1916 2058 2126 2103 postularet.
2136 2055 2152 2063 '⁹

1305 2122 1366 2156 Vs.
1388 2121 1474 2156 354.
1519 2123 1583 2162 Qui
1609 2123 1678 2155 nisi
1697 2132 1880 2163 memccem
1899 2119 1943 2164 Η)
1971 2121 2073 2153 sciret
2095 2120 2246 2161 sapiente

1564 2175 1739 2206 minorem.

1362 2292 1490 2337 „Quid
1524 2293 1638 2325 dicam
1673 2294 1715 2325 de
1747 2292 1824 2326 aliis
1857 2290 2078 2336 principibus
2113 2288 2245 2321 virtute

1251 2344 1373 2377 bellica
1402 2344 1682 2387 praestantibus,
1718 2345 1760 2377 de
1779 2344 1886 2376 Aiace
1910 2339 2096 2388 Oile015),
2127 2338 2243 2383 Eury-

1251 2396 1356 2440 pylo,
1392 2393 1579 2435 Tliomte,
1615 2395 1826 2435 Idomeneo,
1870 2394 2034 2427 Merione
2064 2397 2098 2424 et
2121 2390 2245 2424 Mene-

966 2450 1005 2476 ut
1032 2456 1109 2477 cum
1128 2443 1195 2476 He·
1222 2429 1227 2477 1
1251 2446 1333 2479 lao?
1358 2447 1418 2492 qui
1439 2460 1517 2480 cuin
1537 2461 1583 2480 m
1577 2447 1782 2492 ignitudine
1801 2445 1910 2479 animi
1927 2445 1997 2479 sint
2014 2453 2243 2489 nequaquam

1221 2487 1338 2667 1

1221 2672 1225 2732 1

1287 2592 1330 2618 Η)
1355 2589 1524 2621 pruniacem]
1549 2597 1588 2613 Sic
1609 2590 1687 2613 Ovid
1714 2589 1905 2614 fatuum-{14
1936 2585 2130 2616 Editt.1555.‚
2158 2583 2246 2612 1559„

1321 2626 1389 2647 iui·tl‹
1403 2632 1407 2647 :
1427 2630 1593 2655 [tinnientem.

1288 2676 1331 2701 15»
1358 2676 1440 2698 &iat-.-
1470 2674 1561 2706 Oileo]
1595 2675 1634 2697 siv
1662 2677 1735 2697 ret-te
1765 2674 1810 2698 Ι-],ιΙ
1835 2673 1906 2695 ¹)55.
1929 2674 1968 2697 h.:

1323 2710 1394 2733 1559
1417 2710 1486 2732 mate
1507 2709 1669 2732 seiunttiui.
1691 2709 1789 2733 Aiace
1811 2708 1897 2731 oneo.

2002 2671 2087 2696 aaut.
2112 2669 2186 2694 1555.
2205 2673 2242 2699 a.,
