2421 3005
111 65 160 100 85
486 60 676 96 LXXVIII.
742 60 1035 96 EXPLICATIO
1073 61 1461 98 sErxTssNrtARUM
1496 63 1805 103 THEOGMDIS.
2131 75 2179 110 86

104 151 220 197 patri,
249 160 282 186 et
298 149 403 196 ergibt
418 149 476 196 sid>
493 151 529 187 in
545 151 634 196 gaab
650 150 717 186 unt)
735 152 885 196 ungnab,
919 148 995 193 ipse
1020 148 1113 182 deri·
1273 149 1333 184 Vs.
1353 148 1438 184 147.
1464 147 1505 182 In
1525 150 1659 185 iustitia
1676 153 1781 187 simul
1808 155 1927 190 omnis
1951 156 2065 191 virtus
2091 159 2174 208 est.]

103 203 216 236 vatin
233 215 268 237 se
286 214 463 246 poenam,
488 202 537 235 ita
556 209 699 242 tamen,
733 209 772 236 ut
792 203 866 247 ipse
886 212 960 234 non
977 206 1111 245 pereat.
1137 188 1140 232 l
1166 199 1278 234 Estne
1297 201 1332 234 in
1360 201 1495 235 iustitia
1521 203 1638 237 omnis
1664 205 1802 240 virtus?
1855 205 1929 249 Ita,
1965 208 2099 243 scilicet
2120 211 2173 245 iu-

98 255 156 292 ῧο
173 253 294 300 ml'isfen
311 255 375 290 mit
396 254 459 291 alle
482 254 548 299 sein
572 252 628 298 fur
643 253 742 290 &ott
805 253 856 287 lta
873 252 1031 287 Ecclesia
1060 259 1111 287 est
1135 248 1139 324 f'
1164 252 1259 286 stitia
1284 253 1492 293 universali.
1552 253 1690 290 lustitia
1715 264 1766 291 est
1789 258 1902 293 virtus
1927 272 2001 293 non
2028 261 2173 297 laedens

97 307 246 352 supplex
261 306 443 351 imperiis,
471 305 512 350 sie
529 306 642 342 etbeut
665 306 722 351 sid)
743 316 781 351 gu
805 306 901 342 auem
925 304 1108 351 geborsam,
1134 331 1137 362 i
1164 304 1327 339 alterum.
1382 304 1498 339 Iustus
1515 318 1589 339 non
1607 308 1734 349 laedit,
1767 321 1841 342 non
1866 318 1917 345 est
1942 312 2083 347 adulter
2106 320 2171 349 ete.

98 362 158 394 ben
183 359 225 403 sie
247 358 388 404 [tbulbig
409 357 449 403 ist
469 369 509 404 511
533 359 629 404 tbun,
683 358 776 395 §man
797 358 843 403 ῘοΙ
867 368 930 394 nur
953 357 1107 402 gloriam
1160 354 1279 390 Etiam
1307 358 1454 403 quando
1478 363 1529 392 est
1555 360 1714 400 adulter,
1756 367 1808 394 est
1838 361 1961 398 iustus.
2032 363 2170 399 Iustitia

96 410 165 444 Dei
183 409 393 456 vetfdwnen,
421 422 466 444 ne
482 411 560 455 ipsa
588 417 738 455 cogatur
759 411 804 444 ad
829 410 1106 456 approbandam
1160 408 1387 452 particularis
1412 410 1636 452 extenditur,
1677 413 1941 447 transfunditur
1974 415 2012 449 in
2044 429 2168 451 omnes

94 462 355 496 idololatriam.
1161 460 1247 494 alias
1263 461 1424 496 virtutes.
1478 462 1629 508 Semper
1646 476 1725 497 cum
1750 476 1821 498 una
1849 465 1981 499 virtute
2006 475 2088 502 sunt
2111 481 2169 502 co-

198 513 283 548 Fuit
298 526 376 547 mos
400 513 626 558 supplicandi
652 513 941 558 religiosissimus
967 520 1001 547 et
1025 525 1106 547 san-
1160 512 1304 555 pulatae
1324 514 1457 547 multae
1475 514 1644 556 virtutes,
1673 516 1763 550 sicut
1781 516 1819 549 in
1835 529 1908 550 uno
1924 519 2054 552 scelere
2076 532 2167 554 sem-

95 565 292 605 ctissimus,
319 567 441 599 sedere
458 565 495 598 in
515 578 575 598 ara
594 573 628 600 et
655 567 842 600 ostendere
868 565 993 599 filium.
1048 564 1106 598 Sic
1160 576 1223 607 per
1240 571 1323 597 sunt
1338 566 1449 598 multa
1470 567 1614 601 scelera.
1670 567 1851 614 Loquitur
1872 566 1929 602 hic
1953 571 1996 603 de
2022 571 2165 612 virtute,

94 614 357 651 Themistocles
384 617 464 651 exul
487 630 567 651 cum
591 618 658 652 fuit
689 615 818 662 hospes
853 618 948 662 apud
982 628 1104 661 regem
1159 628 1250 660 quae
1280 616 1314 648 in
1348 617 1434 650 alias
1468 620 1742 653 transfunditur.
1818 619 1858 652 In
1889 621 2023 655 iustitia
2058 623 2165 657 simul

93 667 338 703 Molossorum
353 668 421 714 76),
457 670 571 703 factus
591 676 642 703 est
666 669 734 713 ipsi
760 669 930 713 supplex,
965 674 1000 701 et
1021 681 1103 702 cum
1159 667 1276 700 omnis
1300 667 1412 701 virtus
1437 675 1485 702 cst
1500 696 1508 708 ,
1555 671 1636 715 quia
1674 671 1807 704 iustitia
1834 672 2046 708 universalis
2069 687 2165 708 com-

92 720 168 765 ipse
185 732 260 754 non
281 727 371 755 esset
384 721 502 761 domi,
537 721 694 755 coniunx
719 720 818 753 dedit
844 720 876 753 ei
900 720 1103 762 consilium,
1157 718 1326 763 plectitur
1355 732 1479 754 omnes
1502 721 1662 755 virtutes.
1731 722 1867 756 Iustitia
1892 738 1994 759 more
2018 726 2105 770 legis
2131 734 2163 760 et

92 778 133 804 ut
148 784 261 806 manu
279 778 418 806 teneret
442 772 574 812 filium,
609 779 644 805 et
669 784 733 816 per
755 772 868 805 filium
894 778 1103 816 precaretur
1157 768 1408 816 philosophiae
1434 769 1542 805 habet
1567 774 1655 807 duas
1687 775 1979 818 significationes:
2024 776 2162 812 Iustitia

93 824 138 855 ad
157 836 277 864 aram,
305 830 344 857 ut
368 824 399 856 ei
423 829 573 867 propter
596 824 708 857 filium
736 828 899 868 parceret
923 830 957 856 et
981 825 1102 856 defen-
1156 823 1371 857 universalis
1389 824 1639 868 complectitur
1665 838 1788 860 omnes
1814 827 1982 868 virtutes,
2016 836 2055 863 ut
2079 843 2158 864 cuni

92 875 193 908 deret
208 875 359 909 exulem.
414 873 578 920 Cumque
597 875 645 909 ita
670 875 773 914 fecit,
812 882 863 910 est
888 887 908 908 a
934 888 1016 919 rege
1042 876 1101 908 de-
1157 875 1255 907 dico:
1285 875 1365 911 Qu&
1381 874 1419 918 ist
1436 877 1486 911 ein
1504 877 1599 912 etbat
1616 875 1725 919 Ὧῖαη,
1755 884 1789 910 et
1806 880 1970 922 congruit
1987 892 2065 913 cum
2084 882 2159 927 lege

90 926 210 960 sensus
227 933 262 959 et
281 926 424 960 adiutus
446 933 480 959 et
503 933 677 961 servatus.
732 925 825 960 Mihi
852 939 926 960 non
951 927 1099 960 dubium
1157 932 1189 958 et
1208 926 1394 961 voluntate
1412 927 1490 962 Dei.
1546 929 1673 962 Postea
1694 942 1772 962 cum
1800 930 1896 963 dico:
1933 930 1999 965 Iste
2025 945 2160 967 merca-

92 983 161 1017 est,
189 977 278 1023 quin
301 977 366 1012 ista
395 977 467 1011 sint
489 985 632 1023 sumpta
657 990 675 1011 a
703 980 876 1023 patribus.
920 979 994 1013 Nos
1018 991 1101 1023 pro-
1156 984 1212 1011 tor
1230 985 1281 1012 est
1306 979 1437 1019 iustus,
1471 979 1604 1026 loquor
1631 982 1673 1013 ‹le
1697 981 1830 1015 iustitia
1856 983 2082 1025 particulari,
2121 992 2160 1019 ut

90 1035 170 1073 pter
193 1029 306 1063 filium
331 1029 400 1063 Dei
423 1030 647 1064 obtestamur
668 1037 854 1064 aeternum
888 1036 1028 1074 patrem
1062 1031 1100 1063 in
1154 1031 1190 1062 in
1207 1032 1449 1065 contractibus
1477 1038 1528 1065 est
1553 1032 1677 1066 iustus.
1732 1033 1821 1066 Cum
1850 1034 1948 1067 dico:
1985 1035 2094 1068 Latro
2122 1038 2159 1070 in

92 1092 176 1121 ara,
203 1081 240 1114 id
259 1087 329 1122 est,
356 1081 394 1114 in
412 1080 590 1121 Ecclesia,
619 1089 652 1115 et
675 1090 919 1116 monstramus
942 1088 977 1114 et
1002 1087 1099 1114 tenc·
1154 1093 1256 1114 cruce
1276 1089 1325 1115 est
1350 1083 1462 1116 iustus
1488 1084 1575 1123 fide,
1609 1084 1740 1128 loquor
1764 1085 1807 1117 de
1829 1087 2032 1130 evangelica
2061 1088 2159 1122 iusti-

90 1144 171 1166 mus
186 1133 320 1173 filium,
349 1139 383 1166 et
396 1145 462 1177 per
479 1145 559 1166 eum
577 1134 744 1177 petimus.
798 1133 863 1167 Est
880 1134 915 1165 in
934 1132 1099 1166 Oecono-
1153 1132 1218 1171 tia,
1245 1145 1336 1178 quac
1356 1140 1406 1167 est
1424 1134 1586 1168 remissio
1604 1142 1846 1179 peccatorum.

92 1184 195 1218 micis
216 1184 474 1229 Aristotelis77)
506 1185 640 1217 dictum
665 1183 913 1230 Pythagorae:
959 1185 1097 1228 Sponsa
1256 1200 1316 1234 γε.
1339 1202 1423 1235 148·
1463 1201 1592 1236 Omnis
1620 1203 1675 1234 vir
1699 1204 1811 1238 iustus
1834 1211 1883 1238 est
1909 1204 2057 1253 bonus]
2085 1207 2160 1244 233st

92 1236 200 1293 datur
216 1247 348 1280 sponso
367 1237 413 1268 ad
429 1247 528 1268 aram
548 1242 720 1281 tanquam
742 1236 791 1293 illi
806 1237 965 1293 supplex.
1001 1235 1097 1279 Ergo
1152 1251 1215 1285 mit
1237 1251 1349 1296 [agen]
1386 1254 1436 1288 ein
1462 1253 1557 1289 what
1580 1253 1683 1290 §Ram
1751 1253 1790 1287 Μ
1816 1262 1884 1295 est,
1921 1257 1983 1302 qui
2007 1270 2081 1290 non
2107 1266 2159 1293 est

91 1293 242 1319 mamus
265 1287 370 1344 deb-et
398 1299 472 1344 ⁶⁵⁵?
499 1288 666 1320 defffl'SOP
685 1299 866 1345 ⁶“¹¹¹}¹g¹}³
894 1299 968 1320 ⁰0¹¹
993 1288 1099 1320 ‘¹⁶'th
1152 1314 1233 1335 reus
1254 1303 1404 1338 alicuius
1421 1305 1582 1345 sceleris,
1610 1312 1759 1349 propter
1778 1308 1876 1351 quod
1894 1314 1983 1341 esset
2002 1308 2157 1345 infamis.

90 1349 164 1395 {³⁵⁵³
181 1349 361 1396 SquUSJH
378 1350 588 1396 conlugem,
618 1340 723 1371 dehet
744 1351 775 1370 ΕΙ
797 1345 1097 1395 31¹²¹¹s¹ts¹¹¹q¹¹3{n
1152 1352 1310 1387 Divitiae
1342 1362 1375 1388 et
1405 1363 1597 1400 paupertas
1631 1357 1729 1390 varie
1761 1358 2026 1394 distribuuntur
2057 1361 2156 1395 iuxta

89 1389 319 1446 imbecilliorl
336 1395 370 1422 et
385 1389 540 1447 supplici.
557 1391 735 1435 quaedam
755 1391 974 1447 con-donare.
1017 1390 1097 1422 Aha
1153 1406 1341 1440 consilium
1366 1406 1453 1446 Dei,
1488 1408 1579 1440 Sicut
1603 1409 1953 1457 dicits4210m0n79)3
1990 1411 2100 1447 Dives
2123 1420 2157 1447 et

90 1452 230 1484 imago:
278 1440 373 1474 Tota
397 1440 563 1498 ‘heclesm
600 1442 707 1499 datu'r
743 1439 885 1474 Chrlsto
922 1447 1096 1486 tanquam
1152 1468 1291 1501 pauper
1309 1458 1415 1491 simul
1432 1457 1609 1498 habitant,
1639 1459 1735 1493 Deus
1750 1461 1833 1494 facit
1854 1468 2058 1509 utrumque.
2091 1464 2156 1498 Est

90 1503 219 1536 sponsa
233 1518 242 1532 ‚
269 1498 304 1526 et
320 1489 483 1526 Christus
501 1494 545 1525 ad
565 1505 665 1525 aram
685 1499 794 1530 lacet,
823 1500 855 1525 et
874 1498 925 1526 est
949 1493 1098 1536 supplex
1123 1514 1127 1520 -
1151 1509 1326 1542 sementia
1344 1511 1571 1555 sequentium
1589 1523 1755 1544 versuum

89 1555 158 1588 pro
173 1543 291 1584 nobis,
307 1550 342 1577 et
359 1544 458 1577 illam
475 1545 704 1589 amplectitur
722 1551 756 1577 et
772 1544 942 1583 defendit,
971 1556 1098 1589 quam-
1761 1537 1769 1546 ’

91 1607 199 1641 quam
224 1596 408 1630 sordidam
433 1602 498 1630 etc.
558 1595 622 1630 Est
643 1599 822 1641 quaedam
847 1596 1002 1629 eruditio
1030 1595 1096 1629 ista

91 1659 191 1681 sclre.

194 1706 272 1742 Vss.
286 1704 359 1740 145
375 1719 453 1752 sqq.
479 1704 623 1742 Βούλεο
638 1705 678 1742 δὲ
696 1706 783 1755 etc.]
797 1708 1035 1752 Praeceptum
1054 1708 1097 1740 de

91 1758 227 1796 iustitia
251 1758 394 1803 repetit.
453 1757 570 1802 Magis
594 1758 681 1792 velis
712 1765 806 1792 recte
832 1766 866 1792 et
888 1760 944 1803 pie
975 1770 1097 1801 agens,

90 1811 221 1844 timens
255 1810 393 1850 Deum,
443 1807 608 1843 habitare
644 1822 724 1843 cum
761 1811 912 1844 modicis
949 1810 1096 1850 divitiis,

92 1874 201 1908 quam
218 1862 390 1895 ditescere
408 1861 594 1905 possidens
610 1861 740 1895 iniuste
757 1862 959 1905 pecuniam.
1019 1861 1096 1894 Me-

90 1914 159 1948 lius
173 1919 226 1947 est
237 1913 419 1947 modicum
437 1925 517 1946 cum
534 1913 665 1946 timore
681 1913 852 1953 Domini,
880 1925 989 1958 quam
1015 1924 1093 1945 cum

90 1965 287 2006 iniustitia,
321 1965 424 2010 copia
449 1972 515 1998 etc.
573 1964 803 2009 Experientia
830 1964 957 1998 mundi
980 1965 1095 2003 docet,

93 2018 190 2062 quod
208 2017 299 2050 male
315 2023 418 2062 parta
437 2028 512 2050 non
527 2017 589 2050 diu
606 2016 809 2050 retinentur
821 2043 829 2055 ,
853 2017 925 2049 imo
941 2028 1096 2061 sequun-
1120 1985 1124 2054 l

92 2076 151 2102 tur
167 2080 317 2114 poenae.
371 2067 446 2100 Vae
463 2068 525 2113 qui
541 2068 673 2112 spolias
685 2095 694 2107 ,
723 2068 806 2113 quia
826 2067 1049 2112 spoliaberis.

248 2120 386 2165 §iuben
401 2120 501 2165 geben
516 2120 636 2164 feumet
652 2120 735 2163 nicht
745 2145 755 2162 Ι

1121 2630 1124 2645 Ι

1120 2651 1124 2675 l

1120 2681 1124 2705 l

1256 1577 1316 1611 Vs.
1338 1578 1421 1612 149.
1449 1578 1611 1612 Fortuna
1621 1578 1701 1626 S⁰).]
1730 1580 1935 1614 Daemones
1952 1582 2119 1617 dicuntur
2136 1597 2156 1617 a

1151 1630 1316 1668 sciendo,
1354 1642 1371 1661 a
1399 1630 1587 1675 sapientia.
1658 1631 1762 1665 Colas
1787 1632 1978 1673 iustitiam,
2013 1634 2087 1668 sive
2110 1636 2156 1670 sis

1151 1693 1308 1726 pauper,
1337 1681 1410 1714 sive
1432 1688 1496 1715 etc.

1254 1748 1314 1782 Vs.
1334 1747 1417 1783 151.
1445 1748 1542 1783 Deus
1559 1750 1653 1783 dedit
1676 1750 1831 1793 primum
1858 1753 1991 1786 malum
2016 1752 2156 1789 homini

1150 1799 1396 1848 iniustitiam.]
1432 1800 1471 1833 Id
1498 1808 1567 1841 est,
1604 1801 1699 1835 Deus
1722 1802 1855 1835 iudicat
1882 1802 1949 1836 hoc
1974 1817 2066 1846 esse,
2102 1807 2155 1840 in-

1149 1852 1341 1891 iustitiam,
1370 1853 1548 1896 primum,
1576 1852 1610 1884 id
1632 1860 1700 1892 cst,
1727 1866 1838 1886 unum
1857 1855 2006 1889 malum.

1251 1921 1311 1956 Vs.
1333 1920 1417 1957 152.
1448 1922 1557 1956 Cuius
1585 1923 1687 1967 ponit
1706 1923 1761 1955 vel
1786 1923 1968 1967 positurus
1999 1932 2050 1958 est
2074 1928 2153 1959 nul-

1149 1973 1219 2004 lam
1246 1972 1452 2021 regionem]
1487 1975 1523 2007 id
1556 1981 1624 2014 est,
1669 1987 1847 2020 nusquam
1882 1976 1959 2009 vult
1991 1989 2064 2010 esse
2097 1979 2153 2012 vel

1149 2024 1236 2068 pati.
1291 2024 1446 2068 Propter
1464 2026 1676 2059 iniustitiam
1697 2026 1962 2060 transferuntur
1980 2040 2101 2072 regna.

1252 2093 1330 2128 Vss.
1343 2093 1416 2128 155
1426 2108 1478 2140 sq.
1506 2095 1650 2129 'Nemini
1668 2095 1860 2139 exprobres
1870 2098 2152 2148 paupertatem]

1150 2146 1290 2179 Probra
1314 2153 1396 2180 sunt
1422 2147 1575 2186 scelera,
1612 2146 1873 2190 turpitudines,
1907 2148 1944 2181 id
1970 2156 2039 2189 est,
2068 2162 2152 2194 pro-

1150 2205 1230 2242 pter
1265 2198 1546 2242 turpitudinem,
1587 2198 1717 2232 scelera
1767 2195 1878 2232 homo
1912 2206 1963 2233 est
1995 2201 2151 2237 infamis.

1151 2249 1301 2296 Quare?
1330 2250 1422 2295 Quia
1440 2249 1536 2284 Deus
1555 2250 1630 2283 vult
1647 2249 1796 2294 intelligi
1821 2250 2012 2284 discrimen
2040 2250 2150 2286 hone—

1151 2308 1288 2336 storum
1307 2308 1341 2335 et
1360 2302 1536 2346 turpium;
1563 2301 1644 2334 ideo
1659 2300 1756 2334 Deus
1774 2301 1880 2334 etiam
1903 2303 2150 2347 corporalibus

1152 2353 1277 2398 poenis
1293 2354 1369 2386 vult
1384 2354 1524 2396 punire.
1579 2353 1712 2386 Textus
1730 2353 1767 2385 in
1784 2351 1863 2386 Iure
1880 2353 1981 2386 dicit:
2012 2354 2148 2395 ‚,Eum,

1152 2405 1213 2450 qui
1235 2411 1423 2437 nocentem
1452 2405 1621 2443 infamat,
1656 2404 1711 2437 lex
1740 2417 1812 2436 non
1838 2404 1969 2437 indicat
1998 2405 2050 2436 vel
2083 2418 2147 2448 pu—

1152 2454 1241 2489 nit.''
1293 2454 1328 2487 Μ
1351 2462 1419 2495 est,
1448 2459 1502 2491 ber
1520 2457 1608 2491 einen
1627 2455 1731 2501 {dyitts
1769 2457 1822 2490 bet
1846 2459 1880 2490 εὖ
1902 2456 2063 2490 υετῠῐεηεῖ
2078 2456 2147 2500 batl

251 2170 416 2213 Ἡῑῐιηοῖεη
435 2173 533 2217 geben
550 2178 656 2207 atmet
671 2172 773 2217 nicht,

250 2223 388 2269 Untedpt
403 2222 479 2259 &ut
492 2223 586 2268 fafelt
594 2223 640 2270 ⁷⁸)
659 2224 754 2269 nid7t.

94 2272 135 2306 Id
153 2279 223 2313 est,
251 2275 408 2319 primum
435 2282 486 2309 est
508 2276 668 2309 facienda
688 2275 868 2308 invocatio
883 2301 891 2313 ,
919 2273 1096 2306 audienda

97 2324 238 2365 contio,
265 2326 325 2359 illa
343 2338 443 2359 mora
462 2326 581 2370 potius
606 2333 816 2372 promovet,
853 2337 960 2371 quam
986 2326 1097 2369 impe-

97 2377 149 2409 dit
165 2384 342 2419 agentem,
396 2378 523 2411 Postea
541 2379 622 2411 date
634 2406 643 2419 ,
671 2378 815 2412 dabitur
834 2377 935 2411 volvis
950 2384 1014 2410 etc.

133 2511 182 2541 76)
203 2517 296 2542 regem
321 2511 507 2534 Molossorum
531 2510 607 2538 (scil.
629 2510 800 2539 Admetum]
827 2510 867 2534 sic
894 2510 1011 2540 scripsi:
1049 2510 1097 2533 Ed.

169 2546 263 2570 1560.:
289 2552 382 2576 regem
401 2546 561 2568 Molossum,
610 2545 688 2568 conf.
708 2544 848 2568 Plutarchi
867 2545 924 2568 vita
942 2545 1098 2568 Themisto-

169 2581 219 2603 clis
239 2587 262 2604 c.
276 2580 319 2604 24.
348 2580 471 2603 Cornelii
490 2580 602 2610 ,Nepotis
623 2579 751 2602 Themist.
772 2587 793 2602 c.
807 2580 831 2602 8.

135 2630 184 2663 ⁷7)
203 2632 317 2655 Aristot.
335 2631 437 2655 Oecon.
456 2631 476 2659 1.
497 2633 521 2654 4.

135 2680 183 2712 78)
202 2680 291 2713 fufelt]
310 2682 326 2704 i.
342 2688 365 2705 e.
386 2680 512 2712 gcbeibet'
531 2683 660 2711 prodest,
690 2681 760 2704 conf,
783 2681 904 2704 Eisetein
924 2683 940 2704 Ι.
960 2683 976 2705 Ι.
998 2690 1021 2711 p.
1036 2682 1095 2706 375.

1183 2630 1230 2659 79)
1252 2629 1333 2651 Prov.
1349 2628 1392 2656 22,
1411 2629 1435 2651 2.

1183 2681 1230 2709 eo)
1253 2677 1387 2709 Fortuna]
1408 2679 1445 2700 sis
1466 2678 1488 2699 Ξι,
1507 2677 1521 2699 1.
1545 2683 1635 2699 votem
1658 2674 1765 2706 ιῙυί-ιιων
1785 2676 1878 2698 vertit.

1515 2712 1565 2743 Ψ
