2421 3005
63 109 140 147 685
525 106 630 142 XCII.

62 198 256 243 loquatur,
285 196 346 230 sed
365 207 483 230 secum
505 194 551 241 (si
569 207 658 239 opus
675 194 799 239 suerit)
822 195 930 228 verba
948 193 1068 234 faciat,

65 256 100 283 et
118 246 187 282 hoc
203 249 418 281 monodium
435 247 648 292 appellatur.
707 245 748 278 In
765 244 884 280 choris
900 258 984 279 vero
1002 258 1068 279 nu-

63 313 184 334 merus
201 312 438 344 personarum
456 298 628 332 diffinitus
645 310 719 331 non
738 305 801 339 est,
819 298 951 344 quippe
970 299 1067 343 quod

64 351 216 386 iunctim
238 364 362 386 omnes
377 350 479 396 loqui
501 351 652 391 dehent,
681 350 783 396 quasi
801 362 888 383 voce
908 351 1068 390 confusa,

66 410 101 438 et
134 410 347 437 concentum
382 403 420 435 in
449 414 559 436 unam
593 414 785 447 personam
816 402 1068 435 reformantes.

684 105 971 142 ENARRATIO
1008 105 1375 142 COMOEDIARUM
1412 106 1656 142 TERENTH.

1091 247 1094 266 l

1091 268 1096 330 l

67 455 260 489 Sciendum
272 454 420 488 Latinas
435 454 641 488 comoedias
659 452 809 487 chorum
828 466 903 487 non
915 451 1068 490 babere;
1094 446 1095 454 ¹

65 507 127 541 sed
151 507 291 541 duobus
314 512 454 539 tantum
482 506 655 539 membris
683 511 870 546 constant,
905 505 1068 538 diverbio

65 558 200 593 scilicet
214 565 248 592 et
264 558 415 592 cantico.
475 557 559 592 Non
586 564 637 591 est
657 555 726 590 hoc
751 558 1069 602 praetereundum,

65 611 164 656 quod
179 610 319 655 primus
337 608 481 654 (autore
499 609 730 656 Aristotele),
760 609 821 654 qui
839 620 1011 653 personas
1033 608 1069 640 in

64 673 207 695 scenam
224 661 455 706 produxerit,
489 661 659 706 prologos
685 660 915 701 confinxerit,
951 666 984 694 et
1006 671 1071 704 per

66 712 262 748 histriones
296 714 435 747 fabulas
469 712 814 758 repraesentaverit,
870 712 1070 756 ignoratur.

67 764 258 799 Caeterum
275 765 415 798 fabulas
432 765 570 810 primus
586 763 757 798 confinxit
776 761 1015 808 Epicharmus
1037 769 1071 796 et

64 814 254 855 Phormis;
278 828 363 849 narn
383 829 424 850 ex
439 817 557 850 Sicilia
578 816 614 848 in
630 815 819 849 Graeciam
840 815 1071 849 aitadvectas

66 869 164 913 apud
179 865 429 903 Athenienses.
483 868 600 901 Porro
619 867 743 901 Crates
761 867 902 912 primus
926 867 1071 900 iambici

66 920 184 965 specie
204 920 387 954 orationes
407 931 446 952 ac
464 920 602 953 fabulas
619 918 772 963 scripsit.

408 1005 469 1038 De
503 1005 731 1050 partibus.

170 1073 379 1120 Dionysius,
408 1074 532 1109 Crates
549 1081 790 1119 cognomento
802 1074 970 1109 Mallotes
988 1085 1071 1119 pro-

2049 110 2124 145 686

1123 195 1221 240 quod
1235 192 1390 235 Ithacae,
1419 193 1509 228 sicut
1524 193 1632 226 Locri
1652 193 1790 227 incolae
1806 195 1945 240 palliati
1962 195 2126 235 suerunt3

1122 245 1272 280 Achillis
1288 246 1361 280 sive
1380 245 1611 290 Neoptolemi
1634 258 1809 290 personae
1836 247 2041 280 diademate
2069 260 2126 281 co-

1122 305 1274 331 ronatae
1294 298 1509 342 prodibant,
1538 297 1702 343 quamvis
1721 299 1853 342 regalia
1871 306 2009 343 sceptra
2034 312 2126 333 nun-

1123 350 1441 395 quamtenuerint.
1497 349 1653 382 Comicis
1679 350 1822 383 senibus
1849 351 2042 385 candidum
2068 364 2127 383 ve-

1123 402 1330 435 stimentum
1360 402 1526 435 dabatur.
1580 400 1866 435 Adulescentulis
1895 403 2051 436 discolor
2075 409 2128 435 at-

1122 453 1314 493 tribuitur,
1342 460 1382 486 ut
1402 453 1454 487 sui
1473 453 1608 497 ingenii
1628 453 1865 486 mobilitatem
1890 466 1975 498 prae
2002 467 2036 488 se
2059 455 2128 487 ser-

1123 511 1215 539 rent.
1270 505 1373 538 Servi
1396 504 1530 538 amictu
1555 504 1682 548 exiguo
1707 511 1947 548 conteguntur
1974 517 2128 550 pauper-

1124 557 1206 590 tatis
1233 557 1402 602 antiquae
1429 557 1564 600 gratia,
1605 557 1659 589 vel
1689 570 1761 602 quo
1786 557 2025 601 expeditiores
2049 569 2129 601 age-

1124 615 1216 642 rent.
1270 608 1425 642 Parasiti
1456 621 1534 640 cum
1562 608 1704 641 intortis
1722 608 1839 653 palliis
1857 610 1902 641 ob
1924 609 2053 642 collum
2071 622 2129 641 ve·

1124 661 1251 701 niunt,
1304 660 1397 692 laeto
1435 660 1628 698 candIdus,
1679 672 1897 694 aerumnoso
1935 661 2130 700 obsoletus,

1125 724 1328 757 purpureus
1345 711 1446 744 diviti
1460 738 1467 750 ,
1496 711 1646 756 pauperi
1664 709 1883 756 phoeniceus
1899 712 2047 746 restitus
2066 714 2129 745 da-

1124 765 1251 803 batur,
1280 763 1385 796 iniliti
1410 761 1570 808 chlamys
1597 776 1791 808 purpurea.
1856 764 2003 797 Puellae
2026 762 2128 797 habi-

1125 822 1181 849 tus
1199 815 1410 860 peregrinus
1428 814 1621 848 inducitur.
1676 814 1777 847 Leno
1798 815 1907 859 pallio
1926 816 2016 848 varii
2034 816 2129 849 colo-

1125 868 1174 902 ris
1193 868 1318 901 utitur.
1372 866 1555 900 Meretrici
1574 867 1619 899 ob
1639 867 1827 899 avaritimu
1854 867 1988 900 luteum
2011 869 2130 901 datur.

1125 919 1327 953 Luctuosae
1355 931 1531 963 personae
1555 919 1723 964 syrmatis
1750 919 1965 951 incedebant
1988 920 2032 951 ob
2058 932 2129 952 sce-

1125 972 1243 1004 nicam
1274 971 1474 1009 luxuriam3
1515 971 1575 1004 sed
1610 971 1652 1003 de
1685 970 1836 1004 vestium
1871 977 2001 1003 ornatu
2027 971 2128 1015 plura

1125 1024 1266 1057 Pollux.
1341 1022 1478 1056 Aulaea
1514 1022 1550 1054 in
1587 1034 1691 1055 scena
1730 1020 1830 1054 humi
1865 1023 2130 1062 sternebantur,

1127 1076 1223 1121 quod
1254 1075 1370 1119 pictus
1399 1080 1549 1107 ornatus
1576 1080 1652 1106 erat
1677 1086 1718 1107 ex
1745 1073 1897 1106 Attalica
1930 1074 2027 1118 regia
2059 1074 2131 1106 Ro-

69 1125 260 1166 diderunt,
295 1126 505 1160 comoediae
529 1133 649 1171 partes
675 1133 831 1172 quatuor
858 1139 948 1161 esse:
986 1138 1071 1170 pro-
1097 1127 1100 1132 ’
1126 1139 1222 1160 mam
1246 1139 1359 1172 usque
1386 1126 1567 1170 perlatus,
1611 1137 1678 1169 pro
1712 1126 1841 1171 quibus
1871 1126 2001 1170 siparia
2034 1132 2131 1158 aetas

67 1177 211 1221 logum,
255 1175 490 1219 chorimelos,
536 1178 736 1223 episodium
774 1184 809 1211 et
843 1178 1009 1212 exodium
1029 1176 1071 1224 ³).

67 1229 247 1273 Prologus
267 1230 312 1262 ad
330 1229 529 1274 ingressum
548 1243 661 1276 usque
677 1228 777 1263 chori
797 1236 858 1264 est.

69 1339 140 1366 tur.
195 1331 409 1377 Episodium
429 1345 540 1377 porro
562 1334 739 1367 estmelos
756 1333 848 1366 inter
867 1340 1009 1373 cantus,
1039 1339 1073 1365 et

69 1381 265 1417 chororum
283 1384 454 1418 binorum
471 1385 683 1419 locutiones.
744 1384 922 1418 Exodium
950 1391 1001 1419 est
1028 1385 1072 1417 ad

71 1433 172 1469 chori
189 1436 297 1468 finem
318 1436 466 1469 locutio.

184 1520 244 1555 De
272 1521 397 1556 ludis
425 1521 645 1562 scenicis,
683 1534 732 1555 ex
759 1521 955 1555 Donato.

176 1589 273 1623 Ludi
297 1596 381 1624 sunt
408 1590 649 1624 caerimoniae
676 1591 721 1624 ab
740 1591 915 1624 aedilibus
943 1589 1073 1623 curuli—

69 1642 136 1676 bus
155 1653 306 1675 munere
323 1641 468 1685 publico
488 1641 691 1682 institutae,
719 1643 756 1675 in
776 1643 905 1688 quibus
930 1649 984 1684 ut„
996 1642 1073 1686 plu·

67 1693 203 1726 rimum
224 1693 433 1726 comoediae
449 1693 714 1733 recitabantur,
743 1706 898 1739 quorum
916 1700 1073 1739 quatuor

67 1745 227 1778 maxime
254 1756 385 1788 genera
414 1745 658 1778 celebrantur:
688 1745 910 1788 Megalenses
937 1745 1073 1789 magnis

70 1796 150 1830 Diis
176 1796 393 1834 consecrati;
436 1797 604 1830 funebres
632 1798 677 1829 ad
701 1797 930 1830 retinendum
958 1809 1073 1841 popu-

70 1848 145 1881 lum
163 1848 339 1888 instituti,
367 1849 451 1881 dum
473 1860 606 1893 pompa
633 1849 749 1881 funeri
775 1850 915 1882 decreta
946 1849 982 1881 in
1011 1847 1074 1881 bo-

70 1911 198 1933 norem
226 1899 367 1944 patricii
394 1900 461 1932 viri
486 1900 590 1943 plene
617 1899 826 1938 instruitur;
860 1900 989 1944 plebeii
1008 1912 1073 1944 pro

71 1951 185 1986 salute
208 1951 322 1996 plebis
346 1951 500 1985 instituti
524 1958 625 1990 sunt;
659 1952 889 1996 Apollinares
914 1952 1073 1996 Apollini

73 2003 283 2037 consecrati.

426 2079 502 2113 De

177 2149 273 2184 Arae
308 2149 400 2181 duae
431 2155 534 2182 erant
568 2149 605 2182 in
638 2162 741 2184 scena
767 2149 844 2183 Diis
879 2149 1075 2190 dedicatae,

75 2201 199 2234 dextra
231 2200 365 2234 scilicet
399 2206 434 2233 et
463 2200 628 2241 sinistra,
661 2202 784 2234 dextra
812 2201 943 2234 Libero
968 2203 1076 2246 patri,

75 2251 219 2286 sinistra
240 2252 293 2285 illi
307 2251 386 2285 Deo
399 2278 408 2292 ‚
437 2251 473 2284 in
490 2252 589 2285 cuius
607 2253 748 2286 laudem
768 2254 842 2287 ludi
861 2254 1004 2287 fiebant.

564 2080 725 2114 aris.

333 2328 396 2362 De
426 2329 608 2363 scenico
642 2327 815 2364 habitu.

179 2395 346 2430 Scenicus
367 2393 511 2430 habitus
538 2403 590 2430 est
609 2397 811 2432 indumenti
836 2411 966 2443 genus,
1003 2413 1074 2445 quo

74 2447 271 2482 utebantur
288 2448 436 2488 scenici,
465 2454 504 2481 ut
528 2449 617 2482 alter
644 2450 687 2482 ab
714 2451 826 2483 altero
851 2451 1075 2495 dignoscere-

75 2505 145 2533 tur.
191 2499 355 2533 Primum
378 2500 472 2533 enim
490 2500 654 2545 Ulyssem
674 2501 710 2534 in
726 2514 866 2535 scenam
886 2503 1073 2547 palliatum

74 2551 245 2584 inducere
263 2552 444 2593 solebant,
474 2553 530 2585 vel
548 2554 645 2598 quod
673 2553 868 2599 aliquando
896 2555 1071 2588 insaniam

74 2602 271 2643 simularit,
314 2604 371 2637 vel
402 2605 447 2637 ob
480 2604 697 2648 singularem
730 2605 963 2650 sapientiam,
1012 2620 1074 2641 seu

109 2702 141 2731 ³)
160 2704 303 2734 exodium]
329 2705 469 2730 Ed.1516.
495 2706 521 2731 h.
544 2706 561 2732 l.
588 2706 747 2737 exliodinm3

785 2706 811 2730 in
841 2709 984 2739 subseqq.:

143 2738 242 2762 houton

1025 2715 1074 2733 ex·

913 1231 961 1264 At
979 1242 1071 1275 quae
1097 1251 1100 1270 ἶ

69 1293 150 1314 cum
168 1281 331 1325 ingressu
355 1279 456 1314 ebori
481 1281 638 1322 locutio,
674 1280 889 1315 cborimelos
915 1281 1072 1326 appella-
1097 1274 1100 1326 i
1126 1283 1191 1316 bus
1216 1294 1277 1315 ora
1304 1281 1462 1314 faecibus
1487 1281 1680 1325 perunctis.

1097 1330 1101 1351 l

1125 1179 1306 1224 posterior
1325 1177 1472 1222 accepit.
1527 1177 1718 1210 Sciendum
1738 1177 1844 1210 etiam
1863 1176 2036 1221 Thespim
2059 1177 2131 1221 pri-

1126 1244 1224 1264 mum
1245 1230 1377 1273 tragica
1399 1236 1563 1273 poemata
1586 1229 1755 1273 plaustris
1784 1230 1938 1269 vexisse,
1974 1227 2132 1262 homini-

1737 1280 1802 1313 Sed
1825 1280 1974 1314 Roscius
1993 1281 2132 1321 Gallus,

1126 1334 1341 1379 praecipuus
1369 1330 1516 1372 histrio,
1551 1333 1688 1376 primus
1715 1332 1892 1377 parasitos
1921 1332 2067 1365 deduxit
2092 1332 2131 1381 in

1126 1398 1289 1424 scenam;
1331 1382 1527 1429 Aeschylus
1553 1397 1638 1417 vero
1667 1396 1860 1429 personae,
1897 1385 2035 1430 pallae,
2073 1396 2130 1416 co-

1127 1436 1252 1471 thurni
1271 1444 1305 1470 et
1322 1436 1415 1471 socci
1431 1442 1596 1480 repertor
1614 1434 1758 1470 babitus
1776 1442 1837 1470 est.
2049 1444 2051 1446 ’

1470 1521 1530 1554 De
1567 1522 1784 1556 canticis.

1233 1591 1378 1625 Cantica
1400 1599 1482 1625 sunt
1501 1590 1734 1631 barmoniae,
1772 1604 1863 1637 quae
1883 1604 1955 1623 non
1975 1604 1991 1623 a
2013 1597 2132 1635 poeta,

1128 1644 1188 1678 sed
1213 1655 1232 1676 a
1258 1643 1414 1676 musicae
1442 1643 1528 1676 artis
1555 1644 1670 1688 perito
1697 1643 2016 1688 temperabantur,
2059 1656 2131 1675 non

1128 1696 1276 1734 iisdem,
1304 1696 1484 1739 sedsaepe
1512 1695 1659 1728 mutatis
1685 1695 1822 1735 modis,
1858 1701 1895 1728 ut
1919 1695 2133 1739 significant,

1129 1747 1189 1792 qui
1218 1753 1289 1779 tres
1313 1759 1484 1780 numeros
1510 1747 1544 1779 in
1570 1747 1765 1781 comoediis
1781 1754 1935 1792 ponunt.
1989 1747 2131 1780 Nomen

1128 1805 1247 1831 autem
1267 1798 1303 1830 in
1320 1798 1499 1842 principio
1518 1799 1679 1838 fabulae,
1709 1806 1743 1832 et
1758 1798 1954 1842 scriptoris,
1984 1805 2017 1831 et
2036 1804 2132 1830 acto-

1129 1850 1177 1884 ris
1198 1849 1418 1883 carminibus
1445 1851 1489 1882 ad
1514 1850 1619 1883 tibias
1638 1850 1739 1884 sactis
1758 1849 2064 1894 pronuntiabant,
2094 1855 2133 1882 ut

1129 1902 1281 1935 disceret
1298 1908 1380 1934 ante
1400 1901 1574 1946 populus,
1605 1914 1712 1947 quam
1738 1902 1895 1934 fabulam
1922 1902 2036 1934 acturi
2060 1914 2132 1935 sce-

1130 1953 1199 1986 nici
1219 1959 1345 1987 essent.
1402 1952 1549 1986 Cantica
1561 1955 1604 1985 ·in
1625 1954 1821 1988 comoediis
1839 1953 2026 1998 tripliciter
2052 1965 2133 1998 age-

1128 2006 1282 2045 bantur,
1337 2004 1433 2039 tibiis
1474 2005 1612 2038 scilicetv
1644 2006 1789 2050 paribus
1831 2006 1885 2038 vel
1921 2005 2132 2050 imparibus,

1130 2058 1262 2090 dextris
1279 2063 1340 2090 aut
1357 2057 1530 2097 sinistris,
1561 2057 1614 2090 vel
1633 2057 1805 2103 utrisque.
1860 2057 1969 2090 Pares
1990 2058 2045 2090 vel
2067 2057 2131 2089 im—

1130 2121 1234 2153 pares
1253 2109 1361 2142 tibiae
1379 2109 1414 2141 in
1433 2122 1499 2142 usu
1520 2116 1619 2141 erant
1635 2137 1643 2149 ,
1679 2110 1774 2154 quod
1789 2136 1798 2147 ,
1836 2109 1863 2143 si
1889 2110 2035 2154 quando
2055 2122 2131 2141 mo-

1130 2160 1240 2193 nodio
1261 2161 1433 2204 agebant,
1462 2173 1571 2194 unam
1593 2161 1717 2193 tibiam
1738 2160 1931 2201 inflabant,
1965 2162 1993 2195 si
2019 2173 2132 2206 quan-

1130 2214 1175 2245 do
1193 2212 1359 2258 synodIO,
1378 2219 1580 2258 utramque.
1625 2212 1781 2246 Dextrae
1798 2213 1853 2245 vel
1870 2214 2049 2252 sinistrae,
2069 2218 2131 2245 aut

1131 2263 1287 2297 Seranae
1313 2264 1421 2297 tibiae.
1447 2264 1482 2296 iu
1512 2278 1577 2298 usu
1604 2271 1718 2298 erant.
1778 2264 1870 2299 Nam
1899 2266 2042 2297 dextrae
2069 2276 2130 2297 sua

1131 2315 1304 2359 gravitate
1330 2316 1456 2349 seriem
1485 2316 1803 2362 conditionemque
1827 2317 2131 2361 pronuntiabant3

1131 2367 1295 2400 sinistrae
1320 2374 1438 2401 autem
1470 2375 1503 2401 et
1521 2368 1678 2401 Seranae
1705 2369 1881 2402 acuminis
1906 2368 2049 2401 levitate
2081 2367 2131 2399 io-

1131 2433 1208 2453 cum
1227 2419 1263 2452 in
1285 2420 1469 2452 comoedia
1488 2421 1742 2459 ostendebant3
1776 2427 1971 2466 utraeque,
2006 2421 2130 2452 dextra

1129 2471 1262 2505 scilicet
1279 2478 1312 2504 et
1331 2470 1494 2512 sinistra,
1524 2472 1653 2506 mixtos
1672 2473 1767 2506 iocos
1786 2479 1819 2505 et
1835 2472 2047 2516 gravitatem
2075 2482 2130 2503 ex-

1129 2523 1345 2567 prirnebant.

1450 2609 1530 2643 De

1233 2678 1343 2712 Scena
1367 2685 1418 2711 est.
1436 2678 1688 2711 umbraculum
1718 2690 1758 2711 ex
1784 2678 1973 2711 arboribus
2002 2677 2131 2710 consti-

1129 2735 1264 2770 tutum,
1294 2742 1310 2762 a
1332 2729 1474 2764 rusticis
1492 2730 1594 2775 prins
1614 2730 1893 2764 inumbrationis
1910 2742 2011 2763 causa
2033 2741 2132 2762 com-

1586 2621 1805 2644 scena.
