2341 2973
158 85 233 119 503

727 83 851 119 PHIL.
889 82 1002 119 MEL.
1037 81 1239 118 SCRIPTA
1274 82 1614 121 PHILOLOGICA.

2141 82 2220 120 504

157 184 238 212 nes,
264 168 482 205 Parthenius
508 177 542 205 et
564 171 710 217 quidam
730 170 966 211 Theodorus,
990 171 1052 204 sed
1068 169 1155 204 Ovi·
1180 168 1186 214 l
1213 170 1353 211 litteris,
1382 170 1465 217 quia
1485 170 1604 206 Moses
1622 172 1745 212 tradit,
1775 170 1963 204 materiam
1983 169 2079 202 illam
2099 181 2117 202 a
2138 169 2220 203 Deo

154 223 257 257 dium
274 223 444 256 facilitate
464 229 498 256 et
514 223 734 257 iucunditate
752 223 921 257 carminis
949 234 1074 256 omnes
1102 235 1159 256 su-

156 287 321 319 perasse,
358 286 399 307 ex
424 287 465 308 eo
494 275 724 309 manifestum
750 281 820 316 est,
863 275 961 320 quod
985 271 1023 306 hi
1048 274 1159 319 ipsius

157 326 240 360 libri
256 327 295 358 in
314 325 490 360 Graecam
509 327 670 371 linguam
690 326 853 361 conversi
876 332 970 360 sunt.

261 376 405 412 Titulus
422 378 630 413 inscribitur
646 375 973 422 Metamorphosis,
1001 374 1070 409 hoc
1096 384 1161 418 est,

157 429 442 465 transformatio.
502 430 706 475 Finguntur
731 429 826 463 enim
851 427 908 462 hic
931 429 1093 462 converti
1120 441 1162 463 ex

156 480 366 515 hominibus
384 482 421 514 in
437 482 590 521 belluas,
620 482 682 527 qui
706 481 743 514 in
768 479 926 514 hominis
950 480 1063 524 figura
1088 481 1162 514 bel-
1187 478 1189 481 ’

157 534 239 567 luae
271 533 536 566 immanitatem
568 538 714 577 gerunt:
759 532 881 578 quales
909 538 993 566 sunt
1017 532 1162 573 ebriosi,

157 584 361 625 libidinosi,
392 584 543 617 violenti
567 591 601 617 et
625 584 774 622 similes,
800 597 957 630 quorum
983 585 1163 629 appetitus

158 643 277 670 rectae
294 635 427 669 rationi
448 636 598 669 minime
617 636 855 680 obtemperat.

577 718 737 754 Chaos.

186 780 245 815 Vs.
263 779 336 821 5⁵).
366 783 455 815 Ante
482 793 575 814 mare
599 786 630 815 et
656 786 771 815 terras
787 779 818 825 6)
846 784 879 814 et
899 781 985 827 qicod
1008 781 1094 824 regit
1110 780 1141 827 ⁶)

523 835 641 868 omnia
667 834 803 867 coelum.

264 900 388 934 Prima
432 905 466 932 et
508 900 664 934 maxime
709 899 921 933 admiranda
966 898 1193 932 Metamor-¹

162 950 283 997 phosis
307 957 377 991 est,
407 963 529 983 rerum
557 952 710 990 creatio;
740 951 827 998 quid
854 950 950 984 enim
968 950 1165 983 admirabi-

160 1004 251 1044 lius,
280 1015 389 1049 quam
414 1002 570 1036 informe
592 1001 700 1036 chaos
726 1003 763 1036 in
788 1000 1072 1047 pulcherrimum
1097 1000 1166 1035 boc

163 1055 290 1089 mundi
309 1054 512 1099 opificium,
540 1066 580 1087 ac
598 1055 764 1088 tenebras
782 1054 820 1086 in
837 1054 952 1087 lucem
977 1052 1165 1086 converti?

162 1106 236 1141 Nec
264 1118 350 1139 vero
378 1105 527 1139 dubium
561 1112 612 1140 est
646 1112 836 1150 poetarum
869 1105 1098 1138 narrationes
1122 1106 1166 1138 de

162 1158 289 1192 mundi
307 1156 543 1190 fabricatione
561 1164 723 1202 sumptas
740 1170 813 1191 esse
831 1170 872 1190 ex
891 1157 1002 1190 veteri
1020 1163 1164 1201 patrum

162 1210 348 1249 doctrina,
385 1221 494 1254 quam
526 1209 587 1241 alii
622 1209 819 1253 simplicius
848 1209 1065 1248 recitarunt,
1106 1208 1166 1241 alii

161 1261 276 1305 magis
293 1261 525 1294 involverunt
540 1261 670 1294 fabulis
681 1288 690 1301 ,
718 1267 758 1294 ut
774 1259 942 1305 Orpheus
954 1288 963 1300 ,
988 1267 1022 1293 et
1037 1260 1166 1293 deinde

162 1313 333 1346 Musaeus
357 1324 396 1345 ac
419 1311 545 1347 Linus.
598 1312 729 1346 Versus
755 1319 807 1347 est
834 1310 974 1357 Orphei
998 1312 1167 1345 recitatus

163 1377 182 1398 a
202 1363 338 1398 Iustino
356 1364 517 1409 Martyre
530 1390 539 1404 ,
571 1371 605 1398 et
622 1376 642 1398 a
660 1364 843 1398 Clemente
858 1364 1105 1398 Alexandrino
1125 1364 1167 1396 de

162 1416 302 1450 unitate
320 1415 405 1448 Dei:

218 1472 282 1514 Εἷς
313 1473 383 1510 ἔσθ
402 1501 413 1516 ’
465 1474 670 1524 αὐτογὲνης
686 1500 697 1519 ’
750 1474 833 1516 ἑνὸς
869 1476 1006 1524 ἕκῗονα
1043 1471 1169 1510 πάντα
1194 1483 1196 1488 ’
1224 1493 1384 1539 aliosque
1401 1495 1533 1528 multos
1549 1495 1655 1528 fuisse
1673 1501 1823 1528 constat.

583 1526 757 1562 τέτυκται
775 1527 818 1574 ⁷).

164 1586 249 1619 Fuit
276 1586 371 1619 enim
399 1586 625 1621 consentiens
659 1594 821 1621 veterum
850 1587 1054 1632 sapientum
1086 1599 1168 1627 vox,

166 1649 280 1671 unum
299 1650 373 1671 esse
393 1637 554 1671 infinitae
570 1639 754 1682 potentiae
773 1639 891 1672 Deum
910 1639 1166 1671 fabricatorem

166 1689 276 1722 totius
314 1687 502 1722 machinae
532 1690 659 1723 mundi
678 1716 687 1729 ‚
726 1691 948 1734 sapientem,
990 1702 1168 1729 veracem,

164 1741 323 1781 bonum,
354 1741 507 1780 iustum,
542 1741 740 1775 beneficum
758 1742 810 1787 8),
839 1748 996 1782 castum,
1029 1741 1091 1787 qui
1119 1741 1167 1774 sic

166 1792 348 1825 ordinavit
373 1792 500 1825 muudi
523 1804 696 1837 corpora,
731 1799 771 1827 ut
800 1791 1008 1826 hominibus
1033 1792 1166 1825 victum

165 1844 364 1888 gignerent,
392 1850 426 1877 et
442 1844 509 1876 alia
529 1844 624 1878 vitae
642 1845 820 1889 praesidia
833 1872 842 1885 ,
869 1851 903 1878 et
920 1844 1050 1877 indidit
1069 1856 1167 1877 men-

164 1896 260 1929 tibus
285 1895 415 1929 multas
439 1895 587 1929 notitias
609 1903 643 1929 et
668 1896 861 1930 discrimen
879 1894 1115 1930 honestarum
1135 1902 1168 1928 et

165 1947 326 1991 turpium
345 1947 525 1981 actionum
538 1974 546 1987 ,
571 1953 605 1980 et
622 1945 856 1982 horribilibus
875 1948 1045 1993 exemplis
1064 1948 1167 1992 punit

167 1998 303 2031 atrocia
341 1999 472 2032 scelera
506 1999 613 2032 etiam
650 1999 687 2032 in
719 1998 785 2033 hac
818 2000 965 2033 mortali
988 2000 1086 2040 vita,
1128 2005 1167 2033 ut

166 2061 402 2094 agnoscamus
430 2056 463 2083 et
485 2063 557 2084 esse
576 2050 715 2092 Deum,
752 2058 786 2085 et
810 2052 960 2092 iustum,
989 2063 1168 2089 veracem,

166 2107 201 2134 et
229 2107 365 2135 castum
395 2114 480 2135 esse.
548 2102 595 2135 At
623 2115 709 2136 vero
745 2105 843 2149 quod
878 2105 1009 2137 docent
1039 2109 1167 2147 poetae

166 2150 286 2193 chaos,
304 2154 399 2186 unde
415 2154 569 2187 mundus
584 2155 799 2189 fabrefactus
818 2162 881 2196 est,
910 2155 1065 2189 extitisse
1074 2154 1106 2201 ⁹)
1124 2155 1167 2187 ab

166 2210 334 2238 aeterno:
361 2205 398 2237 in
423 2202 491 2238 hoc
516 2205 665 2240 minime
698 2208 920 2241 conveniunt
947 2220 1027 2240 cum
1059 2206 1167 2241 sacris

200 2345 231 2373 5)
252 2346 389 2371 Ver-suum
410 2353 555 2377 numeros,
583 2349 678 2378 quihus
697 2351 781 2376 Editt.
808 2350 889 2374 huius
910 2353 1052 2376 comment.
1075 2352 1166 2383 (certe

236 2381 425 2411 antiquiores,
445 2389 513 2412 tuias
534 2383 559 2405 in
581 2385 704 2407 manibus
725 2385 824 2416 habeo)
844 2387 958 2411 carent,
980 2393 1012 2410 ex
1031 2387 1080 2411 Ed.
1098 2387 1165 2410 Mit-

237 2416 381 2440 senei-ticli.
418 2416 462 2447 (Ρ.
484 2417 575 2442 Ovidii
602 2419 721 2441 Nasonis
747 2426 832 2448 opera
855 2421 945 2444 onmia
965 2428 980 2444 e
1002 2421 1165 2445 recensione

237 2450 265 2474 P.
285 2452 431 2474 Burmanni
455 2453 564 2475 curavit
584 2466 618 2469 »-
643 2453 707 2477 Chr.
728 2455 799 2477 Guil.
820 2455 1017 2480 Mitseinerlich.
1051 2457 1162 2481 2'1'01111.

238 2485 387 2515 Gottingae
409 2486 483 2510 1796.
506 2487 580 2511 1793.
617 2487 657 2515 8.)
678 2489 822 2518 adscripsi,

202 2527 231 2553 6)
251 2528 348 2551 terras
362 2541 396 2545 ——-
410 2530 500 2560 reqitl
519 2529 560 2554 sie
571 2530 654 2554 Editt.
672 2531 757 2561 1555,
774 2531 869 2559 1559.;
890 2532 969 2556 Ovid.
989 2533 1038 2557 Ed.
1054 2534 1162 2559 Mitscli.

236 2562 324 2585 tenus
340 2575 373 2579 —
387 2565 466 2594 teuit.

202 2604 232 2631 7)
253 2605 382 2634 orphica.
417 2608 532 2631 Recens.
551 2609 700 2632 Hermann.
717 2605 951 2641 ’Λιιοσπιισμιιιια
971 2610 991 2639 1,
1010 2612 1036 2635 8,

203 2648 234 2673 8)
256 2648 417 2677 beneficum]
438 2650 477 2673 sic
497 2651 581 2676 Editt.
599 2652 691 2681 1555.;
715 2652 761 2675 Ed.
777 2653 851 2676 ¹559.
871 2654 956 2676 nnale:
978 2655 1145 2681 heneficium.

204 2688 234 2714 29)
254 2691 395 2720 extitisse]
418 2693 457 2716 sic
477 2695 593 2724 scripsi:
613 2695 695 2720 Editt.
715 2696 786 2720 1555.
802 2712 807 2718 .
830 2696 905 2720 1559.
928 2697 1041 2722 excisso.

1213 234 1286 256 esse
1301 228 1457 256 creatam
1476 235 1541 267 per
1557 224 1707 257 verbum
1726 236 1767 257 ex
1783 221 1911 256 nihilo.
1950 221 2071 266 Quare
2090 233 2218 255 eorum

1214 274 1398 315 doctrina,
1428 275 1493 308 etsi
1516 287 1591 308 non
1614 287 1678 320 per
1702 275 1824 309 omnia
1850 273 1959 308 sacris
1980 272 2107 307 litteris
2133 284 2219 307 con-

1214 332 1384 360 sentanea
1412 332 1485 366 est,
1527 332 1650 360 tamen
1676 327 1812 360 accedit
1841 324 1991 370 propius
2018 325 2062 357 ad
2085 324 2217 357 verita-

1215 383 1307 418 tem,
1344 390 1451 423 quam
1486 378 1610 422 opinio
1636 378 1839 412 Aristotelis
1868 383 1902 410 et
1936 376 2112 415 aliorum,
2154 375 2217 420 qui

1215 436 1348 473 negant
1380 429 1556 463 mundum
1593 427 1757 463 habuisse
1787 429 1944 463 initium.
2005 427 2217 460 Statuerunt

1217 486 1335 513 autern
1355 487 1482 525 poetae
1501 482 1572 514 duo
1591 481 1767 526 principia
1781 508 1790 521 ‚
1813 480 1930 514 Deum
1948 486 1982 512 et
2000 477 2138 519 Chaos,
2165 489 2219 512 se-

1217 531 1288 565 cuti
1322 531 1528 565 Hermetem
1568 532 1844 577 Trismegistum
1883 531 2101 576 Aegyptium
2121 557 2130 570 ,
2175 541 2218 563 ex

1217 583 1317 617 cuius
1336 583 1499 617 doctriua
1518 584 1629 617 Stoici
1646 585 1825 617 finxerunt
1840 585 1911 616 duo
1932 589 2097 622 aeterna,
2131 581 2217 615 alte-

1217 647 1320 673 rum,
1356 635 1472 669 Deum
1507 648 1569 669 seu
1599 635 1780 673 Mentem;
1831 635 2004 674 alterum,
2039 633 2219 668 Naturam

1217 699 1279 721 seu
1302 686 1508 721 Materiam.
1577 687 1634 721 Sic
1666 687 1761 721 enim
1783 686 1933 720 Hermes
1965 687 2085 718 docet:
2122 682 2218 730 ἀρχὴ

1217 740 1295 773 τῶν
1312 737 1435 774 ὄντων
1453 737 1472 774 ὁ
1489 736 1579 778 θεὸς
1601 737 1665 774 καὶ
1689 735 1796 783 νόος,
1830 735 1894 772 καὶ
1916 733 2029 784 φύσις
2051 733 2115 771 καὶ
2136 734 2218 780 ὕλη.

1219 790 1359 834 Quibus
1403 790 1510 824 etiam
1557 791 1674 825 verbis
1719 789 1788 824 hoc
1829 794 2111 823 consentaneum
2155 793 2220 827 est,

1220 842 1317 887 quod
1346 841 1498 876 Ovidius
1525 842 1561 875 in
1596 840 1662 875 hac
1689 841 1953 884 sabulaDeum
1987 846 2021 873 et
2050 844 2220 873 naturam

1220 892 1439 926 coniunctim
1466 894 1651 934 nominat,
1687 894 1831 939 utrique
1865 899 2038 938 tanquam
2071 896 2221 924 aeterno

1220 945 1426 978 adscribens
1444 957 1563 978 rerum
1586 946 1807 990 primordia,
1836 957 1916 977 cum
1937 944 1987 976 ait
2006 942 2194 989 (Vs-210:

1269 1006 1371 1039 Hanc
1392 1007 1487 1039 Deus
1508 1010 1540 1038 et
1564 1006 1681 1040 melior
1707 1007 1799 1040 litem
1817 1008 1955 1039 Natura
1970 1005 2121 1038 diremit.

1220 1062 1273 1097 De
1292 1070 1410 1097 mente
1429 1076 1573 1110 quoque
1592 1065 1686 1097 idem
1705 1065 1836 1098 sentire
1861 1062 1949 1097 mihi
1967 1065 2121 1104 videtur,
2140 1062 2221 1096 licet

1220 1128 1295 1148 non
1316 1122 1457 1160 aperte3
1486 1128 1570 1148 nam
1589 1128 1668 1149 cum
1689 1116 1807 1162 inquit
1836 1115 1912 1160 (Vs.
1932 1116 1982 1151 32
2001 1116 2089 1163 sq.)·.

1272 1177 1334 1209 Se'e
1352 1178 1407 1210 ubi
1427 1178 1626 1220 dispositam
1644 1178 1798 1223 quisquis
1810 1176 1879 1220 fuit
1896 1177 1953 1210 ille
1967 1178 2140 1216 Deorum,

1272 1229 1469 1271 Gonqeriem
1485 1231 1608 1269 secuit,
1637 1235 1825 1275 sectamque
1843 1231 1880 1262 in
1896 1229 2045 1262 membra
2060 1228 2206 1270 redwit,

1221 1287 1362 1320 dubitat
1387 1286 1571 1334 (opinor),
1600 1302 1686 1322 num
1713 1290 1843 1322 debeat
1871 1289 2091 1322 creationem
2123 1286 2225 1320 attri-

1221 1339 1330 1372 buere
1349 1339 1483 1380 Menti,
1519 1341 1828 1385 quemadmodum
1852 1341 1969 1373 Plato.
2026 1338 2057 1373 Is
2074 1339 2170 1372 enim
2186 1337 2225 1369 in

1222 1387 1417 1424 Phaedone
1434 1390 1478 1438 ¹⁰)
1501 1392 1644 1431 scribit,
1681 1392 1839 1425 Mentem
1867 1403 1940 1425 esse
1964 1388 2227 1424 architectatri-

1224 1454 1299 1474 cem
1329 1444 1476 1475 muudi:
1530 1444 1565 1475 in
1597 1456 1666 1488 qua
1699 1443 1875 1476 sententia
1913 1449 1947 1476 et
1969 1444 2225 1487 Anaxagoram

1223 1577 1544 1620 Prometheus,
1567 1579 1716 1624 Iapeti
1736 1580 1969 1620 filius,cur
1992 1579 2225 1614 hominum

1627 1632 1813 1676 plastes.

1273 1707 1334 1743 Vs.
1355 1709 1414 1744 82.
1465 1710 1572 1749 Quam
1602 1714 1698 1743 satus
1721 1710 1834 1753 Iapeto
1860 1710 2008 1743 mixtam
2029 1708 2227 1752 fluvialibus

1642 1762 1755 1794 undis.

1325 1827 1466 1872 Iapetus
1492 1827 1558 1862 suit
1585 1827 1730 1873 Iaphet,
1758 1829 1859 1863 Noae
1877 1829 1969 1863 filius
1985 1830 2103 1863 maior
2120 1836 2226 1868 natu;

1222 1878 1318 1913 hunc
1344 1886 1385 1914 ut
1408 1880 1527 1913 virum
1553 1886 1737 1920 sanctum,
1772 1881 1968 1927 antiquitas
1991 1893 2066 1914 non
2090 1887 2227 1915 morta-

1223 1932 1331 1971 lium,
1374 1933 1435 1966 sed
1465 1931 1672 1966 coelestium
1708 1944 1861 1966 numero
1889 1930 2036 1973 habuit,
2079 1932 2227 1979 eiusque

1223 1984 1355 2018 liberos
1367 2010 1376 2023 ‚
1401 1996 1491 2030 quos
1509 1990 1637 2029 poetae
1655 1983 1806 2017 Titanas
1823 1990 1973 2025 vocant,
2002 1984 2229 2031 antiquiores

1224 2047 1352 2080 genere
1369 2033 1530 2069 humano
1549 2035 1753 2069 celebravit.
1795 2035 1848 2069 Ex
1867 2036 1947 2070 filiis
1964 2042 2084 2070 autem
2102 2036 2228 2082 ipsius,

1224 2100 1379 2133 quorum
1398 2094 1533 2132 septem
1553 2094 1813 2128 numerantur,
1842 2100 1952 2128 unus,
1981 2088 2143 2134 quisquis
2167 2088 2228 2121 ille

1222 2139 1309 2179 fuit,
1335 2139 1450 2172 dictus
1478 2145 1529 2172 est
1556 2150 1574 2170 a
1598 2138 1744 2173 Graecis
1768 2137 2027 2181 Prometheus,
2063 2137 2138 2175 ἀπὸ
2163 2141 2228 2186 τῆς

1222 2188 1479 2236 προμηθείας,
1510 2187 1579 2223 hoc
1604 2197 1675 2230 est,
1713 2203 1731 2223 a
1755 2191 2006 2235 providentia;
2040 2191 2108 2225 fuit
2131 2191 2228 2224 enim

1223 2249 1367 2286 praeter
1383 2247 1543 2275 caeteros
1562 2243 1740 2285 prudens,
1770 2255 1810 2276 ac
1834 2243 2031 2288 providus,
2058 2249 2099 2278 ut
2122 2249 2229 2278 testa-

1223 2300 1281 2327 tur
1295 2292 1444 2326 Hesiodi
1460 2292 1489 2311 ¹⁰
1500 2294 1527 2340 ⁸)
1556 2306 1696 2328 versus:

1265 2341 1508 2391 Ἰαπετιονίδη
1526 2341 1682 2381 πάντων
1706 2345 1787 2393 πέρι
1801 2342 1923 2393 μήδεα
1939 2341 2058 2385 εἰδώς.

1219 2405 1339 2450 Atque
1363 2404 1391 2438 is
1415 2404 1655 2440 Prometheus
1692 2407 1895 2441 celebratur
1928 2404 2120 2440 hominum
2148 2405 2226 2451 pla-

1220 2462 1308 2495 stes,
1332 2456 1388 2488 vel
1409 2457 1492 2502 quia
1513 2456 1674 2492 bominis
1692 2459 1839 2503 propria
1860 2464 1911 2492 est
1929 2456 2140 2502 prudentia,
2168 2457 2225 2490 vel

1219 2508 1316 2553 quod
1333 2507 1522 2543 collatione
1539 2517 1762 2544 caeterorum
1788 2509 1999 2543 animalium
2023 2507 2134 2543 homo
2154 2508 2229 2544 sin-

1220 2559 1335 2603 gulari
1355 2561 1505 2594 consilio
1526 2569 1560 2595 et
1577 2563 1807 2607 providentia
1826 2561 1893 2595 Dei
1912 2567 2052 2596 creatus
2071 2567 2144 2602 est,
2168 2561 2225 2595 vel

1255 2653 1304 2681 10)
1322 2653 1448 2678 Platonis
1470 2654 1537 2684 Opp.
1557 2655 1607 2678 Ed.
1629 2655 1662 2680 H.
1685 2654 1778 2684 Steph.
1800 2654 1861 2677 '1¹.l.
1882 2661 1907 2684 p.
1923 2653 1968 2686 97,
1989 2659 2016 2681 c.

1256 2696 1288 2720 10
1298 2698 1323 2724 ⁹)
1343 2697 1455 2721 Hesiodi
1476 2698 1578 2729 Theog.
1597 2698 1656 2722 559,
1677 2698 1726 2723 Ed.
1746 2697 1896 2729 Goettliug.
