2341 2973
705 81 827 115 PI-llL.
864 80 977 115 MEL.

134 89 204 126 231

135 175 219 215 filii,

142 228 190 261 lio
221 224 302 273 (Ep.
320 222 372 268 3.)
390 222 435 254 ad
453 221 581 266 Argos.
632 220 729 254 Haec
747 220 838 254 dixit
857 217 1112 264 Amphiaraus.

244 276 290 310 Et
315 285 379 318 ego
404 274 563 318 gaudens
587 272 846 306 Alcmaeonem
874 270 1016 304 coronis
1043 281 1147 309 orno,

140 336 172 363 et
204 337 401 371 consperge
429 325 606 363 carmine,
634 325 717 371 quia
745 321 835 356 mihi
857 322 994 356 sicinus
1014 327 1085 361 est,
1113 327 1173 355 et

141 385 258 414 custos
273 389 437 411 mearum
454 377 686 416 facultatum,
713 382 747 408 et
763 374 919 408 occurrit
938 371 1029 407 mihi
1047 371 1146 406 eunti

144 432 189 465 ad
214 429 424 464 umbilicum
455 436 594 466 terrae,
630 403 795 460 videlicet
822 427 867 458 id
896 423 1079 470 Delphos,
1114 429 1175 457 et

142 482 260 526 attigit
276 486 446 525 cognatas
463 486 583 524 partes
601 491 621 510 v
625 478 773 512 aticinii.

249 533 341 577 (Str.
366 530 418 575 4.)
457 532 514 564 Tu
552 542 637 563 xero
672 529 824 574 Apollo,

863 541 925 574 qul
956 538 1147 561 commune

144 585 319 629 templum
344 581 438 626 regis
473 582 510 615 in
545 582 634 615 valle
659 579 856 626 Pythonis,
900 579 962 613 ubi
992 578 1149 612 tribuisti
1173 563 1176 603 l

144 636 342 670 maximum
380 633 551 677 gaudium
577 632 818 672 Aristomeni,

146 694 252 721 antea
277 685 466 719 victoriam
502 683 679 729 pentathli
704 684 743 717 in
768 683 922 728 Aegina:

149 800 289 835 cunque
316 788 353 821 in
374 785 567 822 harmonia
592 794 728 833 repeto.
780 786 886 820 Dulci
915 784 1067 818 carmini
1090 785 1150 817 ad-

148 848 217 876 stat
251 839 397 873 veritas.
469 839 567 885 Opto
592 846 711 873 autem
739 845 876 872 vestrae
902 837 1086 875 fortunae,
1130 847 1150 867 o

152 894 349 931 Xenarces,
377 891 540 924 divinum
560 891 744 925 auxilium.
800 889 889 923 Cum
908 889 1002 921 enim
1022 886 1151 932 aliquis

152 945 227 979 sine
252 954 384 986 magno
412 942 534 976 labore
550 945 754 976 fortunatus
772 948 841 979 est,
870 940 897 973 is
919 938 1152 985 imperitiori-

151 998 218 1030 bus
240 995 382 1027 videtur
410 995 572 1039 sapiens,
616 993 696 1038 (Ep.
712 992 764 1039 4.)
789 999 823 1026 et
849 1004 913 1026 suo
931 990 1080 1025 consilio
1100 989 1152 1021 vi-

154 1055 229 1081 tam
254 1046 421 1080 exaltare.
484 1045 521 1078 ld
546 1057 631 1078 vero
656 1057 730 1078 non
759 1051 809 1078 est
840 1055 948 1088 penes
976 1041 1153 1080 homines,

155 1100 216 1133 sed
240 1097 338 1131 Dens
363 1097 526 1140 praebet:
572 1097 658 1131 alias
689 1096 798 1129 alium
826 1095 1005 1133 exaltans,

154 1162 239 1184 vero
260 1148 440 1183 deiiciens.

259 1199 297 1233 ln
323 1200 479 1245 Megaris
510 1198 617 1233 habes
649 1198 847 1237 honorem,
894 1204 927 1230 et
956 1198 991 1229 in
1022 1196 1153 1239 angulo

154 1250 402 1291 Marathonis,
442 1258 476 1283 et
500 1252 537 1283 in
560 1251 679 1295 patrio
705 1250 900 1283 certamine
925 1248 1072 1282 Iunonis
1103 1254 1155 1280 ter

158 1303 290 1341 vicisti3
329 1303 420 1348 (Sir.
439 1301 492 1347 5.)
518 1302 673 1336 incidisti
696 1308 730 1334 et
754 1307 909 1346 quatuor
932 1299 1157 1344 corporibus,

160 1367 251 1401 qnae
278 1354 414 1394 xicisti,
450 1354 578 1399 quibus
603 1365 720 1399 neque
748 1352 884 1386 reditus
907 1352 1082 1385 iucundus
1107 1356 1157 1384 est

1042 1093 1151 1125 alium

159 1419 222 1465 per
238 1404 408 1439 thhium
425 1403 621 1445 hordeum,
649 1416 765 1451 neque
781 1403 872 1438 tisus
890 1404 986 1448 apud
1005 1409 1155 1435 matrem
1183 1412 1186 1436 ὲ

158 1459 195 1491 in
223 1456 341 1490 reditu
367 1457 518 1501 gratiam
546 1457 675 1490 attulit.
736 1454 777 1488 In
798 1454 925 1500 plateis
948 1461 1066 1488 autem
1093 1451 1157 1486 ho-

159 1510 266 1544 stium
291 1508 501 1553 fugitantes,
547 1515 627 1542 sunt
659 1506 1053 1552 t1epi‹1i,cal;;1mitne
1079 1517 1157 1540 sau-

159 1561 253 1594 viati.

264 1611 363 1651 (Ant.
379 1610 432 1657 5.)
462 1612 533 1656 Qui
553 1618 678 1644 nactus
698 1617 749 1644 est
771 1621 893 1643 recens
911 1610 1068 1647 bonum,
1096 1620 1159 1640 vo-

163 1663 243 1696 litat
261 1675 321 1706 spe
339 1674 487 1706 magna,
516 1663 609 1695 alata
632 1661 797 1706 superbia
811 1687 820 1700 ,
846 1658 980 1693 habens
1005 1659 1158 1703 gloriam

161 1714 341 1759 potiorem
362 1713 508 1748 divitiis.
561 1713 699 1757 Exiguo
724 1719 841 1746 autem
866 1718 1028 1756 tempore
1053 1712 1160 1744 durat

162 1765 322 1803 felicitas,
339 1772 369 1797 et
388 1777 510 1799 rursus
525 1765 657 1798 decidit
672 1765 709 1797 in
723 1771 856 1797 terram
875 1769 1038 1809 quassata
1052 1762 1159 1796 stulta

162 1824 294 1850 mente.
331 1817 410 1859 (Ep.
421 1815 474 1863 5.)
490 1816 654 1850 Vivimus
669 1828 742 1849 uno
758 1815 826 1855 die,
845 1815 929 1860 qnid
945 1820 993 1848 est
1005 1812 1160 1859 aliquis?

164 1868 250 1913 quid
271 1875 319 1902 est
341 1868 482 1902 nullus?
518 1868 648 1902 Sumus
672 1868 821 1901 umbrae
845 1866 1024 1900 somnium
1044 1863 1160 1898 homi-
1186 1884 1188 1892 ι

166 1931 238 1953 nes.
265 1919 330 1952 Sed
351 1921 496 1964 quando
508 1919 680 1954 divinitus
697 1919 842 1963 affulget
857 1919 928 1958 lux,
947 1925 1030 1950 tunc
1045 1917 1161 1961 splen-

167 1972 224 2003 det
240 1968 428 2003 hominnm
453 1971 525 2004 vita
538 1998 547 2010 ,
565 1978 599 2004 et
616 1977 715 2015 grata
735 1977 796 2005 est.
835 1969 867 2002 O
879 1970 1012 2013 Aegina
1034 1975 1161 2007 mater,

167 2034 245 2055 cum
263 2022 376 2054 libero
395 2023 549 2056 exercitu
565 2034 682 2057 serves
698 2021 790 2055 hanc
806 2022 944 2061 urbem,
971 2033 1050 2055 cum
1066 2018 1162 2058 Iove,

171 2075 307 2109 Aeaco,
337 2073 461 2111 Puteo,
489 2074 687 2107 Telamone
714 2081 747 2107 et
768 2072 918 2107 Achille.

565 2176 655 2216 Ode
688 2177 765 2217 ΙΧ.

239 2252 512 2285 Telesia-ruti
530 2250 574 2295 ¹⁷)
605 2254 775 2294 Cyrenaeo
800 2257 932 2285 armam
956 2252 1099 2285 cursori.

273 2327 363 2370 (Str.
388 2329 437 2372 1.)
475 2328 566 2361 Volo
590 2327 803 2373 Pythiorum
832 2328 1004 2361 victorem
1030 2327 1164 2361 Telesi-

169 2384 303 2411 cratem
321 2391 399 2412 cum
421 2380 555 2414 Gratiis
579 2379 748 2414 nuntians
771 2392 921 2420 sonare,
948 2380 1085 2413 felicem
1113 2378 1164 2411 vi-

168 2441 270 2469 rum,
300 2442 469 2463 coronam
497 2431 671 2476 Cyrenes,
707 2444 812 2476 quam
843 2444 1007 2466 comosus
1032 2430 1163 2476 Apollo

170 2492 210 2513 ex
233 2481 384 2515 flatuoso
417 2483 496 2516 sinu
524 2483 613 2516 Pelii
640 2483 776 2527 rapuit,
814 2489 847 2516 et
875 2483 955 2516 tulit
987 2483 1162 2527 virginem

171 2532 386 2565 venatricem
415 2534 450 2567 in
476 2547 584 2569 aureo
604 2546 730 2574 curru,
762 2534 821 2566 ubi
846 2534 925 2567 secit
953 2547 1029 2567 eam
1049 2534 1163 2567 ‹lomi-

209 2664 253 2695 17)
276 2665 441 2689 Telesia-r
450 2669 517 2698 ati,
540 2667 580 2692 sic
599 2669 648 2693 Ed
667 2669 739 2693 ¹5:25
778 2668 868 2699 (Pina.
889 2685 921 2689 .-
889 2667 1162 2701 -Τελεσικράτει);

240 2699 279 2721 Εὐ
306 2700 379 2724 1563
402 2701 598 2728 Thetesacrati

1012 78 1213 115 SCRIPTA
1249 77 1587 114 PHILOLOGICA.

257 172 402 206 reducet
426 169 644 204 incolumem
672 168 865 202 exercitum
896 167 1019 201 divino
1046 166 1144 200 auxi·
1169 196 1173 208 Α

861 631 923 677 qui
952 630 1082 665 dedisti
1115 636 1148 663 et
1174 634 1175 638 ’

958 689 992 715 te
1021 688 1148 726 sponte
1175 703 1177 725 3

146 740 295 777 invoco,
343 736 454 783 (Ant.
472 736 532 781 4.)
567 743 607 771 ut
637 736 824 781 respicias,
862 746 952 780 quae
985 734 1027 767 de
1061 745 1148 778 quo·
1176 740 1177 758 ἐ

1147 1091 1154 1095 ·
1180 1099 1181 1102 ¹
1207 1076 1312 1108 busto
1328 1075 1431 1107 leone
1453 1074 1566 1108 solam
1582 1074 1800 1114 luctantem,
1824 1073 1899 1107 sine
1916 1071 2030 1106 hasta.

2121 80 2196 115 232

1198 179 1282 200 narn
1302 165 1540 199 fertilissimae
1557 171 1675 198 terrae
1688 190 1697 204 ,
1718 170 1757 197 ut
1773 162 1951 197 habitaret
1969 163 2005 196 in
2022 170 2123 208 parte
2140 177 2196 198 or-

1168 210 1251 252 bis
1268 217 1371 251 tertia
1385 244 1394 257 ,
1422 215 1674 250 florentissima
1692 215 1819 260 Libya.

1306 276 1406 322 (Ani.
1425 275 1476 321 1.)
1516 275 1664 321 Excepit
1695 282 1814 309 autem
1839 274 1960 310 Venus
1992 275 2198 320 Apollinem

1172 328 1401 374 hospitem,
1437 328 1599 361 divinum
1636 339 1781 361 currum
1807 339 1918 360 manu
1944 327 2070 360 leviter
2093 327 2199 360 attin-

1172 388 1174 401 ¹
1200 393 1305 426 gens,
1334 387 1369 413 et
1384 380 1433 414 eis
1450 379 1573 412 iniecit
1590 380 1831 413 verecundum
1858 391 2019 412 amorem
2041 378 2199 412 dulcium

1200 407 1394 472 cubilium,
1440 431 1590 475 iungens
1612 430 1774 475 Apollini
1808 438 1959 476 nuptam
1994 430 2103 463 filiam
2128 429 2202 475 Hy-

1172 476 1175 515 i
1201 484 1294 529 psei,
1323 484 1385 529 qui
1411 489 1495 517 tunc
1525 487 1602 515 erat
1629 488 1756 526 potens
1779 494 1842 516 rex
1865 480 2124 527 Lapitharum,
2158 493 2200 514 ex

1174 543 1175 561 ¹
1202 535 1348 570 Oceano
1372 535 1547 569 secundus
1574 534 1707 568 ducens
1733 546 1861 578 genus,
1904 546 2010 579 quem
2044 533 2130 566 olim
2163 532 2200 565 in

1174 618 1176 621 .
1200 587 1308 621 Pindi
1337 600 1355 618 x
1362 587 1489 621 dlibus
1518 583 1678 631 nympha
1696 585 1850 624 Creusa,
1878 586 2015 618 Terrae
2043 585 2136 623 filia,
2165 583 2200 615 in

1202 639 1342 673 lectoP
1313 639 1424 672 lenei
1443 638 1593 683 peperit.

1305 698 1383 742 (Ep
1411 698 1460 741 1.)
1503 698 1569 731 Hic
1605 709 1691 730 vero
1726 697 1835 730 filiam
1868 695 1994 730 habuit
2024 696 2201 741 Cyrenen,

1176 775 1177 778 η
1204 762 1294 796 quae
1313 762 1376 783 nec
1395 750 1545 783 telarum
1564 750 1794 793 retrogradas
1811 748 1886 782 vias
1902 747 2058 788 amavit,
2084 758 2202 792 neque

1205 814 1398 835 coenarum
1431 801 1576 835 delicias
1605 801 1699 834 inter
1730 800 1943 834 domesticas
1971 798 2102 836 socias;
2143 798 2201 832 sed

1178 875 1179 893 l
1205 853 1329 887 iaculis
1356 853 1475 887 aeneis
1501 859 1535 886 et
1551 864 1633 885 ense
1654 865 1839 896 pugnans,
1868 851 2046 885 interfecit
2061 850 2204 889 bestias,

1204 917 1328 949 pacem
1346 905 1500 938 efficiens
1517 904 1676 948 paternis
1694 905 1822 943 bobus,
1850 903 2018 947 exignum
2035 913 2202 936 somnum

1204 956 1385 1000 palpebris
1401 955 1614 1000 impendens
1630 957 1675 989 ad
1696 962 1880 1000 repentem
1900 966 2082 988 auroram.

1312 1021 1404 1066 (Str.
1424 1023 1478 1069 2.)
1514 1022 1644 1067 Apollo
1669 1021 1907 1067 deprehendit
1936 1033 2016 1054 eam
2039 1032 2120 1054 cum
2148 1031 2204 1053 ro-

2075 1071 2205 1105 Statim

1208 1125 1317 1170 igitur
1335 1124 1530 1159 Chironem
1550 1132 1675 1172 evocat
1695 1138 1736 1159 ex
1754 1127 1880 1158 domo:
1909 1124 1943 1158 Ο
1968 1121 2125 1163 Chiron,
2152 1134 2207 1156 re-

1208 1178 1375 1223 linquens
1399 1184 1544 1210 antrum
1573 1184 1697 1217 tuum,
1738 1176 1926 1210 admireris
1957 1174 2207 1209 fortitudinem

1209 1229 1374 1273 virginis:
1411 1229 1515 1274 quale
1533 1235 1716 1262 certamen
1732 1229 1835 1273 virgo
1851 1227 2002 1262 sustinet
2026 1226 2207 1271 intrepido

1183 1303 1184 1316 1
1210 1281 1346 1326 capite,
1383 1278 1517 1314 habens
1541 1286 1664 1325 pectus
1688 1293 1796 1325 super
1826 1280 2010 1319 laborem,
2044 1290 2110 1312 nec
2134 1277 2208 1311 eius

1210 1344 1311 1365 mens
1328 1332 1477 1365 fluctuat
1495 1338 1606 1365 metu.
1656 1331 1746 1376 Quis
1763 1343 1841 1364 eam
1862 1329 2010 1375 genuit?
2036 1336 2072 1363 et
2091 1341 2110 1362 a
2137 1339 2208 1374 qua

1211 1384 1320 1428 stirpe
1345 1384 1520 1427 producta
1535 1410 1544 1423 ,
1573 1381 1673 1427 (Ant.
1691 1383 1745 1429 2.)
1772 1382 1871 1416 venit
1894 1382 1931 1414 in
1955 1379 2089 1415 horum
2105 1392 2209 1413 mon-

1213 1435 1300 1469 tium
1319 1447 1456 1479 specus,
1473 1441 1507 1468 et
1522 1440 1637 1467 tentat
1650 1434 1789 1467 infinita
1809 1432 2030 1467 certamina?
2055 1431 2209 1466 Piumne

1183 1503 1187 1533 ἦ
1212 1493 1263 1521 est
1280 1498 1357 1520 eam
1375 1492 1610 1523 contrectare,
1641 1493 1675 1518 et
1695 1498 1736 1519 ex
1751 1486 1842 1519 lecto
1861 1486 2052 1529 decerpere
2070 1483 2210 1517 dulcem

1211 1537 1359 1572 herbam
1373 1538 1388 1570 Ρ

1315 1604 1407 1638 Huic
1432 1604 1652 1648 respondens
1678 1603 1898 1643 Centaurus,
1933 1603 2063 1636 blande
2088 1602 2211 1636 ridens

1214 1656 1361 1690 amabili
1395 1654 1586 1700 supercilio
1621 1655 1727 1688 dixit:
1765 1654 1936 1688 Occultae
1971 1661 2055 1688 sunt
2095 1654 2211 1687 claves

1185 1685 1188 1739 l
1212 1707 1455 1753 persuasionis
1472 1718 1637 1740 amorum
1656 1707 1694 1739 in
1713 1705 1792 1741 Diis
1815 1712 1850 1740 et
1869 1704 2091 1740 hominibus.
2143 1704 2212 1737 Ve-

1184 1742 1188 1792 l
1214 1759 1386 1793 recundia
1431 1764 1599 1791 tenentur
1649 1758 1770 1803 palam
1824 1758 1999 1802 attingere
2042 1756 2211 1802 puellam.

1185 1820 1188 1881 ὗ
1214 1812 1294 1857 (Ep.
1312 1810 1365 1856 2.)
1395 1810 1447 1843 Te
1471 1822 1636 1856 quoque,
1669 1822 1774 1855 quem
1804 1822 1912 1843 nemo
1937 1809 2060 1842 fallere
2083 1814 2212 1853 potest,

1214 1874 1317 1896 amor
1333 1862 1447 1896 movit
1462 1859 1558 1895 hunc
1575 1873 1779 1895 sermonem
1797 1861 1934 1895 efferre.
1975 1859 2083 1893 Mene
2101 1859 2212 1892 inter-

1186 1930 1188 1950 :
1214 1926 1346 1959 rogas,
1389 1914 1485 1948 unde
1514 1925 1624 1957 genus
1649 1913 1693 1946 sit
1718 1913 1877 1958 puellae,
1920 1912 1983 1957 qui
2014 1911 2088 1956 ipse
2117 1911 2213 1945 nosti

1187 1960 1188 1963 ¹
1216 1978 1359 1999 omnem
1381 1966 1508 2005 finem,
1537 1971 1571 1997 et
1595 1976 1719 1999 omnes
1746 1964 1841 2005 vias,
1869 1970 1903 1997 et
1925 1970 2015 2009 quot
2031 1974 2142 1996 verna
2158 1963 2211 1996 fo-

1186 2022 1189 2062 ξ
1214 2019 1261 2051 lia
1288 2018 1464 2062 producat
1492 2023 1608 2055 terra,
1646 2022 1680 2049 et
1705 2022 1839 2061 quanta
1864 2027 1973 2048 arena
2001 2014 2037 2048 in
2061 2013 2153 2047 mari
2178 2021 2212 2048 et

1186 2079 1190 2122 ἶ
1214 2069 1424 2103 fluminibus
1440 2067 1606 2101 volvatur
1615 2067 1780 2101 fluctibus
1796 2074 1830 2100 et
1847 2073 2038 2101 ventorum
2057 2066 2212 2110 impetu:

1187 2146 1190 2160 ι
1217 2127 1251 2154 et
1267 2120 1379 2160 vides,
1406 2131 1497 2165 quae
1512 2119 1630 2152 futura
1651 2119 1734 2159 sint,
1763 2125 1797 2152 et
1813 2120 1908 2153 unde
1925 2118 1995 2152 sint
2013 2117 2213 2151 eventura?

1187 2161 1190 2188 ¹
2041 2168 2132 2215 (Str.
2158 2169 2212 2216 3.)

1188 2201 1190 2204 Α
1217 2172 1278 2206 Sin
1304 2178 1424 2205 autem
1457 2170 1538 2203 licet
1566 2182 1645 2203 cum
1680 2170 1839 2215 sapiente
1869 2169 1991 2216 loqui,

1401 2221 1492 2255 Huic
1507 2222 1568 2255 fies
1585 2222 1735 2256 maritus
1755 2222 1790 2255 in
1806 2221 1875 2256 hoc
1896 2228 2021 2267 prato,
2049 2227 2084 2254 et
2106 2222 2212 2255 duces

1217 2224 1346 2257 dicam.

1219 2287 1295 2309 eam
1323 2281 1423 2308 trans
1449 2284 1547 2306 mare
1574 2274 1610 2306 in
1636 2272 1781 2308 hortum
1799 2273 1909 2308 lovis:
1942 2273 1992 2307 ibi
2009 2285 2088 2306 eam
2106 2272 2213 2306 facies

1217 2326 1417 2371 principem
1444 2324 1619 2365 civitatis,
1646 2338 1865 2371 congregans
1888 2325 2082 2359 insularem
2098 2336 2213 2368 popu·

1217 2378 1292 2412 lum
1321 2378 1364 2410 ad
1395 2376 1572 2411 tumulum
1599 2385 1813 2423 equestrem.
1881 2376 1985 2411 Nunc
2006 2374 2120 2421 Libya
2150 2373 2213 2408 ha-

1217 2430 1305 2463 bens
1322 2428 1476 2473 spatiosa
1493 2435 1594 2472 prata
1607 2455 1616 2469 ,
1642 2430 1791 2475 recipiet
1807 2425 2015 2474 Nympham
2034 2427 2071 2460 in
2095 2426 2213 2460 aureis

1217 2481 1334 2514 tectis:
1366 2480 1427 2513 ubi
1449 2480 1480 2513 ei
1508 2486 1624 2513 terrae
1649 2488 1787 2526 partem
1811 2479 2029 2519 attribuens,
2055 2477 2212 2523 legitime

1218 2531 1389 2572 donabit,
1422 2529 1615 2565 habentem
1645 2539 1679 2566 et
1703 2533 1844 2577 plantas
1868 2531 2021 2570 fertiles,
2049 2536 2084 2563 et
2106 2530 2212 2563 seras.

1218 2583 1317 2628 (Ant.
1342 2583 1395 2630 3.)
1423 2583 1474 2617 lbi
1503 2590 1537 2617 et
1569 2584 1680 2618 filium
1705 2584 1820 2629 pariet
1844 2582 2070 2622 Aristaeum,
2104 2592 2211 2627 quem

1185 2656 1188 2673 ,
1215 2635 1416 2669 Mercurius
1450 2636 1614 2671 auferens
1646 2648 1664 2669 a
1698 2642 1831 2674 matre,
1866 2634 1965 2668 dabit
1987 2632 2213 2668 educandum

1185 2687 1324 2724 ‚Horis
1343 2694 1375 2721 et
1392 2687 1540 2721 Terrae.
