2341 2973
197 104 271 140 147

196 191 279 236 siet,
306 190 366 225 fan
393 199 471 224 man
495 188 644 234 Ieicbtlid)
668 188 740 225 ubeI
761 189 865 234 Ῐείρεη.
918 190 1032 223 Multo
1054 191 1192 224 facilius

196 250 246 275 est
263 242 407 274 turbare
424 252 529 285 quam
548 243 682 274 sedare.
735 241 913 274 Pindarus
932 242 966 274 in
983 240 1190 287 Pytl1iis⁶“):

193 292 311 326 Facile
331 297 381 324 est
399 291 509 324 cuivis
527 293 671 325 turbare
690 291 887 330 civitatem,
916 295 976 326 sed
998 294 1106 327 solius
1125 293 1191 326 Dei

778 103 902 139 PHIL.
939 104 1052 138 MEL.
1088 103 1290 138 SCRIPTA
1326 103 1665 140 PHILOLOGICA.

195 350 245 377 est
273 342 458 375 restituere
491 343 527 375 in
560 343 813 388 tranquillum:
853 342 921 388 τὴν
943 341 1050 379 πόλιν
1075 347 1192 379 σεῖσαι
1215 373 1219 382 .

195 391 326 440 ῥᾴδιον
356 391 528 438 τυχόντι,
572 393 663 428 ἀλλὰ
695 394 958 429 καθίστασθαι
986 395 1021 435 ἐς
1050 394 1192 440 ἥσυχον

192 445 299 480 θεοῦ.
343 444 393 480 (ἓέ
414 445 474 480 fan
499 445 584 481 einer
608 446 757 491 teissttid)
784 447 833 481 ein
857 447 992 491 ungui&
1015 447 1191 493 antidyten.

192 495 288 540 Ergo
316 495 425 529 simus
450 498 621 537 modesti,
649 498 914 542 circumspecti,
943 497 1191 543 συνεσταλμέ-

191 560 250 582 νοι
273 553 307 579 et
334 548 498 581 ardentes
522 548 562 580 in
586 548 810 592 precatione,
855 555 978 581 contra
1003 550 1192 583 seditiosos

192 596 369 631 homines.

293 649 353 682 Vs.
371 647 456 682 847.
486 648 664 682 Calcando
690 649 820 682 invade
845 652 1018 695 populum
1047 652 1192 686 seditio-

191 713 268 734 sum
287 698 476 732 habentem
503 700 620 734 varias
644 701 883 746 cupiditates]
918 703 1024 736 Multi
1051 704 1191 747 opinio-

190 764 252 784 nes
274 751 377 784 salsas
403 748 536 784 habent
564 758 598 784 et
627 764 705 796 spes
735 753 877 794 inanes,
919 753 1192 799 θερμαίνονται

189 801 383 848 κοινοῖςθό)
417 801 554 846 ἔλπισι,
596 810 636 836 ut
660 804 839 838 Pindarus
869 805 954 838 dicit
979 806 1015 838 in
1039 805 1190 850 Pythiis.

189 853 396 893 Factiones,
424 854 635 894 seditiones,
665 856 718 888 vel
744 855 890 889 consilia
916 857 1082 890 seditiosa
1108 864 1192 891 sunt

188 905 418 949 praeparatio
454 906 498 937 ad
536 905 678 939 ruinam
713 907 962 951 imperiorum.
1036 907 1189 953 Imperia

191 962 447 1000 exasperantur
466 963 614 1001 propter
639 965 760 992 nostra
787 966 941 1003 peccata.
993 960 1190 994 Crescenti-

189 1008 256 1041 bus
272 1007 425 1051 peccatis
437 1034 446 1047 ,
471 1010 594 1041 crescit
611 1010 781 1049 servitus,
809 1011 858 1043 ait
875 1012 1106 1055 Augustinus.

291 1057 519 1102 Hipparchus
543 1057 693 1094 Athenis
725 1061 855 1095 multas
886 1068 1020 1096 statuas
1050 1063 1189 1096 Mercu-

190 1109 295 1143 riales
318 1110 418 1149 fecit,
450 1111 485 1143 id
511 1117 581 1150 est,
615 1112 856 1158 Qegsdpeibens
892 1113 926 1146 id
949 1121 1019 1155 est,
1055 1115 1190 1148 indices

190 1161 350 1200 viarum,
377 1161 466 1195 sicut
484 1169 618 1196 veteres
637 1165 820 1198 dixerunt:
850 1164 968 1199 Distat
986 1173 1038 1199 tot
1063 1166 1190 1211 lapidi-

187 1213 274 1253 bus,
303 1213 337 1245 id
356 1219 426 1253 est,
454 1213 510 1249 ἕο
530 1214 593 1249 »iet
610 1214 829 1261 meitmeges.
883 1218 935 1253 2111
960 1218 1014 1253 bet
1038 1219 1130 1253 einen
1153 1217 1191 1261 ist

189 1263 380 1310 gestanben:
408 1266 525 1310 στεῖχε
542 1263 668 1301 δίκαια
688 1270 851 1313 φρονῶν.
914 1268 967 1304 ἳίη
991 1272 1045 1305 bet
1068 1272 1191 1305 unbem

187 1317 225 1362 ist
241 1316 430 1362 gestanbent
463 1315 514 1362 μὴ
538 1317 649 1364 φίλον
675 1316 850 1359 ἐξαπάτα.
919 1319 957 1352 Id
985 1328 1054 1361 est,
1099 1323 1189 1354 vade

191 1369 282 1402 iusta
317 1369 495 1411 cogitans,
535 1382 609 1402 non
640 1371 796 1415 decipias
828 1371 1004 1412 amicum,
1054 1373 1090 1404 id
1127 1379 1190 1413 est,

187 1420 288 1463 sseud)
307 1420 382 1464 bin,
410 1421 507 1456 [tebet
523 1421 674 1465 ῧτευηδ,
696 1425 761 1458 unt>
779 1423 882 1459 hencfe
898 1425 956 1459 ben
973 1425 1089 1460 stenten
1107 1423 1190 1469 nid9t

185 1472 315 1519 Ῐῴαῠεη
333 1482 370 1517 gu
392 1472 485 1517 tbun.
538 1474 723 1507 Recitatur
741 1475 777 1507 in
798 1476 962 1508 Platone.

289 1523 367 1557 Vss.
388 1524 463 1558 847
481 1538 532 1570 sq.
567 1525 649 1559 Feri
675 1527 819 1559 stimulo
847 1533 952 1559 acuto
981 1533 1015 1560 et
1039 1527 1189 1560 circum-

188 1588 302 1622 pone,
328 1575 435 1609 indue
452 1576 482 1609 ei
501 1577 634 1621 iugum.
688 1575 905 1625 Δύςλοφον]
936 1577 1041 1622 Quod
1067 1579 1189 1623 iugum

190 1636 241 1662 est
264 1627 398 1660 malum
425 1635 676 1662 ornamentum
712 1630 856 1673 capitis,
899 1642 1053 1663 onerans
1084 1636 1191 1674 caput

188 1680 245 1713 vel
270 1679 461 1718 cervicem,
498 1680 727 1724 circumpone
751 1681 885 1725 populo
912 1681 1056 1724 iugum,
1088 1694 1190 1725 regas

189 1732 226 1765 in
242 1731 341 1773 virga
361 1732 488 1764 ferrea.

294 1781 458 1816 Vs.849.
499 1782 581 1816 Non
614 1783 776 1816 invenias
807 1783 981 1827 populum
1007 1789 1187 1816 amantem

192 1832 393 1881 dominos.]
424 1833 483 1866 llla
507 1833 703 1879 hyperbole
733 1841 851 1868 tamen
877 1847 950 1867 non
976 1841 1028 1868 est
1049 1836 1190 1868 univer—

191 1887 285 1924 salis,
304 1885 337 1917 id
357 1892 419 1925 est,
436 1886 630 1929 plurimum
651 1893 702 1919 est
718 1887 848 1931 ubique
866 1886 1117 1920 seditiosorum
1138 1887 1189 1919 in-

193 1949 391 1981 geniorum.

292 1987 369 2022 Vss.
387 1987 458 2022 851
476 2002 552 2034 sqq.
578 1987 673 2028 Ζεύς
695 1987 806 2036 ἄνδρ’
832 1987 917 2035 etc.]
948 1989 1080 2023 Contra
1112 2002 1190 2034 per-

191 2040 325 2074 fidiam.

295 2091 371 2125 Vss.
392 2089 462 2125 851
483 2105 533 2136 sq.
568 2091 702 2137 iupiter
727 2093 852 2136 perdat
876 2092 1012 2132 virum,
1049 2093 1107 2137 qui
1134 2105 1190 2126 so-

193 2196 332 2232 Qssotten
356 2194 472 2240 teusdyt
495 2205 570 2229 man
594 2196 643 2231 bie
668 2196 773 2231 sseute.
842 2196 1067 2229 Blandiendo
1097 2195 1188 2228 ‹loci-

192 2247 340 2291 piuntur
360 2245 536 2285 homines,

194 2312 292 2333 nium
319 2305 389 2337 cst,
426 2299 540 2330 amico
567 2298 747 2332 iniuriam.
807 2298 916 2332 Orate
935 2306 967 2332 et
984 2299 1117 2337 videte,
1144 2312 1187 2331 ne

194 2362 344 2395 corpora
362 2356 475 2382 vestra
497 2356 689 2392 graventur
706 2352 869 2393 crapula,
898 2350 931 2383 id
957 2357 1006 2384 est
1021 2377 1030 2389 ,
1056 2363 1100 2383 ne
1129 2351 1188 2382 sia—

193 2403 235 2436 tis
254 2402 464 2440 insolentes,
493 2402 726 2445 negligentes,
754 2403 963 2445 petulantes.

296 2453 355 2487 Vs.
378 2451 462 2486 853.
505 2453 639 2486 Noram
673 2459 796 2491 antea,
836 2456 896 2486 sed
929 2454 1052 2487 melius
1076 2451 1214 2500 ῐηιῐις]ἰ

916 2505 1065 2538 Alcaeus
1082 2505 1186 2537 dixit:
1212 2529 1214 2542 .

196 2504 296 2536 llaud
317 2505 421 2537 dubie
440 2504 524 2537 dicit
550 2506 592 2537 (le
617 2504 710 2537 dicto
730 2503 862 2538 Alcaei.

195 2557 307 2602 φεῦγε
325 2563 388 2590 etc.

229 2620 285 2668 (itit
298 2619 511 2663 caiissl‘indar.
531 2639 674 2668 1²511·.1v,
694 2638 756 2661 272.
776 2638 816 2661 cd,
840 2639 955 2661 not-clm.

227 2682 275 2713 ⁶5)
298 2682 412 2709 κοινοῖςῙ
431 2682 471 2704 siu
490 2682 605 2710 scripsi:
633 2682 678 2704 Ed.
696 2682 768 2704 1560.
789 2682 899 2707 κτιίνονζ,
938 2682 1077 2706 Eiusmodi
1098 2683 1185 2706 locum

263 2717 289 2739 in
310 2716 415 2746 Pytnits
434 2722 486 2738 uon
507 2717 598 2739 inveni
619 2716 703 2743 [cons.
726 2717 798 2739 hem.
817 2716 835 2745 1,
855 2716 922 2743 32).

590 2247 753 2280 Plautus:
787 2247 907 2286 Facis,
944 2248 1039 2293 quod
1066 2247 1215 2280 sacilli-‹

1211 2578 1214 2601 t

2171 106 2243 142 148

1348 190 1407 224 Vs.
1424 189 1509 224 854.
1537 191 1640 225 Nulla
1661 192 1746 224 fides
1765 191 1801 223 in
1820 191 1954 224 levibus
1969 190 2050 238 est.]
2078 192 2114 225 Si
2137 193 2246 226 bene-

1244 241 1329 274 sacis
1354 242 1502 282 talibus,
1536 242 1629 286 perit
1653 243 1875 276 beneficium.
1938 243 2102 277 Plautus:
2132 244 2246 279 Bonis

1245 294 1340 337 quod
1360 294 1448 326 bene
1467 294 1522 333 fit,
1553 294 1586 326 id
1604 295 1746 327 demum
1769 301 1802 327 et
1827 301 1966 337 gratum
1993 301 2025 327 et
2048 307 2156 338 grave
2182 302 2245 330 est.

1245 344 1381 383 Grave,
1410 346 1443 376 id
1464 351 1534 383 est,
1563 343 1764 379 honestum.
1818 346 1992 385 Gratum,
2027 346 2062 379 id
2087 352 2159 387 est,
2194 347 2245 382 be:

1243 397 1367 431 manbt.
1415 394 1468 428 Illi
1487 395 1639 429 vicissim
1658 398 1816 430 referunt
1835 397 1999 441 gratiam.

1348 454 1424 488 Vss.
1441 453 1515 488 855
1531 468 1583 500 sq.
1611 455 1724 500 Saepe
1741 456 1864 490 civitas
1884 469 1946 500 per
1960 456 2244 500 gubernatorum

1244 505 1417 538 malitiam
1444 506 1537 539 velut
1564 507 1664 540 navis
1690 506 1857 540 inclinata
1881 514 2024 552 praeter
2055 507 2152 541 littus
2186 520 2245 541 cu-

1245 556 1387 605 currit]
1423 557 1579 602 Quando
1605 557 1701 591 Deus
1724 559 1799 591 vult
1819 559 1946 602 punire
1977 565 2144 604 peccata,
2183 560 2246 592 dat

1245 609 1502 652 gubernatores
1519 610 1738 643 temerarios.
1787 610 1941 655 Propter
1958 616 2099 655 peccata
2119 610 2245 654 populi

1245 660 1347 693 multi
1375 661 1573 704 principes,
1615 661 1648 693 id
1675 667 1744 701 est,
1781 662 1998 695 mutationes
2021 661 2155 694 multae
2182 673 2245 705 gu-

1244 712 1477 744 bernatorum
1492 739 1501 750 ,
1529 713 1749 756 respublicae
1768 719 1977 746 evertuntur
1995 719 2145 757 propter
2163 724 2244 757 pec-

1245 769 1321 795 cata
1341 763 1567 807 superiorum
1588 770 1621 796 et
1641 764 1864 798 inferiorum.

1346 823 1422 857 Vss.
1441 821 1515 857 857
1532 836 1608 869 sqq.
1641 826 1726 859 Τῶν
1750 821 1790 859 δὲ
1813 821 1935 871 φίλων
1960 821 2045 871 etc.]
2070 822 2246 857 Homines

1245 881 1415 919 expetunt
1449 875 1656 908 florentium
1685 876 1859 909 amicitias
1891 887 1953 909 sua
1985 886 2110 915 causa,
2159 873 2244 920 quia

1244 933 1423 972 quaerunt
1439 927 1640 971 praesidia,
1668 939 1741 961 non
1759 928 1879 960 colunt
1904 927 2078 960 amicitias
2102 924 2244 959 virtutis

1244 990 1360 1011 causa.

1346 1036 1423 1071 Vss.
1441 1035 1668 1072 857—860.
1703 1038 1741 1071 Si
1760 1038 1838 1083 quis
1857 1037 2054 1070 amicorum
2073 1036 2170 1069 videt
2186 1048 2243 1069 me

1244 1088 1379 1135 aliquid
1404 1089 1642 1133 periculosum
1667 1089 1721 1121 vel
1746 1096 1848 1122 atrox
1873 1086 2084 1128 habentem,
2112 1087 2244 1121 collum

1244 1146 1408 1173 avertens
1425 1153 1469 1172 ne
1490 1140 1633 1185 quidem
1652 1140 1729 1173 vult
1749 1140 1933 1184 inspicere.
1985 1139 2023 1173 Si
2044 1139 2180 1184 aliquid
2205 1139 2245 1172 fit

1244 1190 1331 1224 mihi
1355 1192 1462 1231 boni,
1506 1198 1545 1225 ut
1577 1197 1659 1225 sunt
1684 1191 1777 1224 vices
1799 1192 1985 1231 fortunae,
2021 1202 2111 1236 quae
2138 1202 2244 1234 saepe

1243 1244 1333 1276 fiunt
1349 1241 1509 1282 homini,
1537 1243 1667 1287 (Multa
1685 1243 1760 1276 (lies
1781 1243 1984 1287 multusque
1999 1242 2102 1274 labor
2127 1247 2245 1274 muta-

1244 1295 1324 1329 bilis
1343 1294 1476 1340 aeviss‘f)
1498 1296 1602 1341 etc.),
1629 1293 1745 1327 habeo
1764 1294 1891 1327 multas
1909 1293 2154 1327 salutationes.

1345 1355 1406 1389 Vs.
1424 1355 1510 1389 861.
1548 1354 1665 1387 Amici
1699 1355 1867 1388 (leserunt
1900 1351 1985 1401 me.]
2019 1352 2094 1387 Iam
2129 1358 2246 1386 mutat

1244 1420 1320 1440 eam
1338 1406 1572 1445 sententiam,
1604 1405 1775 1439 translata
1802 1405 1966 1438 oratione
1989 1405 2026 1438 in
2050 1416 2244 1449 personam

1244 1459 1404 1492 mulieris
1431 1457 1640 1490 meretricis.

1345 1518 1405 1552 Vs.
1427 1518 1513 1553 862.
1556 1516 1754 1550 Hominum
1786 1517 1964 1550 clarorum
1976 1517 2002 1562 ,]
2035 1516 2098 1562 qui
2127 1521 2245 1550 osten-

1244 1572 1334 1605 dunt
1352 1583 1388 1604 se
1407 1571 1482 1603 sore
1504 1566 1593 1601 mihi
1611 1569 1816 1602 benevolos.

1345 1630 1422 1664 Vss.
1440 1628 1669 1665 862-864.
1697 1628 1764 1661 Sed
1787 1641 1851 1672 ego
1874 1629 1970 1662 ultro
1995 1640 2080 1662 exeo
2097 1640 2244 1673 vespere

1245 1689 1278 1715 et
1304 1695 1409 1715 mane
1433 1683 1541 1714 redeo
1566 1693 1630 1723 ego
1656 1680 1828 1719 amatrix,
1872 1680 2019 1725 quando
2044 1686 2096 1714 est
2120 1686 2245 1714 cantus

1244 1734 1418 1777 gallorum
1447 1733 1710 1776 excitatorum]
1738 1732 1828 1765 Sunt
1850 1731 1918 1764 tria
1939 1737 2101 1776 tempora
2119 1738 2245 1765 cantus

1244 1786 1440 1829 gallorum:
1471 1784 1696 1818 Clarissimus
1712 1790 1763 1817 est
1780 1783 1976 1816 matutinus
1998 1789 2141 1824 cantus,
2176 1784 2244 1816 cir-

1244 1838 1330 1870 citer
1349 1837 1489 1870 tertiam
1510 1843 1571 1869 aut.
1592 1841 1770 1881 quartam.
1821 1834 2009 1877 Virgilius:

1380 1896 1584 1927 Excubitorque
1603 1895 1672 1919 diem
1691 1895 1773 1918 cautu
1792 1893 1967 1924 praedixerat
1985 1893 2046 1917 ales
2056 1891 2104 1922 ε7).

1346 1940 1423 1975 Vss.
1449 1939 1523 1974 865
1545 1953 1623 1986 sqq.
1672 1936 1848 1986 Πολλοῖς]
1895 1938 1974 1972 Alia
2010 1938 2154 1984 querela
2199 1937 2242 1971 de

1242 1993 1401 2026 fortuna.

1345 2051 1421 2084 Vss.
1441 2049 1571 2085 865—
1583 2049 1667 2083 868.
1696 2049 1819 2083 Multis
1837 2049 2021 2083 inutilibus
2038 2050 2242 2084 deditDeus

1214 2120 1216 2142 !
1243 2102 1385 2136 divitias
1402 2103 1525 2141 bonas,
1547 2115 1636 2146 quae
1657 2114 1771 2146 neque.
1792 2102 1887 2145 ipsae
1904 2101 2020 2135 bonae
2037 2108 2132 2141 sunt,
2160 2114 2240 2135 cum

193 2144 285 2176 cium
306 2143 458 2175 amicum
484 2144 642 2185 garriens
668 2145 741 2176 vult
765 2143 960 2191 decipere]
990 2143 1064 2181 §.mit
1089 2148 1189 2189 guter(
1214 2148 1216 2180 3
1243 2154 1313 2188 siut
1338 2154 1467 2188 nullius
1494 2166 1588 2186 usus,

1656 2153 1786 2195 Magna
1817 2160 1934 2186 autem
1967 2153 2079 2197 gloria
2099 2153 2241 2187 virtutis

1242 2218 1315 2239 non
1338 2205 1442 2250 perit.
1506 2204 1664 2237 Bellator
1700 2205 1754 2237 vir
1784 2212 1901 2239 servat
1931 2211 2063 2239 terram
2095 2212 2129 2239 et
2155 2205 2242 2239 civi-

1243 2263 1363 2290 tatem.

1344 2316 1420 2349 Vss.
1441 2315 1573 2349 869-
1585 2316 1670 2351 871.

1715 2316 1861 2349 Caelum
1889 2317 2001 2349 irruat
2032 2316 2067 2349 in
2094 2327 2170 2355 me,
2209 2316 2240 2349 si

1212 2379 1214 2387 ¹
1241 2379 1313 2399 non
1332 2368 1441 2400 seram
1461 2380 1562 2410 opem
1584 2366 1820 2415 hominihus]
1849 2368 2074 2401 Parsimonia
2102 2373 2137 2400 et
2151 2366 2239 2400 libe-

1241 2419 1364 2452 ralitas
1382 2419 1562 2462 pertinent
1587 2421 1628 2451 ad
1652 2420 1841 2464 septimum
1864 2425 2103 2463 praeceptum.
2157 2417 2237 2451 Ari-

1240 2467 1432 2514 stophanes
1467 2470 1500 2502 iu
1528 2470 1650 2504 Pluto:
1696 2471 1825 2503 Laetor
1858 2470 2080 2514 parsimonia
2114 2475 2154 2503 ut
2177 2470 2238 2503 be-

1275 2609 1322 2635 66)
1343 2609 1429 2631 Multa
1449 2620 1482 2624 —
1501 2608 1586 2636 aevi]
1613 2610 1677 2631 hact-
1697 2609 1759 2631 sunt
1780 2608 1863 2630 verba
1882 2606 1994 2634 Virgini
2013 2608 2078 2630 Aen.
2096 2606 2144 2635 Xl,
2163 2606 2234 2636 425„

1310 2644 1352 2665 nbi
1373 2645 1462 2665 autem
1483 2649 1533 2665 non
1549 2645 1726 2673 multusque,
1746 2642 1792 2665 sed
1808 2643 1966 2673 rariusque
1981 2649 2003 2666 s,
2018 2642 2058 2671 (in
2073 2641 2121 2665 1⁴:11.
2140 2641 2234 2671 Wag—

1309 2678 1381 2706 ner.)
1405 2679 1540 2708 rariiqne
1562 2679 1669 2705 tegitur.

1273 2719 1321 2747 67)
1343 2720 1418 2742 Hunc
1437 2726 1548 2743 versum
1570 2720 1594 2743 in
1614 2719 1723 2749 virgilii
1743 2719 1810 2748 01¹1»
1832 2725 1884 2741 nou
1905 2719 2006 2743 inveni.
