2341 2973
196 111 241 145 91

299 193 421 227 Potest
446 189 534 229 fieri,
567 183 676 233 ut.¹⁰⁰)
699 191 850 231 utraque
886 195 990 218 causa
1012 182 1057 217 sit
1087 182 1195 222 mala,

197 251 386 291 propterea
413 247 446 274 et
467 252 542 273 non
567 238 727 282 implices
757 235 929 276 dissidiis,
971 235 1061 268 bene
1096 234 1196 278 prius

199 306 388 340 cognoscas
406 304 540 331 causas,
568 290 628 323 alii
648 286 839 322 trahuntur
858 288 894 320 in
914 285 1006 319 hanc
1023 285 1079 318 vel
1096 285 1195 318 illam

197 354 334 392 partem
357 342 602 377 occasionibus
619 340 889 386 quibuscunque
915 338 970 370 vel
994 348 1116 370 errore
1142 335 1197 368 vel

198 396 366 441 exemplis
385 395 550 432 illorum,
579 404 668 438 quos
691 390 967 434 magnifaciunt,
995 394 1119 433 postea
1144 386 1198 419 in-

198 449 305 493 gressi
323 448 360 480 in
379 458 521 479 causam
541 456 615 476 non
638 448 787 486 possunt
811 453 846 474 se
872 452 994 474 rursus
1021 439 1198 477 evolvere,

198 504 396 545 sequuntur
413 507 543 539 magna
563 493 803 526 inconnnoda.

350 554 497 584 Principiis
517 554 612 583 obsta3
643 557 707 575 sero
726 549 861 574 medicina
879 549 993 579 paratur
1012 547 1105 579 etc.¹).

200 653 265 698 Did)
285 650 380 696 nicht.
418 648 637 691 Cognoscas,
667 645 753 690 quid
773 651 925 689 utraque
943 650 1044 688 parte
1061 648 1198 687 agatur.

302 710 378 744 Vss.
394 709 466 744 221
488 720 541 751 sq.
571 705 741 750 Quisquis
760 710 862 748 putat
880 704 1082 747 proximum
1108 700 1200 736 nihil

199 764 306 802 scire,
333 761 393 795 sed
417 764 519 803 putat
541 769 613 791 sese
641 756 755 789 solum
785 753 916 787 habere
940 756 1089 798 figurata
1117 765 1200 787 con-

200 864 448 905 nutoeeinanbet
473 860 680 905 practiciten.
734 857 831 890 Dicit
858 858 901 890 de
927 856 1112 901 practicis,
1146 856 1199 888 in-

203 916 301 951 sidiis
318 921 352 947 et
372 911 681 946 occultatimiibus.

301 973 381 1007 Vss.
400 967 629 1007 223—225.
658 967 723 1001 Iste
742 974 793 1001 est
809 967 948 1005 stultus,
976 967 1102 1004 laesus,
1128 965 1201 1009 pri-

201 1032 303 1060 vatus
320 1025 415 1058 bona
434 1030 549 1055 mente
562 1047 570 1059 ,
599 1019 732 1052 liabens
750 1019 882 1051 laesam
900 1024 1070 1050 mentem.

202 1078 302 1111 tassis
329 1086 452 1109 omnes
477 1072 604 1106 scirnns
632 1069 828 1114 aequaliter
861 1068 977 1100 sarias
1011 1066 1200 1110 practica53

203 1130 263 1162 sed
281 1126 410 1170 aliquis
426 1134 499 1156 non
516 1122 589 1155 vult
606 1121 707 1165 sequi
723 1120 816 1152 inala
833 1117 951 1165 lucra]
981 1128 1013 1152 et:
1037 1118 1095 1152 mil
1118 1115 1201 1161 111th

202 1181 263 1214 mit
282 1177 375 1220 bbfen
393 1175 498 1210 tl'itfcn
514 1172 703 1217 umbgeben.
764 1170 904 1214 Aliquis
927 1169 1078 1202 confisus
1104 1168 1201 1211 inge-

202 1231 264 1264 nio
287 1227 395 1261 habet
427 1229 665 1269 praestantem
697 1227 847 1260 statum,
892 1226 924 1252 et
951 1220 1061 1252 moles
1084 1219 1200 1262 ipsum

205 1279 391 1326 oppressit.
446 1272 657 1311 Monachus,
688 1271 749 1317 qui
765 1272 945 1304 variarum
964 1271 1120 1315 partium
1136 1269 1203 1302 fuit

206 1334 243 1364 in
268 1327 447 1371 Ungaria,
492 1326 562 1358 iani
586 1330 637 1357 est
664 1323 818 1366 partium
851 1322 942 1365 regis
970 1319 1203 1359 Ferdinandi,

208 1383 292 1415 alias
310 1380 450 1412 Turcae
470 1383 533 1409 etc.

307 1438 367 1472 Vs.
384 1436 470 1473 226.
498 1433 612 1469 Alteri
629 1433 773 1465 dolosae
793 1429 1096 1469 machinationes,
1123 1440 1205 1473 pra-

208 1492 335 1529 cticae,
376 1486 586 1533 perfidiosae
618 1483 807 1528 placebant
836 1479 982 1528 magis]
1017 1480 1206 1513 Factiones

208 1543 372 1580 aluntur,
400 1538 658 1572 confirmantur
675 1533 790 1568 stultis
813 1533 960 1577 spebus,
994 1531 1145 1565 avaritia
1173 1536 1207 1563 et

210 1593 286 1627 aliis
305 1589 576 1634 cupiditatibus,
602 1587 682 1619 ideo
702 1585 801 1617 addit
817 1585 859 1617 de
879 1583 1041 1617 avaritia.

311 1649 388 1683 Vss.
406 1646 635 1684 227—230.
663 1645 790 1678 Nullus
814 1643 894 1676 finis
920 1649 1034 1676 certus
1055 1648 1105 1675 est
1124 1652 1208 1673 con-

212 1703 352 1735 stitutus
380 1694 620 1743 dixitiarum]
656 1697 706 1731 (ξέ
730 1695 767 1738 ist
792 1695 942 1729 aternani>
970 1704 1006 1738 gu
1030 1692 1208 1737 ctfettigen.

213 1752 284 1798 Qui
301 1750 433 1784 habent
448 1748 622 1782 maximas
637 1747 835 1785 facultates,
858 1750 1031 1789 appetunt
1048 1743 1209 1787 duplum,

215 1804 384 1842 tendunt,
426 1804 623 1845 properant
661 1798 706 1830 ad
742 1797 903 1841 duplum.
975 1795 1064 1840 Quis
1099 1793 1211 1838 possit

216 1866 337 1888 omnes
355 1850 543 1885 saturare?
598 1848 693 1892 Opes
708 1854 790 1882 sunt
807 1845 1014 1880 hominibus
1037 1842 1209 1890 insania.]

215 1907 277 1939 Est
293 1902 513 1947 inexplebilis
531 1900 706 1944 cupiditas
724 1898 929 1932 divitiarum
941 1924 950 1937 ,
985 1896 1134 1929 avaritia
1161 1901 1211 1928 est

218 1968 298 1989 vere
314 1954 464 1988 insania.

320 2012 396 2046 Yss.
423 2012 493 2046 231
516 2024 567 2055 sq.
612 2009 807 2043 Calamitas
835 2020 877 2040 ex
905 2006 1055 2040 avaritia
1086 2006 1213 2041 oritur,

220 2076 326 2110 quam
344 2064 487 2108 quando
504 2061 638 2105 Iupiter
655 2060 763 2092 mittit
783 2058 939 2098 afflictis,
967 2057 1037 2091 alio
1054 2062 1213 2099 tempore

223 2115 281 2148 alii
307 2111 472 2159 hahent.]
507 2112 588 2146 Non
621 2111 770 2144 veniunt
794 2111 918 2143 eodem
944 2116 1105 2151 tempore
1130 2117 1214 2150 poe-

223 2178 288 2199 nae
302 2192 310 2205 ,
338 2165 399 2198 sed
417 2170 535 2196 tamen
552 2163 709 2195 veniunt.

324 2231 383 2265 Vs.
405 2230 490 2266 233.
518 2229 613 2262 Civis
627 2229 765 2273 quietus
788 2226 1048 2264 contemnitur,
1083 2224 1143 2258 sed
1166 2229 1217 2255 ta-

227 2296 307 2317 men
325 2294 398 2315 non
413 2283 514 2314 decet
529 2292 594 2314 nos
611 2286 768 2313 evertere
785 2290 907 2312 muros
925 2275 1105 2317 civitatis]
1123 2274 1218 2308 Civis

227 2347 299 2368 non
316 2328 664 2379 πολυπραγμονικὸς
685 2337 822 2374 spretus
845 2335 907 2363 est.
960 2326 1129 2360 Lucullus
1146 2325 1218 2357 Ro-

228 2397 305 2418 mae
328 2390 378 2417 est
395 2388 553 2426 spretus,
581 2380 641 2425 qui
665 2382 870 2414 adversatus
891 2385 942 2413 est
956 2377 1155 2421 Pompeio,
1187 2381 1220 2408 et

230 2442 309 2468 ante
326 2434 457 2467 bellum
473 2432 751 2465 civilemortuus
771 2437 838 2468 est;
875 2430 903 2463 si
920 2429 1082 2469 vixisset,
1110 2428 1220 2470 impe-

231 2486 373 2519 divisset
388 2484 519 2517 bellum
538 2481 650 2515 civile.

270 2638 333 2665 100)
353 2635 428 2664 sieri,
455 2635 496 2661 nt]
517 2632 564 2655 Ed.
582 2631 654 2653 1560Α
674 2632 816 2657 corrupte:
847 2627 917 2650 fierit
938 2633 951 2649 u

271 2698 300 2725 1)
320 2695 396 2719 Ovid.
416 2692 526 2716 Remea.
546 2695 633 2713 antor.
652 2690 693 2711 91.

775 97 898 133 PHlL.
931 96 1043 132 MEL.
1078 94 1279 130 SCRIPTA
1318 94 1654 131 PHILOLOGICA.

1223 554 1482 593 ¹oppugnatur
1519 554 1554 581 et
1593 549 1773 593 capietur,

299 600 383 634 Non
409 598 511 631 valde
537 592 784 641 tumultus-ris]
810 594 886 638 tbue
905 592 1051 638 gemacbs
1079 591 1198 627 ubeteiI
1223 604 1225 607 ’

1112 1016 1201 1048 For-
1225 1017 1226 1028 ³

2200 97 2249 133 92

1348 181 1426 215 Vss.
1443 180 1674 217 233—236.
1701 180 1776 216 Arx
1799 187 1832 215 et
1848 181 1957 217 turris
1980 182 2106 216 stultae
2129 183 2248 217 multi-

1248 232 1382 267 tudinis
1402 238 1435 266 et
1452 232 1573 266 variae
1591 239 1642 268 est
1658 233 1762 278 parvi
1771 233 1878 278 pretii
1886 239 1951 268 etc.
1973 233 2055 268 Non
2072 234 2171 268 decet
2182 246 2249 268 nos

1248 285 1386 319 solvere
1398 311 1407 325 ,
1435 285 1617 318 destruere
1632 285 1775 318 moenia
1785 283 1815 332 ,]
1845 296 1967 318 muros
1982 297 2057 318 non
2079 286 2248 319 debemus

1249 347 1394 369 movere
1406 361 1414 375 ‚
1442 335 1587 369 turbare
1604 336 1842 380 respublicas,
1869 348 1949 370 cum
1968 348 2009 370 ex
2031 336 2100 371 illis
2115 337 2248 371 dissen-

1250 387 1408 421 sionibus
1433 392 1629 432 sequantur
1653 388 1875 428 eversiones,
1908 388 2000 421 bella
2025 393 2059 421 et
2081 388 2249 422 vastatio-

1250 450 1312 472 nes
1333 437 1471 482 generis
1488 435 1650 471 humani.

1350 497 1430 531 Vss.
1457 495 1533 533 235
1558 510 1610 543 sq.
1646 497 1838 543 Tanquam
1869 497 1987 537 urbis,
2043 510 2135 543 quae
2174 497 2247 530 iam

1819 550 1920 594 quasi
1962 549 2050 582 urbe
2079 549 2152 582 iam
2186 560 2249 593 op-

1250 605 1408 644 pugnata
1428 605 1634 644 caperetur,
1660 611 1789 644 nempe
1808 600 1896 633 tales
1911 600 2028 640 viros,
2056 599 2118 645 qui
2142 599 2249 632 etiam

1251 651 1401 684 velimus
1420 651 1574 690 servari,
1603 650 1774 685 vellemus
1792 662 1865 684 esse
1882 649 2110 698 incolumes]
2131 649 2169 683 Id
2186 656 2251 689 est,

1252 703 1315 747 qui
1330 713 1405 735 non
1424 714 1546 735 sumus
1564 701 1759 742 Catilinae,
1787 701 1849 747 qui
1865 713 1939 734 non
1954 708 2072 746 potest
2093 707 2186 735 stare
2212 701 2250 733 in

1224 791 1226 812 ί
1252 753 1434 796 republica
1451 752 1653 792 incolumis,
1679 751 1843 786 homines
1859 753 2038 797 desperati
2054 752 2158 785 facile
2174 764 2251 785 mo-

199 814 296 852 silia,
339 811 435 844 varic
463 806 590 854 picta]
630 807 702 843 Zet
728 809 769 842 bct
797 807 857 842 Fan
883 807 934 841 ein
969 806 1046 850 δίης]
1078 805 1200 848 seligam

1252 810 1356 844 vent,
1384 803 1468 848 quia
1485 803 1601 838 sciunt
1617 803 1703 838 alias
1718 804 1785 838 sibi
1802 804 2025 848 pereundum
2049 815 2133 837 esse.
2186 802 2252 836 Ca-

1252 855 1355 888 tilina
1389 855 1478 888 dixit
1509 867 1544 889 se
1576 855 1666 888 velle
1691 855 1910 899 restinguere
1935 854 2023 888 illud
2047 854 2251 887 incendium

1252 918 1326 939 non
1351 917 1464 951 aqua,
1508 906 1567 939 sed
1596 906 1713 940 ruina.
1780 905 1858 939 Hoc
1880 912 2110 950 praeceptum
2136 905 2253 943 docet,

1253 969 1298 990 ne
1314 963 1446 990 temere
1466 968 1531 990 nos
1548 956 1771 1000 implicemus
1786 957 2012 990 factionibus.
2067 957 2117 992 Εὖ
2136 955 2173 999 ist
2192 955 2252 991 au:

1253 1017 1322 1052 meg
1340 1005 1457 1050 besfet‘
1483 1018 1561 1043 mem
1580 1008 1656 1052 tbue
1672 1008 1717 1052 im
1738 1018 1777 1053 ἆυ
1802 1008 1924 1053 menig,
1959 1011 2040 1044 benit
2065 1018 2103 1052 gu
2130 1007 2192 1042 viel
2217 1007 2252 1040 in

1252 1058 1374 1104 folcben
1393 1059 1523 1103 bingen.

1354 1116 1432 1151 Vss.
1441 1117 1517 1152 237
1526 1130 1604 1162 sqq.
1631 1116 1722 1152 XIX.
1750 1118 1904 1162 Querela
1922 1119 1965 1151 de
1983 1116 2253 1161 ingratitudine.

1421 1175 1519 1200 Omnia
1536 1177 1601 1199 sunt
1619 1177 1747 1207 ingrata,
1774 1175 1841 1200 nihil
1859 1176 1963 1200 fecisse
1981 1176 2099 1207 benigne
2117 1174 2202 1204 esth.

1356 1218 1426 1257 Ibi,
1456 1226 1506 1253 est
1522 1217 1631 1259 nihil,
1652 1220 1801 1263 ponitur
1817 1219 1896 1252 loco
1914 1219 2121 1264 praedicati.
2158 1219 2255 1252 Deus

1255 1270 1341 1303 dicit
1358 1271 1395 1303 in
1412 1270 1664 1315 Salomone3):
1693 1270 1776 1303 Non
1793 1272 1932 1304 recedet
1949 1271 2085 1304 malum
2104 1282 2123 1302 a
2146 1271 2253 1303 domo

1257 1321 1398 1364 ingrati.

1357 1370 1433 1414 Ego
1453 1378 1486 1402 te
1504 1370 1738 1413 magnifacio,
1766 1371 1925 1409 celebro,
1961 1376 1995 1402 et
2021 1377 2059 1404 tu
2085 1382 2256 1403 concacas

1258 1434 1326 1461 me,
1353 1421 1420 1465 (vs.
1440 1421 1543 1467 237.)
1573 1432 1636 1464 ego
1654 1420 1718 1453 tibi
1736 1421 1808 1454 alas
1824 1419 1903 1467 do.]
1936 1419 2128 1454 Aeschines
2150 1421 2254 1454 dixit:

1258 1472 1492 1515 Agnoscimus
1524 1479 1663 1505 nostras
1696 1472 1768 1504 alas
1799 1472 1835 1504 in
1869 1472 2000 1505 nostris
2038 1472 2256 1505 vulneribus.

1258 1524 1321 1557 Est
1342 1523 1524 1567 paroemia
1542 1522 1692 1567 Libyca:
1722 1522 1886 1566 Agnosco
1905 1535 2001 1556 meas
2021 1524 2094 1556 alas
2110 1523 2147 1556 in
2168 1523 2256 1556 meis

1261 1575 1477 1608 vulneribus.
1531 1573 1687 1617 Sagittae
1702 1580 1783 1607 sunt
1803 1574 1916 1606 alatae
1933 1580 1967 1606 et
1983 1574 2175 1608 instructae
2193 1573 2256 1607 alis

1260 1626 1390 1658 avium.
1458 1625 1515 1658 Sic
1540 1625 1679 1658 dicebat
1705 1625 1844 1669 aquila,
1883 1638 1962 1658 cuni
1990 1631 2172 1669 peteretur
2205 1636 2258 1658 sa-

1261 1677 1364 1721 gitta:
1394 1675 1557 1719 Agnosco
1583 1687 1678 1708 ineas
1703 1688 1837 1719 pennas
1861 1675 1898 1708 in
1925 1677 2012 1709 meis
2040 1676 2258 1713 vulneribus,

1262 1727 1406 1773 quando
1424 1726 1551 1772 aliquis
1566 1726 1746 1769 iugulatur
1769 1739 1833 1759 suo
1856 1726 1995 1770 gladio,
2028 1727 2172 1772 quando
2197 1738 2258 1769 op-

1263 1790 1464 1823 pugnamur
1500 1778 1568 1810 illis
1602 1777 1686 1821 ipsis
1718 1778 1846 1816 armis,
1889 1789 1980 1822 quae
2006 1789 2072 1810 nos
2096 1777 2258 1810 dedimus

1263 1829 1359 1874 ipsis.

1366 1879 1442 1913 Vss.
1459 1878 1534 1914 237
1548 1878 1692 1913 -240,
1722 1877 1808 1910 Cum
1835 1879 1963 1923 quibus
1979 1890 2085 1922 super
2107 1878 2259 1912 immen-

1265 1943 1342 1965 sum
1362 1942 1460 1963 mare
1478 1930 1662 1968 x‘olitaliis,
1691 1929 1846 1962 elevatus
1863 1941 1969 1973 supra
1988 1935 2119 1962 terram
2146 1930 2259 1963 facile.

1265 1981 1452 2016 Sacrificiis
1471 1993 1555 2013 vero
1575 1987 1609 2013 et
1631 1979 1802 2012 conviviis
1824 1980 1932 2013 sacris
1956 1986 1989 2012 et
2013 1980 2260 2024 opitulationi-

1265 2034 1331 2066 bus
1347 2034 1430 2065 ades
1440 2032 1471 2076 4)
1488 2031 1523 2062 in
1542 2031 1719 2069 omnibus,
1746 2030 1881 2073 positus
1898 2030 1935 2062 in
1952 2043 2013 2063 ore
2029 2029 2260 2078 multorum]

1267 2083 1306 2116 In
1323 2082 1496 2115 conviviis
1521 2082 1713 2114 cantabant
1739 2079 1911 2127 ῥαψῳδοὶ
1933 2093 2077 2115 carmen
2101 2083 2261 2127 aliquod,

1267 2134 1443 2168 docebant
1460 2132 1614 2177 aliquid,
1643 2131 1834 2164 audiebant
1850 2130 2084 2178 ἀκροάματα,
2107 2136 2169 2170 bag
2184 2133 2262 2179 beist

1268 2196 1344 2220 mun
1368 2179 1601 2229 ἀκροάματα.
1655 2180 1845 2229 Ῥαψῳδοί
1868 2183 1972 2228 baben
1993 2183 2165 2229 gebeist'en,
2200 2185 2262 2230 qui

1270 2236 1462 2269 cantabant
1480 2235 1525 2266 ad
1544 2233 1718 2276 virgulam
1734 2260 1742 2272 ,
1770 2234 1814 2265 ad
1831 2231 1987 2279 ῥάβδον.

1371 2284 1447 2318 Vss.
1465 2284 1535 2318 241
1548 2283 1690 2319 -250,
1719 2284 1808 2317 Cum
1825 2285 1921 2319 tibiis
1935 2286 2076 2320 canoris
2091 2286 2263 2319 amabiles

1271 2336 1416 2370 iuvenes
1442 2337 1628 2375 decenter,
1671 2333 1815 2379 pulchre
1850 2343 1884 2369 et
1911 2348 2040 2370 canore
2069 2338 2264 2371 cantabunt

1272 2387 1377 2420 etiam
1399 2393 1479 2430 post
1494 2393 1666 2425 mortem,
1694 2398 1772 2419 cum
1793 2386 1921 2420 abieris
1945 2387 2010 2420 sub
2032 2387 2118 2422 atris
2141 2400 2264 2432 specu-

1271 2439 1337 2471 bus
1361 2444 1477 2470 terrae
1503 2438 1648 2470 domum
1672 2437 1878 2481 lugubrem,
1915 2437 2179 2471 lamentabilem
2211 2439 2266 2471 in-

1272 2490 1429 2520 ferorum
1448 2487 1622 2521 Plutonis.
1656 2488 1746 2521 Nam
1766 2500 1809 2520 ne
1827 2488 1969 2533 quidem
1986 2495 2148 2523 mortuus
2162 2489 2265 2522 amit-

1282 2544 1338 2588 —2i
1359 2563 1458 2586 (anun.
1477 2562 1520 2587 73.
1541 2563 1564 2584 a.

1309 2604 1338 2633 3)
1361 2604 1440 2626 l‘rov>
1462 2603 1500 2626 17.
1524 2604 1561 2626 13.

1310 2648 1340 2676 4)
1360 2647 1440 2674 ads-s]
1467 2646 1505 2668 sic
1531 2645 1629 2675 scripsi
1657 2648 1704 2672 (τ.
1727 2645 1843 2675 Theogn.
1874 2652 1913 2668 vs.
1931 2644 1996 2670 3239,
2023 2646 2181 2679 παρίω-ΠΒ
2216 2646 2264 2671 Ed,

1347 2681 1435 2703 iamt:
1462 2681 1549 2703 adest.
