2421 3005
101 127 174 162 149
485 125 671 161 LXXVIII.

98 215 217 248 nullus
236 213 346 253 alius,
376 220 411 247 et
426 220 592 258 sumptu,
622 213 682 247 ubi
701 226 790 258 opus
813 220 863 247 est
890 219 955 247 etc.
1010 212 1111 246 Salo-

98 278 203 300 mon:
232 265 316 300 Non
335 266 395 299 des
414 266 648 299 substantiali]
668 272 766 299 tuam
786 265 941 306 crudeli,
980 264 1015 297 id
1047 271 1110 305 est,

96 330 173 351 non
197 318 272 351 alas
295 315 502 357 hirudines,
537 329 628 363 quae
654 323 687 350 te
714 323 900 361 exsugunt.
953 315 1110 349 Laetan-

97 371 182 404 dum
218 376 269 403 θεῖ
303 370 440 410 officio,
479 382 554 402 non
580 370 738 410 iactura,
774 369 990 408 amissione,
1025 381 1109 413 pro-

95 422 248 456 fusione.

198 473 398 518 Episcopus
410 472 696 517 Augsburgensis
715 473 852 517 excepit
868 470 1025 516 bospitio
1045 472 1108 505 du-

96 537 171 559 cem
190 525 389 564 saxoniae,
418 531 452 558 et
468 526 614 570 quando
633 537 702 557 una
730 537 852 558 mensa
881 530 933 558 est
956 530 1107 563 remota,

95 576 332 610 evolaverunt
359 589 461 617 aves,
502 583 535 609 et
565 577 614 609 ita
648 576 815 621 deinceps
847 576 1018 609 instructa
1057 581 1109 609 est

94 641 189 662 nova
209 641 344 662 mensa.
385 627 443 662 Isti
462 641 536 661 non
552 629 733 661 laetantur
751 627 882 668 officio,
911 628 971 661 sed
989 634 1107 661 osten-

94 680 232 714 tatione
258 687 293 714 et
316 681 538 724 profusione.
599 680 663 725 ssd)
689 680 788 715 molte
814 681 862 715 bie
889 680 981 715 meile
1009 680 1107 715 [tebet

94 733 140 768 im
156 732 286 777 ssbutm
308 732 394 776 sigen
407 757 417 775 ,
450 734 533 768 benn
552 734 612 767 ba&
629 732 672 778 id)
690 732 770 778 mid)
790 733 888 768 motte
906 730 1005 775 Iaffen
1023 733 1106 768 citu:

94 786 182 820 tit-en
203 785 269 818 isto
289 785 396 829 longo
417 790 607 829 apparatu.

197 837 335 869 Terror
352 843 513 869 veterum
532 832 752 883 bominum]
779 834 818 868 Id
843 841 914 875 est,
952 836 1014 881 qni
1040 836 1106 869 fnl-

95 888 191 920 mine
218 895 333 921 totum
358 900 468 932 genus
495 886 694 921 humanum
722 893 852 928 terret,
894 889 1023 932 perdat
1048 900 1105 921 me

93 940 244 973 fulmine
256 966 265 980 ,
291 940 319 974 si
336 952 401 985 ego
418 952 493 973 non
511 940 749 985 suppeditabo
766 937 821 973 his
834 967 842 979 ,
870 939 933 985 qui
951 953 1007 973 me
1026 940 1105 973 dili-

93 998 202 1036 gunt,
231 993 293 1025 sed
311 1004 371 1025 ero
390 990 553 1026 hostibus
570 993 675 1025 dolor
694 998 728 1025 et
744 993 930 1025 damnum.

199 1043 346 1078 Contra.
387 1043 692 1077 Benefaciendum
711 1050 762 1078 est
779 1043 1104 1077 malefacientibus:

93 1106 178 1140 ergo
195 1101 261 1130 etc.
315 1095 550 1140 Respondeo:
588 1095 769 1142 Loquitur
795 1097 837 1128 de
862 1095 1019 1128 vindicta
1049 1108 1104 1127 or-

92 1147 238 1188 dinata,
266 1148 309 1180 de
326 1148 482 1192 publica.
526 1148 715 1181 Privatum
734 1160 795 1180 cor
809 1147 915 1180 debet
930 1159 1003 1180 esse
1021 1147 1105 1179 alie-

91 1211 180 1232 num
198 1211 218 1232 a
237 1200 433 1243 cupiditate
451 1199 642 1233 vindictae.
677 1199 745 1232 Sed
763 1199 865 1243 pravi
883 1198 1104 1244 reprimendi

93 1257 195 1290 sunt,
232 1251 366 1284 scilicet
391 1251 481 1284 sicut
499 1250 595 1285 Deus
618 1251 811 1284 ordinavit.
873 1249 912 1283 In
932 1251 1104 1296 principi-

91 1302 158 1336 bus
179 1302 286 1334 debet
303 1315 376 1336 esse
395 1303 507 1343 zelus,
536 1303 709 1343 Nemesis,
739 1304 790 1338 cin
808 1302 910 1345 etnstf
938 1302 1103 1346 indigna-

90 1353 142 1387 tio
162 1354 333 1388 adversns
351 1354 514 1387 enormia
534 1355 682 1394 delicta,
713 1355 795 1400 quia
817 1355 904 1401 quid
924 1360 975 1387 est
990 1354 1104 1389 levius

91 1411 127 1438 et
149 1405 317 1449 nugatius
339 1406 522 1451 principe,
566 1407 628 1452 qui
657 1406 803 1439 tollerat
831 1407 927 1451 apud
953 1418 989 1439 se
1016 1407 1103 1440 tales

89 1455 277 1498 homines,
316 1470 471 1504 quorum
504 1464 588 1491 sunt
613 1458 745 1491 scelera
772 1465 858 1491 nota
885 1465 920 1491 et
945 1458 1102 1502 publica,

88 1515 130 1543 ut
145 1509 324 1550 latrones,
349 1510 498 1544 lenones
518 1516 582 1544 etc.
618 1510 716 1544 Deus
733 1510 809 1544 vult
825 1510 983 1555 conspici
999 1523 1100 1544 suam

89 1561 264 1595 iustitiam
283 1562 320 1594 in
340 1562 465 1607 poenis
482 1562 653 1607 publicis,
682 1569 715 1596 et
740 1564 887 1608 qnando
913 1563 1102 1607 magistra-

89 1620 146 1648 tus
163 1626 238 1647 non
254 1614 378 1658 punit,
402 1621 488 1648 tunc
506 1614 581 1659 ipse
599 1614 714 1659 punit.
759 1615 858 1648 Sicut
875 1614 971 1648 Deus
990 1615 1101 1648 distu-

89 1665 131 1698 lit
147 1678 302 1710 poenam
323 1665 439 1700 Diasii
457 1666 719 1700 sceleratissimi
739 1667 940 1711 parricidae
960 1667 997 1699 in
1017 1679 1101 1700 con-

90 1717 232 1757 cilium,
260 1717 321 1750 ubi
345 1724 435 1751 esset
461 1718 580 1763 aliqua
608 1719 823 1764 frequentia.
877 1718 937 1752 Ille
956 1718 1100 1753 Diasius

89 1775 172 1802 ante
194 1769 402 1803 sexennium
426 1770 464 1802 in
483 1769 618 1814 oppido
635 1770 812 1804 Bavarico
830 1770 988 1804 Palatini
1006 1770 1099 1804 Hen-

88 1821 154 1854 rici
174 1821 274 1854 ducis
293 1821 466 1865 Neuburg
490 1821 669 1854 interfecit
692 1822 895 1868 sratrem⁶⁸)
919 1823 1097 1868 (Historia

89 1879 142 1907 est
177 1873 355 1918 descripta
390 1873 426 1906 in
463 1872 652 1907 Cbronicis
682 1873 865 1918 Carionis)
905 1882 1097 1919 propterea

89 1926 187 1970 quod
209 1925 320 1958 frater
345 1925 557 1959 adiunxerat
583 1938 619 1959 se
645 1926 776 1960 nostris
800 1926 978 1960 Ecclesiis.
1038 1926 1098 1960 Ille

89 1989 169 2010 cum
190 1977 433 2011 crudelissime
452 1978 686 2011 interfecisset
701 1991 781 2011 eum
794 2005 803 2018 ,
829 1978 1098 2019 abiitl‘mmam,

89 2034 124 2062 et
143 2041 364 2075 quamquam
386 2035 437 2063 est
454 2030 490 2062 in
508 2030 636 2063 itinere
655 2037 796 2074 captus,
825 2037 946 2063 tamen
972 2037 1023 2064 est
1046 2032 1099 2063 di-

87 2081 216 2115 missus
242 2081 278 2114 in
311 2081 447 2115 ditione
472 2082 564 2125 regis
589 2082 823 2116 Ferdinandi.
892 2082 1001 2115 Venit
1024 2083 1098 2116 Ro-

86 2145 207 2173 mam,
253 2139 306 2166 est
327 2140 475 2167 ornatus
502 2134 728 2178 episcopatu,
771 2141 807 2167 et
837 2132 1097 2168 cathortemate

88 2185 187 2229 quod
205 2185 358 2225 fecerat,
381 2198 455 2218 non
475 2192 525 2219 est
543 2188 709 2230 punitus,
745 2186 819 2231 ipse
836 2187 901 2220 sibi
920 2187 990 2220 iam
1012 2200 1097 2220 con-

86 2236 192 2269 scivit
216 2242 369 2269 mortem
395 2237 548 2282 laqueo,
586 2245 637 2272 cst
668 2239 835 2272 inventus
867 2240 1026 2283 pendens
1059 2240 1096 2273 in

88 2287 230 2321 stabulo
250 2288 287 2320 in
306 2288 468 2322 Concilio
486 2289 715 2324 TridentIno.
776 2290 873 2324 Deus
899 2298 1018 2325 servat
1042 2304 1096 2325 re-

83 2340 228 2383 gulam:
258 2340 329 2384 Qui
351 2341 508 2383 gladium
529 2343 724 2386 acceperit,
753 2343 872 2386 gladio
891 2344 1034 2387 peribit.

191 2391 269 2426 Vss.
286 2392 360 2426 879
376 2406 428 2438 sq.
454 2393 543 2426 Bibe
565 2393 686 2427 viuum
706 2395 776 2427 mei
795 2395 950 2436 verticis,
978 2396 1013 2428 id
1033 2402 1096 2436 est,

89 2443 284 2477 cacuminis
301 2444 337 2476 in
357 2451 498 2485 monte,
527 2446 625 2491 quod
646 2457 662 2477 a
683 2453 804 2479 monte
825 2447 988 2493 Taygeto
1013 2460 1096 2492 pro-

89 2495 217 2538 venit]
252 2494 292 2528 ln
325 2502 398 2530 tota
429 2496 589 2530 Laconia
623 2504 674 2531 est
706 2499 857 2531 multum
892 2499 978 2532 boni
1008 2500 1094 2534 vini.

88 2545 338 2581 Monembasia
357 2555 408 2582 est
425 2549 547 2583 civitas
560 2550 727 2594 Argolica
745 2547 871 2591 bodie,
900 2564 991 2597 quae
1007 2552 1093 2585 olim

123 2696 174 2725 66)
194 2696 265 2720 Vide
284 2696 317 2720 de
346 2697 396 2721 hac
420 2698 504 2722 caede
527 2698 569 2723 2⁷.
585 2700 666 2723 Mart.
689 2699 763 2725 ¹5⁴6.
790 2702 950 2731 perpetrata
970 2703 1094 2727 Steidani

161 2732 194 2755 de
214 2732 289 2755 statu
309 2731 389 2762 relig.
409 2734 436 2756 et
455 2733 523 2764 rpr.
538 2734 639 2758 carolo
657 2735 691 2759 V.
707 2734 829 2759 caesare
848 2740 1025 2764 commentar.
1045 2739 1093 2764 tib.

160 2766 247 2790 xvn,
269 2766 295 2789 iu
315 2766 459 2797 principio.

731 125 1025 160 EXPLICATIO
1062 125 1450 161 SENTENTIARUM
1487 127 1795 164 THEOGNIDIS.

2102 128 2176 165 150

1166 213 1233 246 suit
1248 213 1474 258 Epidaurus,
1511 227 1619 260 quam
1639 215 1819 249 Homerus
1845 222 1949 248 vocat
1975 213 2178 262 ἀμπελόεσ-

1166 277 1238 300 σαν
1248 266 1308 312 ⁶⁹).

1261 326 1329 360 ‘Vs.
1350 327 1437 361 881.
1465 326 1619 376 Βῆσσα]
1647 327 1774 372 ΞΒῙΘῘΘ,
1803 329 1897 372 apud
1915 340 1980 362 nos
2002 328 2177 373 significat

1163 377 1283 411 locum
1311 379 1502 422 irriguum.

1266 438 1344 472 Vss.
1361 439 1433 473 881
1447 440 1594 474 -886,
1623 439 1662 473 ln
1683 439 1816 484 campis
1839 439 1972 473 montis
1997 440 2176 472 adducens

1162 489 1330 533 frigidam
1364 502 1497 536 aquam
1528 505 1546 524 a
1578 493 1762 536 plataneto
1799 491 1943 530 bibens,
1987 491 2175 535 dissipabis

1162 542 1332 576 molestas
1353 554 1456 576 curas
1481 549 1545 577 etc.
1600 544 1676 577 Pax
1704 550 1738 576 et
1764 543 1912 576 divitiae
1935 541 2091 576 habeant
2117 556 2176 576 ur-

1160 593 1241 626 bem
1256 621 1265 634 ,
1291 599 1331 627 ut
1349 606 1427 626 eam
1447 596 1491 627 ad
1510 596 1675 629 convivia
1698 595 1753 628 vel
1770 601 1915 629 cantum
1934 594 1972 627 in
1995 595 2176 636 convivio,

1162 657 1237 678 non
1255 657 1337 678 amo
1362 646 1508 680 bellum.

1265 705 1342 740 Vss.
1356 706 1432 740 887
1449 720 1502 752 sq.
1529 706 1655 752 Neque
1675 708 1777 740 valde
1796 708 2003 748 admoveto,
2027 720 2176 753 suspen-

1161 757 1236 790 dito
1257 770 1405 798 aurem,
1436 758 1470 791 id
1498 765 1570 799 est,
1605 771 1679 791 non
1709 760 1885 793 attendito
1912 760 2102 804 praeconi,
2139 759 2176 793 id

1162 816 1230 850 est,
1274 822 1348 843 non
1374 816 1495 843 amato
1524 811 1621 848 lites;
1665 823 1739 843 non
1771 812 1865 844 enim
1893 812 2105 846 dimicamus
2129 813 2172 845 de

1160 862 1277 905 patria
1307 859 1435 909 terrm]
1471 861 1641 895 Privatae
1666 863 1882 897 offensiones
1912 865 2174 897 condonandae

1160 919 1264 954 sunt,
1309 926 1384 947 non
1413 920 1465 947 est
1492 916 1749 959 pugnandum,
1785 915 1853 949 nisi
1879 928 1958 948 cum
1984 916 2174 949 necessitas

1159 965 1319 1010 postulat
1344 966 1387 999 de
1412 966 1541 1010 patria.
1597 966 1716 999 Homo
1742 968 1847 1000 debet
1873 980 1945 1001 esse
1971 964 2175 1013 φιλήσυχος

1158 1016 1222 1051 καὶ
1246 1014 1482 1065 δραστήριος.
1552 1017 1684 1053 Noster
1708 1018 1908 1064 imperator
1932 1020 2094 1064 profecto
2123 1025 2175 1053 est

1159 1069 1252 1103 talis.

1262 1128 1340 1162 Vss.
1361 1128 1435 1162 889
1454 1142 1531 1175 sqq.
1560 1130 1614 1164 Sis
1634 1130 1736 1164 fortis
1755 1130 1792 1163 in
1810 1131 1962 1176 proelio.

1262 1189 1339 1223 Vss.
1358 1189 1432 1222 889
1447 1203 1500 1236 sq.
1544 1189 1668 1235 Turpe
1697 1198 1749 1225 est
1779 1199 2005 1236 praesentem
2033 1192 2072 1225 in
2096 1193 2171 1226 acie

1159 1242 1458 1275 conscendentem
1484 1242 1615 1276 celeres
1641 1256 1772 1288 equos,
1813 1256 1888 1277 non
1915 1244 2096 1288 adspicere
2120 1245 2171 1277 la-

1159 1291 1380 1338 chrymabile
1405 1294 1570 1338 bellum]
1605 1294 1643 1328 Id
1669 1301 1739 1335 est,
1776 1302 1881 1340 turpe
1906 1303 1957 1330 est
1980 1298 2102 1340 fugere
2129 1309 2171 1330 ex

1157 1345 1269 1378 bello:
1304 1352 1425 1378 tamen
1443 1346 1488 1379 sis
1505 1346 1608 1381 sortis
1620 1374 1628 1387 ‚
1657 1347 1757 1380 domi
1773 1348 1819 1382 sis
1835 1348 1987 1394 quietus.

1260 1405 1338 1440 Vss.
1363 1406 1595 1441 891—894.
1633 1408 1713 1441 Heu
1738 1408 1880 1452 ignavia
1910 1409 2018 1453 periit
2042 1408 2171 1443 Corin-

1157 1455 1307 1505 thus⁷⁰)‚
1336 1460 1526 1499 tondetur,
1554 1466 1716 1493 vastatur
1732 1461 1868 1505 optima
1889 1461 1991 1494 vinea
2012 1460 2168 1495 Lelanti.

1155 1509 1251 1542 Boni
1284 1510 1428 1553 fugiunt
1462 1512 1743 1555 rempublicam,
1794 1513 1882 1546 mali
1913 1513 2171 1547 administrant

1155 1563 1430 1607 rempublicam.
1492 1563 1642 1597 Utinam
1673 1565 1819 1610 tyranni
1845 1572 2013 1610 pereant,
2051 1572 2168 1599 totum

1155 1626 1266 1657 genus
1285 1615 1514 1660 tyrannicum
1541 1623 1686 1659 pereat,
1720 1619 1817 1662 quod
1849 1618 2012 1651 imitatur
2037 1617 2169 1663 Cypse-

1155 1666 1249 1706 lam,
1278 1667 1341 1712 qui
1361 1667 1427 1700 suit
1449 1673 1637 1711 tyrannus.
1698 1669 1871 1716 Κυψέλη,
1910 1671 1962 1706 ein
1979 1669 2078 1714 Rufi,
2107 1670 2169 1705 mie

1154 1719 1217 1754 mit
1235 1718 1351 1763 sagea,
1380 1720 1431 1755 ein
1450 1718 1587 1764 Qispet.

1257 1779 1420 1824 Aetion)
1436 1780 1504 1814 suit
1521 1781 1607 1815 civis
1628 1782 1662 1814 in
1683 1780 1901 1822 Corinthiis,
1930 1784 1973 1816 de
1992 1796 2064 1829 quo
2091 1784 2167 1816 fue-

1153 1837 1239 1864 runt
1257 1832 1447 1872 vaticinia,
1478 1833 1588 1866 filium
1616 1830 1826 1867 habiturum
1853 1847 2017 1878 regnum.
2074 1836 2165 1869 Cum

1153 1882 1262 1925 igitur
1279 1891 1369 1917 esset
1386 1891 1491 1918 natus
1511 1897 1619 1929 puer,
1650 1886 1759 1919 altera
1780 1887 1914 1919 familia
1936 1887 2080 1920 inimica
2100 1888 2167 1920 mi-

1152 1934 1197 1967 sit
1229 1947 1458 1979 percussores
1483 1937 1669 1972 ministros
1696 1939 1719 1972 3
1738 1938 1791 1971 vel
1811 1938 1853 1979 4,
1896 1939 1957 1984 qui
1990 1939 2165 1973 interfice-

1153 1993 1232 2019 rent
1259 2000 1423 2031 puerum.
1490 1989 1579 2022 Cum
1608 1990 1761 2024 venisset
1786 1990 1823 2023 in
1850 1992 1997 2024 domum
2025 1992 2164 2037 primus

1152 2050 1361 2082 percussor,
1388 2039 1497 2073 iacuit
1516 2041 1634 2076 infans
1653 2042 1688 2075 in
1707 2042 1806 2076 cuuis
1819 2070 1827 2083 ,
1855 2043 1975 2077 arrisit
1993 2044 2163 2085 suaviter,

1151 2090 1334 2124 blanditus
1362 2098 1411 2124 θεῖ
1438 2091 1530 2131 risu,
1567 2106 1631 2126 suo
1659 2096 1816 2140 quodam
1843 2096 1930 2130 fato.
2000 2095 2061 2129 Ille
2087 2108 2162 2129 non

1151 2143 1271 2187 potuit
1295 2143 1494 2176 interficere
1520 2152 1639 2179 motus
1666 2147 1932 2186 misericordia;
1969 2148 2029 2180 alii
2053 2148 2162 2181 etiam

1150 2207 1224 2227 non
1244 2195 1437 2228 voluerunt
1453 2195 1664 2232 interlicere.
1693 2199 1889 2244 Egreditur
1907 2201 2029 2234 domo.
2064 2200 2162 2233 Tan-

1150 2248 1231 2279 dem
1250 2254 1348 2280 metu
1372 2248 1509 2280 domini
1537 2250 1757 2292 deliberant,
1785 2252 2034 2296 paciscuntur,
2063 2253 2161 2298 quod

1151 2299 1263 2332 velint
1278 2311 1419 2333 rursum
1445 2301 1583 2344 ingredi
1602 2309 1635 2336 et
1651 2303 1756 2337 simul
1780 2305 1976 2338 interficere
1995 2317 2159 2349 puerum.

1150 2349 1288 2384 Interea
1308 2358 1422 2385 mater
1440 2352 1627 2388 abscondit
1648 2368 1801 2399 puerum
1830 2357 1865 2390 in
1893 2357 2091 2402 cypselam,
2124 2356 2159 2389 id

1150 2409 1220 2443 est,
1250 2403 1284 2435 in
1305 2404 1410 2436 talem
1432 2417 1638 2440 mensuram
1664 2409 1719 2441 vel
1747 2421 1881 2442 arcam.
1942 2408 2027 2441 lude
2053 2414 2104 2441 est
2127 2408 2157 2441 ei

1150 2467 1284 2488 nomen
1317 2457 1447 2489 sactum
1484 2457 1664 2502 Cypselas.
1735 2459 1794 2493 Ille
1829 2467 1949 2504 postea
1981 2459 2080 2492 venit
2112 2461 2158 2493 ad

1149 2507 1391 2551 principatum
1408 2508 1443 2540 in
1462 2508 1651 2545 Corintho.
1704 2511 1791 2546 Eius
1808 2513 1899 2545 filius
1925 2511 1993 2545 suit
2009 2511 2157 2546 Perian—

1181 2653 1229 2678 69)
1251 2653 1327 2676 Hom.
1348 2653 1378 2677 II.
1393 2653 1426 2683 n,
1446 2654 1505 2677 561.
1526 2650 1698 2686 divumne?
1717 2652 1894 2687 Ἐπίδαυρον,

1181 2695 1228 2725 70)
1250 2695 1416 2725 corinthus]
1437 2697 1476 2720 sic
1495 2698 1544 2723 Ed.
1562 2699 1655 2727 1560.;
1682 2699 1820 2729 Theognis
1840 2700 1921 2722 habet
1940 2697 2089 2731 Κήρινθος.

1181 2738 1230 2766 71)
1250 2739 1344 2767 aeuo]
1365 2739 1405 2762 sic
1419 2741 1467 2763 Ed.
1487 2741 1578 2770 1560.;
1608 2742 1764 2764 Herodotus
1778 2742 1813 2772 V,
1833 2742 1874 2766 92.
1887 2758 1895 2773 ,
1914 2743 1958 2766 ubi
1976 2743 2046 2767 hanc
2065 2742 2153 2768 nisto-

1217 2772 1287 2797 riam
1307 2776 1421 2805 narrat,
1441 2781 1500 2798 eum
1520 2776 1643 2804 appellat
1659 2774 1782 2803 Ἠετίων.

1484 2808 1566 2844 10*
