2421 3005
97 743 258 787 XCIII.
318 743 497 787 Pfflh.
538 743 703 786 MEL.
741 743 1060 786 PROLOGI
1104 743 1242 786 DUO
1291 745 1361 788 IN
1406 746 1674 789 PLAUTI
1720 748 2040 792 MlLl'rEM
2083 751 2171 793 ET

668 818 741 860 IN
789 817 1128 861 SENECAE
1177 818 1586 862 THYESTEM.

94 927 240 985 Iuvenes
269 955 466 984 Melanthonis
496 953 671 990 disciplinae
706 953 805 981 traditi
837 963 894 981 non
925 954 1001 981 solas
1032 954 1212 981 Terentii
1243 953 1372 990 fabulas,
1409 954 1447 982 de
1480 955 1583 992 quibus
1616 964 1705 992 supra
1734 965 1763 993 p.
1779 954 1844 985 679
1859 967 1903 994 sq.
1935 957 2080 994 diximus,
2119 958 2172 987 sed

94 1000 182 1030 etiam
206 1000 229 1028 P
239 1000 273 1028 la
284 1009 300 1027 u
310 999 337 1027 ti
367 996 514 1027 Militem
538 1003 568 1026 et
592 997 612 1024 S
623 1005 640 1024 e
650 1006 667 1024 n
682 1005 699 1024 e
708 1006 722 1023 c
732 1005 748 1023 a
758 1005 774 1024 e
800 993 977 1035 Thyestem
1001 997 1139 1034 agebant.

1185 997 1385 1030 Quamobrem
1410 998 1437 1024 in
1463 996 1516 1025 has
1539 1006 1658 1035 quoque
1682 999 1819 1036 prologos
1843 1000 1967 1037 scripsit.

178 1061 217 1090 Hi
240 1060 299 1089 duo
324 1060 438 1098 prologi
462 1059 656 1088 inveniuntur
680 1060 708 1086 in
733 1059 837 1087 iisdem
862 1067 916 1086 sex
941 1058 1039 1093 libris,
1065 1066 1136 1095 quos
1160 1066 1250 1094 supra
1274 1066 1303 1094 p.
1321 1055 1388 1086 675
1404 1066 1448 1094 sq.
1472 1057 1716 1094 memoravimus,
1742 1057 1880 1086 videlicet
1903 1059 1932 1085 in
1957 1059 2054 1088 hisce:

223 1120 253 1151 1.
277 1122 306 1149 iu
331 1120 446 1149 Secerii
468 1119 630 1157 Farragine
654 1118 908 1156 Epigrammatum
932 1117 1002 1146 Mel.
1026 1117 1188 1155 Haganoae
1214 1114 1306 1145 1528.
1333 1115 1412 1144 edita
1437 1114 1530 1154 (quae
1555 1115 1625 1143 mihi
1647 1125 1705 1144 non
1729 1117 1767 1145 ad
1791 1126 1895 1145 manus
1919 1117 1996 1155 est);

219 1172 251 1204 2.
289 1173 319 1200 in
352 1171 425 1200 Mel.
451 1170 531 1209 opp.
565 1170 655 1198 Basit.
693 1168 787 1199 1541.
821 1169 968 1199 editorum
992 1169 1077 1196 Toni.
1106 1169 1142 1197 V.
1181 1179 1210 1207 p.
1227 1167 1300 1199 328.
1333 1166 1426 1208 (Prol.
1460 1169 1488 1196 in
1512 1168 1638 1197 Militem
1668 1169 1781 1208 Plauti)
1811 1175 1841 1198 et
1870 1180 1900 1208 p.
1914 1168 1988 1200 331.
2020 1169 2116 1212 (Prol,
2140 1173 2169 1201 in

265 1215 432 1252 Thyestem
456 1211 607 1253 Senecae)
617 1223 624 1248 3

221 1265 252 1297 3.
279 1269 309 1296 in
333 1266 466 1304 Prologis
490 1266 624 1303 aliquot,
654 1266 704 1302 qui
728 1264 911 1301 Vitebergae
938 1262 1032 1293 1554.
1058 1263 1252 1302 prodierunt,
1283 1262 1333 1292 fol.
1349 1263 1372 1291 A
1388 1261 1418 1292 2.
1443 1262 1541 1301 (Prol.
1565 1263 1593 1290 in
1619 1263 1700 1299 Mil„
1732 1263 1933 1294 Melanthonis
1965 1267 2091 1296 auctoris
2115 1277 2169 1296 no-

262 1311 343 1338 mine
366 1307 530 1347 adscripto)
554 1314 583 1336 et
608 1307 659 1335 fol.
676 1308 698 1335 A
713 1305 756 1337 8¹>
772 1323 813 1327 —
828 1306 852 1334 B
870 1305 885 1335 1
900 1310 909 1322 ἱ·
927 1306 1021 1345 (Prol.
1047 1307 1076 1335 iu
1100 1307 1247 1344 Tliyest.‚
1271 1307 1335 1335 sine
1359 1307 1485 1334 auctoris
1509 1306 1628 1344 Prologi
1652 1305 1805 1345 nomine);

219 1359 252 1390 4.
282 1361 313 1388 in
345 1359 497 1388 Grathusii
528 1358 712 1387 Collectione
741 1358 995 1395 Epigrammatum
1025 1358 1098 1386 Mel.
1128 1358 1308 1396 Vitebergae
1334 1355 1428 1388 1560.
1467 1357 1565 1394 edita,
1604 1356 1657 1386 fol.
1681 1358 1744 1388 Kl
1777 1359 1870 1396 (Prol.
1900 1360 1930 1388 in
1952 1360 2032 1400 Mil.)
2055 1368 2086 1392 et
2113 1362 2167 1393 sol.

265 1401 459 1432 K6h—7⁸
489 1401 584 1440 (Prol.
609 1402 638 1428 in
664 1400 824 1439 Thyest.);

219 1449 249 1479 5.
278 1451 309 1478 in
331 1450 479 1478 Vim-antii
503 1453 641 1480 Editione
663 1451 917 1490 Epigrammatum
932 1452 1005 1481 Mel.
1022 1453 1120 1482 Viteb.
1140 1451 1250 1490 1563„
1280 1453 1333 1482 sol.
1350 1452 1362 1481 1
1378 1452 1399 1482 8
1413 1451 1423 1469 ¹³
1441 1468 1479 1473 -
1495 1453 1525 1481 K
1543 1451 1558 1483 1
1573 1457 1583 1471 ³
1598 1453 1695 1493 (Ptol.
1713 1455 1741 1482 in
1760 1454 1839 1492 Mil.)
1855 1462 1885 1484 et
1900 1455 1953 1485 sol.
1969 1456 1998 1484 K
2015 1455 2057 1486 2¹³
2073 1455 2165 1488 —3n

266 1492 361 1531 (Prol.
384 1492 415 1519 in
439 1491 602 1530 Thyest.);

217 1543 251 1574 6.
274 1544 304 1572 in
327 1543 412 1572 huius
437 1542 527 1581 Corp.
550 1542 684 1571 Reform.
708 1544 775 1574 Vol.
793 1546 829 1575 X.
854 1555 884 1584 p.
900 1545 965 1576 497
980 1556 1023 1585 sq.
1049 1557 1095 1578 nr.
1111 1547 1163 1578 44.
1189 1547 1284 1586 (Prot.
1307 1549 1336 1576 iu
1359 1546 1439 1586 Mil.)
1464 1551 1496 1578 et
1522 1558 1550 1586 p.
1567 1545 1644 1578 500.
1667 1558 1714 1580 nr.
1730 1547 1784 1579 47.
1807 1550 1887 1578 Prol-
1913 1551 1941 1578 in
1966 1549 2123 1592 Tliyest.).

238 1754 519 1793 PROLOGI
557 1755 621 1792 IN
656 1754 930 1793 MILITEM
964 1756 1202 1794 PLAUTI
1236 1759 1314 1796 ΕΤ
1351 1758 1693 1796 THYESTEM
1727 1760 2010 1797 SENECAE

677 1824 908 1855 PHILIPPO
947 1826 1287 1858 MELANTHONE
1326 1828 1573 1860 AUCTORE.

184 1927 218 1961 1.
258 1927 486 1971 Prologus
524 1928 569 1961 in
606 1927 803 1961 Militem
832 1927 1001 1964 Plauti.

149 2005 299 2039 Deserta
317 2018 421 2039 scena
440 2012 473 2038 et
490 2012 589 2039 muta
610 2005 836 2051 aliquamdiu
854 2007 968 2047 stetit,

147 2057 318 2103 Salesque
336 2058 569 2098 refrixerant,
597 2064 630 2090 et
650 2058 778 2091 comici
798 2056 828 2105 ¹)
852 2058 942 2098 ioci,

149 2109 239 2143 Cum
257 2109 405 2142 barbari
421 2109 624 2143 obruissent
641 2109 796 2143 tenebris
816 2110 972 2151 litteras,

146 2160 216 2194 Sed
231 2158 298 2193 hae
315 2160 345 2203 ²)
372 2166 563 2206 postquam
583 2168 690 2206 caput
707 2162 850 2206 erigunt
870 2162 1078 2196 comoediae
1090 2191 1098 2204 ‚

142 2212 275 2246 Favete
296 2224 429 2258 quaeso
443 2239 451 2253 ‚
480 2212 517 2245 in
533 2213 648 2246 lucem
668 2220 708 2247 ut
726 2226 796 2247 una
817 2214 984 2258 prodeat.

142 2265 332 2298 Praestare
366 2264 403 2297 id
437 2277 592 2310 aequum
624 2272 674 2299 est
711 2278 771 2300 vos
784 2292 793 2306 ,
837 2266 966 2312 quibus
998 2266 1095 2311 ipsae

458 2316 597 2350 litterae

141 2365 270 2412 Ingens
291 2368 398 2401 decus
418 2379 589 2412 peperere
603 2396 611 2410 ‚
640 2381 704 2402 nec
727 2368 953 2402 committere
968 2396 976 2409 ‚

139 2419 269 2453 Audax
289 2425 328 2453 ut
346 2419 527 2464 inceptum
548 2433 587 2453 ac
608 2433 741 2454 novum
761 2421 881 2454 fraudi
900 2422 966 2454 siet

137 2470 271 2512 Nobis,
300 2484 404 2504 amor
421 2484 510 2517 quos
528 2472 728 2507 litterarum
749 2472 927 2517 perpulit,

136 2521 328 2557 Renovare
347 2524 501 2568 priscum
522 2537 679 2566 morem,
709 2532 741 2558 et
761 2523 827 2559 hoc
849 2524 1052 2569 spectaculo

130 2646 160 2679 1)
183 2638 295 2678 co‘mici]
314 2650 377 2673 Mel.
397 2650 464 2680 Opp.
485 2650 567 2674 Basil.
584 2651 617 2675 V.
639 2651 737 2675 mendo
759 2653 872 2682 typogr.
894 2651 1001 2675 commi.

119 2698 150 2730 2)
171 2699 237 2729 hae]
259 2701 301 2724 sic
321 2702 385 2724 Mel.
407 2702 475 2732 Opp.
499 2702 628 2727 Basit.v.
650 2705 676 2726 et
697 2704 808 2735 Prologi
829 2703 948 2733 aliquot;
970 2704 995 2727 iu
1013 2705 1098 2728 Grat-

151 2734 209 2760 hus.
231 2737 258 2759 et
278 2736 406 2761 Vinceut.
427 2738 546 2761 collectt⁴
568 2739 651 2768 atque
672 2738 697 2762 iu
723 2739 807 2769 Corp.
832 2739 891 2762 nef.
910 2739 944 2763 X.
966 2739 1052 2765 deest,

77 2775 264 2809 MELANTH.
288 2779 394 2810 Opnn.
419 2781 502 2811 Von.
526 2780 615 2812 XIX.

1206 1941 1329 1977 Ludos
1347 1943 1477 1983 facere,
1503 1940 1590 1975 haec
1608 1948 1647 1975 ut
1666 1941 1782 1975 studia
1801 1948 1835 1975 et
1853 1948 1949 1976 aetas
1967 1944 2164 1988 postulant.

1206 1993 1380 2041 illamque
1398 2008 1460 2029 vos
1477 1996 1578 2028 decet
1594 1994 1718 2026 favore
1738 1994 1921 2040 prosequi.

1203 2047 1337 2080 Audite
1356 2059 1472 2085 nune,
1501 2047 1538 2079 in
1556 2058 1626 2092 qua
1647 2045 1799 2080 velimus
1819 2046 1938 2080 fabula

1205 2097 1338 2132 Facere
1359 2098 1512 2132 actionis
1530 2096 1598 2131 hoe
1616 2098 1696 2130 loco
1715 2097 1929 2142 periculum.

1205 2150 1391 2183 Germana
1410 2150 1530 2184 Plauti
1549 2156 1619 2189 est,
1649 2162 1757 2195 quam
1776 2151 1887 2183 modo
1906 2148 2164 2187 exhibebimus.

1206 2202 1317 2236 Cuius
1334 2203 1499 2235 serebant
1517 2214 1579 2235 ore
1598 2201 1856 2235 facundissimo

1207 2253 1331 2288 Musas
1350 2255 1456 2288 fuisse
1476 2253 1630 2287 libenter
1653 2266 1800 2293 usuras,
1830 2254 1941 2298 probe

1208 2305 1245 2340 Si
1265 2308 1412 2352 quando
1432 2307 1634 2340 decressent
1652 2305 1781 2339 Latine
1800 2306 1928 2340 dicere.

1203 2357 1420 2404 Nomenque
1439 2358 1522 2392 fecit
1542 2358 1752 2392 Gloriosum
1777 2357 1929 2390 Militem

1206 2409 1318 2443 Poeta
1339 2411 1494 2444 fabulae.
1549 2411 1813 2453 Argumentum
1832 2421 1873 2442 ex
1889 2408 2030 2443 servulo

1206 2460 1436 2506 Intelligetis,
1466 2462 1524 2495 ille
1545 2462 1698 2506 sumpsit
1714 2459 1781 2494 hoc
1799 2461 1866 2494 sibi
1880 2488 1888 2501 ‚

1206 2513 1254 2547 Ut
1273 2521 1398 2547 narret
1416 2514 1509 2558 ipse;
1539 2526 1623 2547 nam
1643 2513 1900 2557 crepitaculum
1921 2518 1972 2546 est
1990 2524 2141 2548 merum.

1206 2566 1314 2610 Quod
1334 2579 1408 2599 non
1427 2566 1568 2600 molesti
1584 2565 1638 2598 bis
1657 2577 1799 2604 sumus,
1828 2562 1916 2597 mihi
1935 2564 2087 2609 gratiam

1206 2617 1374 2659 bebetis,
1403 2618 1499 2651 ultro
1521 2618 1580 2663 qui
1598 2617 1741 2662 loquaci
1763 2617 1906 2650 servulo

1207 2669 1316 2704 Cessi.
1372 2670 1439 2704 Sed
1459 2682 1537 2703 ecce
1557 2669 1708 2702 Militem
1733 2669 1948 2712 delegimus,

1210 2721 1258 2755 Ut
1274 2722 1310 2755 in
1330 2720 1397 2755 hoc
1419 2722 1584 2756 iuventus
1604 2727 1728 2754 nostra
1752 2720 1917 2765 inspiciat
1935 2720 2058 2754 sedulo

1645 2771 1694 2807 50
