<?xml version="1.0" encoding="UTF-8"?>
<!DOCTYPE html PUBLIC "-//W3C//DTD XHTML 1.0 Transitional//EN"
    "http://www.w3.org/TR/xhtml1/DTD/xhtml1-transitional.dtd">
<html xmlns="http://www.w3.org/1999/xhtml" xml:lang="en" lang="en">
 <head>
  <title>
</title>
<meta http-equiv="Content-Type" content="text/html;charset=utf-8" />
  <meta name='ocr-system' content='tesseract 3.04.00' />
  <meta name='ocr-capabilities' content='ocr_page ocr_carea ocr_par ocr_line ocrx_word'/>
</head>
<body>
  <div class='ocr_page' id='page_1' title='image "./operaquaesupersu19melauoft_0265.png"; bbox 0 0 2421 3005; ppageno 0'>
   <div class='ocr_carea' id='block_1_1' title="bbox 106 65 674 106">
    <p class='ocr_par' dir='ltr' id='par_1_1' title="bbox 106 65 674 106">
     <span class='ocr_line' id='line_1_1' title="bbox 106 65 674 106; baseline -0.007 0"><span class='ocrx_word' id='word_1_1' title='bbox 106 68 182 106; x_wconf 86' lang='lat'>505</span> <span class='ocrx_word' id='word_1_2' title='bbox 583 65 674 102; x_wconf 86' lang='lat' dir='ltr'>XCI.</span> 
     </span>
    </p>
   </div>
   <div class='ocr_carea' id='block_1_2' title="bbox 727 64 1736 109">
    <p class='ocr_par' dir='ltr' id='par_1_2' title="bbox 727 64 1736 109">
     <span class='ocr_line' id='line_1_2' title="bbox 727 64 1736 109; baseline 0.009 -9"><span class='ocrx_word' id='word_1_3' title='bbox 727 64 1016 102; x_wconf 84' lang='lat' dir='ltr'><strong>ENARRATIO</strong></span> <span class='ocrx_word' id='word_1_4' title='bbox 1052 67 1537 106; x_wconf 87' lang='lat' dir='ltr'><strong>METAMORPHOSEON</strong></span> <span class='ocrx_word' id='word_1_5' title='bbox 1572 71 1736 109; x_wconf 84' lang='lat' dir='ltr'>OVIDII.</span> 
     </span>
    </p>
   </div>
   <div class='ocr_carea' id='block_1_3' title="bbox 2098 51 2175 112">
    <p class='ocr_par' dir='ltr' id='par_1_3' title="bbox 2098 51 2175 112">
     <span class='ocr_line' id='line_1_3' title="bbox 2098 51 2175 112; baseline 0.013 -1"><span class='ocrx_word' id='word_1_6' title='bbox 2098 51 2175 112; x_wconf 32' lang='lat'>5¹06</span> 
     </span>
    </p>
   </div>
   <div class='ocr_carea' id='block_1_4' title="bbox 102 153 2176 464">
    <p class='ocr_par' dir='ltr' id='par_1_4' title="bbox 102 153 2176 464">
     <span class='ocr_line' id='line_1_4' title="bbox 106 153 2175 204; baseline 0.002 -11"><span class='ocrx_word' id='word_1_7' title='bbox 106 158 215 193; x_wconf 90' lang='lat' dir='ltr'>etiam</span> <span class='ocrx_word' id='word_1_8' title='bbox 232 167 296 196; x_wconf 91' lang='lat' dir='ltr'>e0,</span> <span class='ocrx_word' id='word_1_9' title='bbox 325 155 425 201; x_wconf 93' lang='lat' dir='ltr'>quod</span> <span class='ocrx_word' id='word_1_10' title='bbox 450 167 492 189; x_wconf 83' lang='lat' dir='ltr'>ex</span> <span class='ocrx_word' id='word_1_11' title='bbox 518 154 747 190; x_wconf 81' lang='lat' dir='ltr'>sermonibus</span> <span class='ocrx_word' id='word_1_12' title='bbox 770 154 882 200; x_wconf 90' lang='lat' dir='ltr'>ipsius</span> <span class='ocrx_word' id='word_1_13' title='bbox 902 153 1115 190; x_wconf 83' lang='lat' dir='ltr'>Promethei</span> <span class='ocrx_word' id='word_1_14' title='bbox 1139 173 1144 201; x_wconf 51' lang='grc' dir='ltr'><em>ρ</em></span> <span class='ocrx_word' id='word_1_15' title='bbox 1168 157 1220 191; x_wconf 86' lang='lat' dir='ltr'>Ac</span> <span class='ocrx_word' id='word_1_16' title='bbox 1243 158 1387 192; x_wconf 87' lang='lat' dir='ltr'>videtur</span> <span class='ocrx_word' id='word_1_17' title='bbox 1412 157 1565 193; x_wconf 70' lang='lat' dir='ltr'>Ovidius</span> <span class='ocrx_word' id='word_1_18' title='bbox 1589 161 1812 204; x_wconf 82' lang='lat' dir='ltr'>praeclaram</span> <span class='ocrx_word' id='word_1_19' title='bbox 1841 160 1934 196; x_wconf 76' lang='lat' dir='ltr'>lianc</span> <span class='ocrx_word' id='word_1_20' title='bbox 1959 163 2175 198; x_wconf 78' lang='lat' dir='ltr'>sententiam</span> 
     </span>
     <span class='ocr_line' id='line_1_5' title="bbox 105 206 2175 261; baseline 0.002 -17"><span class='ocrx_word' id='word_1_21' title='bbox 105 207 245 244; x_wconf 79' lang='lat' dir='ltr'>affluxit</span> <span class='ocrx_word' id='word_1_22' title='bbox 269 208 315 241; x_wconf 91' lang='lat' dir='ltr'>ad</span> <span class='ocrx_word' id='word_1_23' title='bbox 349 214 472 252; x_wconf 86' lang='lat' dir='ltr'><strong>gentes</strong></span> <span class='ocrx_word' id='word_1_24' title='bbox 496 208 660 241; x_wconf 88' lang='lat' dir='ltr'>doctrina</span> <span class='ocrx_word' id='word_1_25' title='bbox 684 208 728 241; x_wconf 92' lang='lat' dir='ltr'>de</span> <span class='ocrx_word' id='word_1_26' title='bbox 753 208 936 242; x_wconf 77' lang='lat' dir='ltr'>creatione</span> <span class='ocrx_word' id='word_1_27' title='bbox 960 206 1114 242; x_wconf 83' lang='lat' dir='ltr'>humani</span> <span class='ocrx_word' id='word_1_28' title='bbox 1140 217 1143 227; x_wconf 69' lang='lat'><em>⁶</em></span> <span class='ocrx_word' id='word_1_29' title='bbox 1168 217 1354 245; x_wconf 90' lang='lat' dir='ltr'>mutuatus</span> <span class='ocrx_word' id='word_1_30' title='bbox 1379 223 1399 244; x_wconf 88' lang='lat' dir='ltr'>a</span> <span class='ocrx_word' id='word_1_31' title='bbox 1422 210 1473 246; x_wconf 88' lang='lat' dir='ltr'>M.</span> <span class='ocrx_word' id='word_1_32' title='bbox 1498 210 1621 245; x_wconf 87' lang='lat' dir='ltr'>Tullio</span> <span class='ocrx_word' id='word_1_33' title='bbox 1649 213 1843 255; x_wconf 84' lang='lat' dir='ltr'>Cicerone,</span> <span class='ocrx_word' id='word_1_34' title='bbox 1890 215 1953 261; x_wconf 90' lang='lat' dir='ltr'>qui</span> <span class='ocrx_word' id='word_1_35' title='bbox 1981 216 2102 260; x_wconf 91' lang='lat' dir='ltr'>primo</span> <span class='ocrx_word' id='word_1_36' title='bbox 2130 217 2175 250; x_wconf 90' lang='lat' dir='ltr'>de</span> 
     </span>
     <span class='ocr_line' id='line_1_6' title="bbox 104 259 2176 312; baseline 0.003 -17"><span class='ocrx_word' id='word_1_37' title='bbox 104 259 259 307; x_wconf 85' lang='lat' dir='ltr'>generis,</span> <span class='ocrx_word' id='word_1_38' title='bbox 280 272 412 306; x_wconf 86' lang='lat' dir='ltr'>nempe</span> <span class='ocrx_word' id='word_1_39' title='bbox 432 261 530 306; x_wconf 94' lang='lat' dir='ltr'>quod</span> <span class='ocrx_word' id='word_1_40' title='bbox 543 259 642 295; x_wconf 88' lang='lat' dir='ltr'>Deus</span> <span class='ocrx_word' id='word_1_41' title='bbox 661 261 706 294; x_wconf 90' lang='lat' dir='ltr'>ad</span> <span class='ocrx_word' id='word_1_42' title='bbox 727 260 923 305; x_wconf 81' lang='lat' dir='ltr'>imaginem</span> <span class='ocrx_word' id='word_1_43' title='bbox 941 260 996 295; x_wconf 90' lang='lat' dir='ltr'>sui</span> <span class='ocrx_word' id='word_1_44' title='bbox 1014 272 1113 294; x_wconf 87' lang='lat' dir='ltr'>crea·</span> <span class='ocrx_word' id='word_1_45' title='bbox 1140 288 1142 295; x_wconf 77' lang='grc'><strong><em>,</em></strong></span> <span class='ocrx_word' id='word_1_46' title='bbox 1166 261 1292 308; x_wconf 88' lang='lat' dir='ltr'>Legib.</span> <span class='ocrx_word' id='word_1_47' title='bbox 1311 262 1367 309; x_wconf 80' lang='lat' dir='ltr'>l²)</span> <span class='ocrx_word' id='word_1_48' title='bbox 1396 263 1445 296; x_wconf 87' lang='lat' dir='ltr'>ita</span> <span class='ocrx_word' id='word_1_49' title='bbox 1472 263 1621 298; x_wconf 83' lang='lat' dir='ltr'>scribit:</span> <span class='ocrx_word' id='word_1_50' title='bbox 1667 264 1842 310; x_wconf 75' lang='lat' dir='ltr'>Figuram</span> <span class='ocrx_word' id='word_1_51' title='bbox 1876 268 2040 312; x_wconf 88' lang='lat' dir='ltr'>corporis</span> <span class='ocrx_word' id='word_1_52' title='bbox 2071 266 2176 302; x_wconf 85' lang='lat' dir='ltr'>habi-</span> 
     </span>
     <span class='ocr_line' id='line_1_7' title="bbox 102 300 2176 370; baseline 0.003 -22"><span class='ocrx_word' id='word_1_53' title='bbox 102 314 154 349; x_wconf 76' lang='lat' dir='ltr'>rit</span> <span class='ocrx_word' id='word_1_54' title='bbox 178 311 380 349; x_wconf 77' lang='lat' dir='ltr'>hominem.</span> <span class='ocrx_word' id='word_1_55' title='bbox 432 312 645 347; x_wconf 77' lang='lat' dir='ltr'>Lactantius</span> <span class='ocrx_word' id='word_1_56' title='bbox 665 312 874 347; x_wconf 88' lang='lat' dir='ltr'>Firmianus</span> <span class='ocrx_word' id='word_1_57' title='bbox 897 319 1003 358; x_wconf 86' lang='lat' dir='ltr'>putat</span> <span class='ocrx_word' id='word_1_58' title='bbox 1022 313 1114 347; x_wconf 89' lang='lat' dir='ltr'>Pro-</span> <span class='ocrx_word' id='word_1_59' title='bbox 1139 300 1142 370; x_wconf 56' lang='grc' dir='ltr'>ι</span> <span class='ocrx_word' id='word_1_60' title='bbox 1168 314 1238 349; x_wconf 89' lang='lat' dir='ltr'>lem</span> <span class='ocrx_word' id='word_1_61' title='bbox 1262 322 1297 353; x_wconf 90' lang='lat' dir='ltr'>et</span> <span class='ocrx_word' id='word_1_62' title='bbox 1322 321 1445 361; x_wconf 90' lang='lat' dir='ltr'>aptam</span> <span class='ocrx_word' id='word_1_63' title='bbox 1473 315 1619 361; x_wconf 90' lang='lat' dir='ltr'>ingenio</span> <span class='ocrx_word' id='word_1_64' title='bbox 1647 314 1809 351; x_wconf 89' lang='lat' dir='ltr'>humano</span> <span class='ocrx_word' id='word_1_65' title='bbox 1829 319 1946 358; x_wconf 85' lang='lat' dir='ltr'>dedit;</span> <span class='ocrx_word' id='word_1_66' title='bbox 1982 332 2068 354; x_wconf 89' lang='lat' dir='ltr'>nam</span> <span class='ocrx_word' id='word_1_67' title='bbox 2094 333 2176 354; x_wconf 90' lang='lat' dir='ltr'>cum</span> 
     </span>
     <span class='ocr_line' id='line_1_8' title="bbox 102 364 1143 412; baseline -0.002 -12"><span class='ocrx_word' id='word_1_68' title='bbox 102 364 247 401; x_wconf 90' lang='lat' dir='ltr'>methea</span> <span class='ocrx_word' id='word_1_69' title='bbox 264 367 372 401; x_wconf 89' lang='lat' dir='ltr'>fuisse</span> <span class='ocrx_word' id='word_1_70' title='bbox 390 366 548 410; x_wconf 91' lang='lat' dir='ltr'>primum</span> <span class='ocrx_word' id='word_1_71' title='bbox 562 392 572 406; x_wconf 88' lang='lat'>‚</span> <span class='ocrx_word' id='word_1_72' title='bbox 600 365 663 412; x_wconf 87' lang='lat' dir='ltr'>qui</span> <span class='ocrx_word' id='word_1_73' title='bbox 679 372 815 400; x_wconf 80' lang='lat' dir='ltr'>statuas</span> <span class='ocrx_word' id='word_1_74' title='bbox 842 378 904 400; x_wconf 88' lang='lat' dir='ltr'>seu</span> <span class='ocrx_word' id='word_1_75' title='bbox 920 365 1112 399; x_wconf 86' lang='lat' dir='ltr'>simulacra</span> <span class='ocrx_word' id='word_1_76' title='bbox 1139 374 1143 410; x_wconf 56' lang='grc' dir='ltr'>ζ</span> 
     </span>
     <span class='ocr_line' id='line_1_9' title="bbox 102 413 1142 464; baseline -0.002 -10"><span class='ocrx_word' id='word_1_77' title='bbox 102 419 268 460; x_wconf 84' lang='lat' dir='ltr'>finxerit,</span> <span class='ocrx_word' id='word_1_78' title='bbox 297 431 338 453; x_wconf 91' lang='lat' dir='ltr'>ac</span> <span class='ocrx_word' id='word_1_79' title='bbox 356 417 481 453; x_wconf 87' lang='lat' dir='ltr'>scribit</span> <span class='ocrx_word' id='word_1_80' title='bbox 498 418 599 452; x_wconf 89' lang='lat' dir='ltr'>illum</span> <span class='ocrx_word' id='word_1_81' title='bbox 621 418 748 453; x_wconf 75' lang='lat' dir='ltr'>vixisse</span> <span class='ocrx_word' id='word_1_82' title='bbox 767 417 991 464; x_wconf 89' lang='lat' dir='ltr'>temporibus</span> <span class='ocrx_word' id='word_1_83' title='bbox 1007 416 1114 459; x_wconf 87' lang='lat' dir='ltr'>Iovis,</span> <span class='ocrx_word' id='word_1_84' title='bbox 1139 413 1142 445; x_wconf 64' lang='grc' dir='ltr'>ἶ</span> 
     </span>
    </p>
   </div>
   <div class='ocr_carea' id='block_1_5' title="bbox 100 470 1115 724">
    <p class='ocr_par' dir='ltr' id='par_1_5' title="bbox 100 470 1115 724">
     <span class='ocr_line' id='line_1_10' title="bbox 103 470 1114 518; baseline -0.002 -12"><span class='ocrx_word' id='word_1_85' title='bbox 103 472 236 518; x_wconf 88' lang='lat' dir='ltr'>quibus</span> <span class='ocrx_word' id='word_1_86' title='bbox 252 471 386 516; x_wconf 90' lang='lat' dir='ltr'>templa</span> <span class='ocrx_word' id='word_1_87' title='bbox 407 470 598 511; x_wconf 80' lang='lat' dir='ltr'>constitui,</span> <span class='ocrx_word' id='word_1_88' title='bbox 627 477 661 504; x_wconf 88' lang='lat' dir='ltr'>et</span> <span class='ocrx_word' id='word_1_89' title='bbox 685 471 784 504; x_wconf 83' lang='lat' dir='ltr'>idola</span> <span class='ocrx_word' id='word_1_90' title='bbox 808 471 877 504; x_wconf 92' lang='lat' dir='ltr'>coli</span> <span class='ocrx_word' id='word_1_91' title='bbox 903 476 1114 515; x_wconf 81' lang='lat' dir='ltr'>coeperunt.</span> 
     </span>
     <span class='ocr_line' id='line_1_11' title="bbox 102 522 1112 568; baseline -0.002 -10"><span class='ocrx_word' id='word_1_92' title='bbox 102 523 219 558; x_wconf 81' lang='lat' dir='ltr'>Divus</span> <span class='ocrx_word' id='word_1_93' title='bbox 244 530 366 557; x_wconf 90' lang='lat' dir='ltr'>tamen</span> <span class='ocrx_word' id='word_1_94' title='bbox 382 523 607 567; x_wconf 85' lang='lat' dir='ltr'>Augustinus</span> <span class='ocrx_word' id='word_1_95' title='bbox 632 524 792 557; x_wconf 82' lang='lat' dir='ltr'>fabulam</span> <span class='ocrx_word' id='word_1_96' title='bbox 818 522 967 568; x_wconf 81' lang='lat' dir='ltr'>exponit</span> <span class='ocrx_word' id='word_1_97' title='bbox 984 523 1112 556; x_wconf 91' lang='lat' dir='ltr'>eodem</span> 
     </span>
     <span class='ocr_line' id='line_1_12' title="bbox 101 575 1115 621; baseline -0.002 -11"><span class='ocrx_word' id='word_1_98' title='bbox 101 577 177 610; x_wconf 86' lang='lat' dir='ltr'>fere</span> <span class='ocrx_word' id='word_1_99' title='bbox 205 577 336 617; x_wconf 89' lang='lat' dir='ltr'>modo,</span> <span class='ocrx_word' id='word_1_100' title='bbox 371 587 444 621; x_wconf 92' lang='lat' dir='ltr'>quo</span> <span class='ocrx_word' id='word_1_101' title='bbox 467 587 556 615; x_wconf 87' lang='lat' dir='ltr'>nos,</span> <span class='ocrx_word' id='word_1_102' title='bbox 600 575 767 609; x_wconf 69' lang='lat' dir='ltr'>videlicet</span> <span class='ocrx_word' id='word_1_103' title='bbox 801 576 845 608; x_wconf 91' lang='lat' dir='ltr'>de</span> <span class='ocrx_word' id='word_1_104' title='bbox 874 575 1052 620; x_wconf 78' lang='lat' dir='ltr'>sapientia</span> <span class='ocrx_word' id='word_1_105' title='bbox 1080 580 1115 608; x_wconf 90' lang='lat' dir='ltr'>et</span> 
     </span>
     <span class='ocr_line' id='line_1_13' title="bbox 101 625 1114 673; baseline -0.001 -11"><span class='ocrx_word' id='word_1_106' title='bbox 101 627 292 668; x_wconf 91' lang='lat' dir='ltr'>doctrina,</span> <span class='ocrx_word' id='word_1_107' title='bbox 337 639 409 673; x_wconf 88' lang='lat' dir='ltr'>qua</span> <span class='ocrx_word' id='word_1_108' title='bbox 445 627 504 661; x_wconf 91' lang='lat' dir='ltr'>ille</span> <span class='ocrx_word' id='word_1_109' title='bbox 541 625 733 661; x_wconf 88' lang='lat' dir='ltr'>hominum</span> <span class='ocrx_word' id='word_1_110' title='bbox 771 627 913 661; x_wconf 91' lang='lat' dir='ltr'>animos</span> <span class='ocrx_word' id='word_1_111' title='bbox 947 626 1114 661; x_wconf 83' lang='lat' dir='ltr'>excoluit.</span> 
     </span>
     <span class='ocr_line' id='line_1_14' title="bbox 100 678 1114 724; baseline -0.002 -10"><span class='ocrx_word' id='word_1_112' title='bbox 100 678 154 714; x_wconf 82' lang='lat' dir='ltr'>lta</span> <span class='ocrx_word' id='word_1_113' title='bbox 172 679 268 714; x_wconf 86' lang='lat' dir='ltr'>enim</span> <span class='ocrx_word' id='word_1_114' title='bbox 287 679 411 714; x_wconf 87' lang='lat' dir='ltr'>scribit</span> <span class='ocrx_word' id='word_1_115' title='bbox 429 680 472 713; x_wconf 91' lang='lat' dir='ltr'>de</span> <span class='ocrx_word' id='word_1_116' title='bbox 489 679 634 713; x_wconf 71' lang='lat' dir='ltr'>civitate</span> <span class='ocrx_word' id='word_1_117' title='bbox 653 679 740 712; x_wconf 87' lang='lat' dir='ltr'>Dei:</span> <span class='ocrx_word' id='word_1_118' title='bbox 769 678 1022 724; x_wconf 82' lang='lat' dir='ltr'>Regnantibus</span> <span class='ocrx_word' id='word_1_119' title='bbox 1041 692 1114 712; x_wconf 92' lang='lat' dir='ltr'>me-</span> 
     </span>
    </p>
   </div>
   <div class='ocr_carea' id='block_1_6' title="bbox 1139 480 1142 559">
    <p class='ocr_par' dir='ltr' id='par_1_6' title="bbox 1139 480 1142 559">
     <span class='ocr_line' id='line_1_15' title="bbox 1140 480 1141 490; baseline 0 0"><span class='ocrx_word' id='word_1_120' title='bbox 1140 480 1141 490; x_wconf 61' lang='lat' dir='ltr'>i</span> 
     </span>
     <span class='ocr_line' id='line_1_16' title="bbox 1139 542 1142 559; baseline 0 0"><span class='ocrx_word' id='word_1_121' title='bbox 1139 542 1142 559; x_wconf 83' lang='lat' dir='ltr'>l</span> 
     </span>
    </p>
   </div>
   <div class='ocr_carea' id='block_1_7' title="bbox 99 731 1143 882">
    <p class='ocr_par' dir='ltr' id='par_1_7' title="bbox 99 731 1143 882">
     <span class='ocr_line' id='line_1_17' title="bbox 100 731 1141 778; baseline -0.002 -12"><span class='ocrx_word' id='word_1_122' title='bbox 100 732 255 766; x_wconf 88' lang='lat' dir='ltr'>moratis</span> <span class='ocrx_word' id='word_1_123' title='bbox 277 732 423 776; x_wconf 89' lang='lat' dir='ltr'>regibus</span> <span class='ocrx_word' id='word_1_124' title='bbox 444 732 552 766; x_wconf 86' lang='lat' dir='ltr'>fuisse</span> <span class='ocrx_word' id='word_1_125' title='bbox 570 744 588 765; x_wconf 83' lang='lat' dir='ltr'>a</span> <span class='ocrx_word' id='word_1_126' title='bbox 611 732 828 778; x_wconf 86' lang='lat' dir='ltr'>quibusdam</span> <span class='ocrx_word' id='word_1_127' title='bbox 848 731 1008 765; x_wconf 86' lang='lat' dir='ltr'>creditur</span> <span class='ocrx_word' id='word_1_128' title='bbox 1023 731 1114 765; x_wconf 87' lang='lat' dir='ltr'>Pro·</span> <span class='ocrx_word' id='word_1_129' title='bbox 1140 754 1141 771; x_wconf 50' lang='grc'><strong>;</strong></span> 
     </span>
     <span class='ocr_line' id='line_1_18' title="bbox 100 782 1141 830; baseline -0.002 -12"><span class='ocrx_word' id='word_1_130' title='bbox 100 782 288 825; x_wconf 88' lang='lat' dir='ltr'>metheus,</span> <span class='ocrx_word' id='word_1_131' title='bbox 332 796 441 830; x_wconf 85' lang='lat' dir='ltr'>quem</span> <span class='ocrx_word' id='word_1_132' title='bbox 473 790 667 829; x_wconf 88' lang='lat' dir='ltr'>propterea</span> <span class='ocrx_word' id='word_1_133' title='bbox 702 784 825 816; x_wconf 84' lang='lat' dir='ltr'>serunt</span> <span class='ocrx_word' id='word_1_134' title='bbox 856 784 899 816; x_wconf 90' lang='lat' dir='ltr'>de</span> <span class='ocrx_word' id='word_1_135' title='bbox 934 783 1011 817; x_wconf 90' lang='lat' dir='ltr'>luto</span> <span class='ocrx_word' id='word_1_136' title='bbox 1039 784 1114 816; x_wconf 86' lang='lat' dir='ltr'>for·</span> <span class='ocrx_word' id='word_1_137' title='bbox 1140 793 1141 797; x_wconf 59' lang='lat'>¹</span> 
     </span>
     <span class='ocr_line' id='line_1_19' title="bbox 99 834 1143 882; baseline -0.001 -12"><span class='ocrx_word' id='word_1_138' title='bbox 99 848 220 871; x_wconf 86' lang='lat' dir='ltr'>masse</span> <span class='ocrx_word' id='word_1_139' title='bbox 242 834 429 877; x_wconf 88' lang='lat' dir='ltr'>homines,</span> <span class='ocrx_word' id='word_1_140' title='bbox 468 836 552 882; x_wconf 88' lang='lat' dir='ltr'>quia</span> <span class='ocrx_word' id='word_1_141' title='bbox 581 836 740 881; x_wconf 88' lang='lat' dir='ltr'>optimus</span> <span class='ocrx_word' id='word_1_142' title='bbox 763 835 963 880; x_wconf 79' lang='lat' dir='ltr'>sapientiae</span> <span class='ocrx_word' id='word_1_143' title='bbox 985 836 1114 869; x_wconf 85' lang='lat' dir='ltr'>doctor</span> <span class='ocrx_word' id='word_1_144' title='bbox 1141 847 1143 850; x_wconf 84' lang='grc'><strong>’</strong></span> 
     </span>
    </p>
   </div>
   <div class='ocr_carea' id='block_1_8' title="bbox 100 886 1114 985">
    <p class='ocr_par' dir='ltr' id='par_1_8' title="bbox 100 886 1114 985">
     <span class='ocr_line' id='line_1_20' title="bbox 100 886 1114 934; baseline -0.002 -12"><span class='ocrx_word' id='word_1_145' title='bbox 100 888 209 923; x_wconf 84' lang='lat' dir='ltr'>fuisse</span> <span class='ocrx_word' id='word_1_146' title='bbox 238 886 464 934; x_wconf 86' lang='lat' dir='ltr'>perhibetur.</span> <span class='ocrx_word' id='word_1_147' title='bbox 539 887 621 932; x_wconf 81' lang='lat' dir='ltr'>Qua</span> <span class='ocrx_word' id='word_1_148' title='bbox 650 900 736 921; x_wconf 78' lang='lat' dir='ltr'>vero</span> <span class='ocrx_word' id='word_1_149' title='bbox 773 887 1007 932; x_wconf 74' lang='lat' dir='ltr'>providentia</span> <span class='ocrx_word' id='word_1_150' title='bbox 1032 887 1114 928; x_wconf 92' lang='lat' dir='ltr'>Dei,</span> 
     </span>
     <span class='ocr_line' id='line_1_21' title="bbox 100 938 1114 985; baseline -0.002 -10"><span class='ocrx_word' id='word_1_151' title='bbox 100 939 214 975; x_wconf 91' lang='lat' dir='ltr'>homo</span> <span class='ocrx_word' id='word_1_152' title='bbox 231 941 278 975; x_wconf 91' lang='lat' dir='ltr'>sit</span> <span class='ocrx_word' id='word_1_153' title='bbox 294 946 452 980; x_wconf 87' lang='lat' dir='ltr'>creatus,</span> <span class='ocrx_word' id='word_1_154' title='bbox 483 938 621 973; x_wconf 82' lang='lat' dir='ltr'>indicat</span> <span class='ocrx_word' id='word_1_155' title='bbox 639 939 825 985; x_wconf 86' lang='lat' dir='ltr'>aptissima</span> <span class='ocrx_word' id='word_1_156' title='bbox 843 940 1008 985; x_wconf 89' lang='lat' dir='ltr'>corporis</span> <span class='ocrx_word' id='word_1_157' title='bbox 1025 941 1114 985; x_wconf 88' lang='lat' dir='ltr'>figu-</span> 
     </span>
    </p>
   </div>
   <div class='ocr_carea' id='block_1_9' title="bbox 100 990 1143 1038">
    <p class='ocr_par' dir='ltr' id='par_1_9' title="bbox 100 990 1143 1038">
     <span class='ocr_line' id='line_1_22' title="bbox 100 990 1143 1038; baseline -0.002 -11"><span class='ocrx_word' id='word_1_158' title='bbox 100 1005 141 1027; x_wconf 82' lang='lat' dir='ltr'>ra</span> <span class='ocrx_word' id='word_1_159' title='bbox 154 1020 164 1033; x_wconf 93' lang='lat'><strong>‚</strong></span> <span class='ocrx_word' id='word_1_160' title='bbox 192 999 227 1026; x_wconf 91' lang='lat' dir='ltr'>et</span> <span class='ocrx_word' id='word_1_161' title='bbox 243 992 396 1026; x_wconf 80' lang='lat' dir='ltr'>facultas</span> <span class='ocrx_word' id='word_1_162' title='bbox 410 990 586 1032; x_wconf 82' lang='lat' dir='ltr'>rationis,</span> <span class='ocrx_word' id='word_1_163' title='bbox 614 1004 684 1038; x_wconf 84' lang='lat' dir='ltr'>qua</span> <span class='ocrx_word' id='word_1_164' title='bbox 704 992 780 1037; x_wconf 85' lang='lat' dir='ltr'>ipse</span> <span class='ocrx_word' id='word_1_165' title='bbox 797 1004 816 1025; x_wconf 84' lang='lat' dir='ltr'>a</span> <span class='ocrx_word' id='word_1_166' title='bbox 834 992 950 1026; x_wconf 81' lang='lat' dir='ltr'>brutiS</span> <span class='ocrx_word' id='word_1_167' title='bbox 974 992 1113 1030; x_wconf 81' lang='lat' dir='ltr'>differt;</span> <span class='ocrx_word' id='word_1_168' title='bbox 1141 1016 1143 1019; x_wconf 91' lang='lat'>-</span> 
     </span>
    </p>
   </div>
   <div class='ocr_carea' id='block_1_10' title="bbox 100 1042 2178 1130">
    <p class='ocr_par' dir='ltr' id='par_1_10' title="bbox 100 1042 2178 1130">
     <span class='ocr_line' id='line_1_23' title="bbox 100 1042 2064 1091; baseline -0.001 -12"><span class='ocrx_word' id='word_1_169' title='bbox 100 1056 255 1091; x_wconf 88' lang='lat' dir='ltr'>eamque</span> <span class='ocrx_word' id='word_1_170' title='bbox 283 1043 526 1077; x_wconf 85' lang='lat' dir='ltr'>differentiam</span> <span class='ocrx_word' id='word_1_171' title='bbox 549 1043 704 1078; x_wconf 79' lang='lat' dir='ltr'>Ovidius</span> <span class='ocrx_word' id='word_1_172' title='bbox 739 1044 777 1077; x_wconf 90' lang='lat' dir='ltr'>in</span> <span class='ocrx_word' id='word_1_173' title='bbox 808 1042 875 1077; x_wconf 90' lang='lat' dir='ltr'>hac</span> <span class='ocrx_word' id='word_1_174' title='bbox 906 1045 1029 1078; x_wconf 85' lang='lat' dir='ltr'>fabula</span> <span class='ocrx_word' id='word_1_175' title='bbox 1057 1057 1115 1078; x_wconf 82' lang='lat' dir='ltr'>ex-</span> <span class='ocrx_word' id='word_1_176' title='bbox 1142 1075 1143 1078; x_wconf 76' lang='grc'>,</span> <span class='ocrx_word' id='word_1_177' title='bbox 1467 1083 1474 1089; x_wconf 43' lang='grc'>,</span> <span class='ocrx_word' id='word_1_178' title='bbox 1860 1083 1868 1090; x_wconf 48' lang='grc'><em>,</em></span> <span class='ocrx_word' id='word_1_179' title='bbox 1976 1084 1984 1090; x_wconf 48' lang='lat'><strong>·</strong></span> <span class='ocrx_word' id='word_1_180' title='bbox 2056 1085 2064 1091; x_wconf 48' lang='lat'><strong>·</strong></span> 
     </span>
     <span class='ocr_line' id='line_1_24' title="bbox 1142 1082 2178 1130; baseline 0.002 -13"><span class='ocrx_word' id='word_1_181' title='bbox 1142 1126 1143 1130; x_wconf 13' lang='grc' dir='ltr'><strong>Ἰ</strong></span> <span class='ocrx_word' id='word_1_182' title='bbox 1170 1085 1213 1117; x_wconf 86' lang='lat' dir='ltr'>de</span> <span class='ocrx_word' id='word_1_183' title='bbox 1238 1082 1340 1124; x_wconf 83' lang='lat' dir='ltr'>Deo,</span> <span class='ocrx_word' id='word_1_184' title='bbox 1381 1089 1416 1116; x_wconf 89' lang='lat' dir='ltr'>et</span> <span class='ocrx_word' id='word_1_185' title='bbox 1440 1089 1535 1116; x_wconf 74' lang='lat' dir='ltr'>vitae</span> <span class='ocrx_word' id='word_1_186' title='bbox 1564 1083 1679 1127; x_wconf 88' lang='lat' dir='ltr'>leges,</span> <span class='ocrx_word' id='word_1_187' title='bbox 1716 1089 1750 1116; x_wconf 90' lang='lat' dir='ltr'>et</span> <span class='ocrx_word' id='word_1_188' title='bbox 1783 1095 1871 1116; x_wconf 86' lang='lat' dir='ltr'>anm</span> <span class='ocrx_word' id='word_1_189' title='bbox 1905 1085 2178 1119; x_wconf 81' lang='lat' dir='ltr'>ordmationem</span> 
     </span>
    </p>
   </div>
   <div class='ocr_carea' id='block_1_11' title="bbox 102 1093 1114 1420">
    <p class='ocr_par' dir='ltr' id='par_1_11' title="bbox 102 1093 1114 1420">
     <span class='ocr_line' id='line_1_25' title="bbox 102 1093 1079 1142; baseline -0.001 -11"><span class='ocrx_word' id='word_1_190' title='bbox 102 1097 214 1142; x_wconf 90' lang='lat' dir='ltr'>plicat</span> <span class='ocrx_word' id='word_1_191' title='bbox 229 1107 407 1142; x_wconf 89' lang='lat' dir='ltr'>perquam</span> <span class='ocrx_word' id='word_1_192' title='bbox 426 1096 565 1130; x_wconf 89' lang='lat' dir='ltr'>erudite</span> <span class='ocrx_word' id='word_1_193' title='bbox 582 1093 638 1130; x_wconf 84' lang='lat' dir='ltr'>his</span> <span class='ocrx_word' id='word_1_194' title='bbox 655 1096 775 1131; x_wconf 76' lang='lat' dir='ltr'>verbis</span> <span class='ocrx_word' id='word_1_195' title='bbox 805 1096 899 1139; x_wconf 78' lang='lat' dir='ltr'>(Vss.</span> <span class='ocrx_word' id='word_1_196' title='bbox 919 1095 968 1130; x_wconf 88' lang='grc'>76</span> <span class='ocrx_word' id='word_1_197' title='bbox 988 1095 1079 1142; x_wconf 89' lang='lat' dir='ltr'>sq.):</span> 
     </span>
     <span class='ocr_line' id='line_1_26' title="bbox 156 1158 1028 1202; baseline -0.002 -11"><span class='ocrx_word' id='word_1_198' title='bbox 156 1158 321 1192; x_wconf 78' lang='lat' dir='ltr'>Sanctius</span> <span class='ocrx_word' id='word_1_199' title='bbox 340 1158 396 1190; x_wconf 72' lang='lat' dir='ltr'>his</span> <span class='ocrx_word' id='word_1_200' title='bbox 408 1158 543 1190; x_wconf 65' lang='lat' dir='ltr'>animal</span> <span class='ocrx_word' id='word_1_201' title='bbox 559 1159 746 1202; x_wconf 69' lang='lat' dir='ltr'>mentisque</span> <span class='ocrx_word' id='word_1_202' title='bbox 762 1160 923 1200; x_wconf 74' lang='lat' dir='ltr'>capacius</span> <span class='ocrx_word' id='word_1_203' title='bbox 937 1158 1028 1191; x_wconf 75' lang='lat' dir='ltr'>ultae</span> 
     </span>
     <span class='ocr_line' id='line_1_27' title="bbox 156 1210 1113 1254; baseline -0.002 -11"><span class='ocrx_word' id='word_1_204' title='bbox 156 1211 287 1243; x_wconf 80' lang='lat' dir='ltr'>Deerat</span> <span class='ocrx_word' id='word_1_205' title='bbox 321 1210 430 1242; x_wconf 80' lang='lat' dir='ltr'>adhuc</span> <span class='ocrx_word' id='word_1_206' title='bbox 447 1235 456 1249; x_wconf 94' lang='lat'>,</span> <span class='ocrx_word' id='word_1_207' title='bbox 512 1215 544 1242; x_wconf 82' lang='lat' dir='ltr'>et</span> <span class='ocrx_word' id='word_1_208' title='bbox 576 1210 662 1254; x_wconf 77' lang='lat' dir='ltr'>quod</span> <span class='ocrx_word' id='word_1_209' title='bbox 699 1211 874 1243; x_wconf 68' lang='lat' dir='ltr'>dominari</span> <span class='ocrx_word' id='word_1_210' title='bbox 912 1212 947 1243; x_wconf 77' lang='grc' dir='ltr'>ἱη</span> <span class='ocrx_word' id='word_1_211' title='bbox 978 1214 1113 1243; x_wconf 75' lang='lat' dir='ltr'>caetera</span> 
     </span>
     <span class='ocr_line' id='line_1_28' title="bbox 521 1260 704 1304; baseline 0.005 -11"><span class='ocrx_word' id='word_1_212' title='bbox 521 1263 628 1304; x_wconf 74' lang='lat' dir='ltr'>possit</span> <span class='ocrx_word' id='word_1_213' title='bbox 648 1260 704 1302; x_wconf 84' lang='lat'>¹¹).</span> 
     </span>
     <span class='ocr_line' id='line_1_29' title="bbox 102 1319 1114 1365; baseline 0.004 -13"><span class='ocrx_word' id='word_1_214' title='bbox 102 1319 248 1353; x_wconf 90' lang='lat' dir='ltr'>Dicitur</span> <span class='ocrx_word' id='word_1_215' title='bbox 287 1320 385 1353; x_wconf 91' lang='lat' dir='ltr'>enim</span> <span class='ocrx_word' id='word_1_216' title='bbox 418 1327 583 1354; x_wconf 89' lang='lat' dir='ltr'>sanctum</span> <span class='ocrx_word' id='word_1_217' title='bbox 615 1327 650 1354; x_wconf 93' lang='lat' dir='ltr'>et</span> <span class='ocrx_word' id='word_1_218' title='bbox 687 1332 800 1365; x_wconf 81' lang='lat' dir='ltr'>capax</span> <span class='ocrx_word' id='word_1_219' title='bbox 834 1321 928 1355; x_wconf 89' lang='lat' dir='ltr'>altae</span> <span class='ocrx_word' id='word_1_220' title='bbox 969 1322 1114 1363; x_wconf 89' lang='lat' dir='ltr'>mentis,</span> 
     </span>
     <span class='ocr_line' id='line_1_30' title="bbox 103 1370 1113 1420; baseline 0.003 -15"><span class='ocrx_word' id='word_1_221' title='bbox 103 1371 241 1405; x_wconf 87' lang='lat' dir='ltr'>animal</span> <span class='ocrx_word' id='word_1_222' title='bbox 257 1371 437 1404; x_wconf 86' lang='lat' dir='ltr'>rationale</span> <span class='ocrx_word' id='word_1_223' title='bbox 449 1398 457 1411; x_wconf 92' lang='lat'>‚</span> <span class='ocrx_word' id='word_1_224' title='bbox 479 1370 616 1406; x_wconf 87' lang='lat' dir='ltr'>habens</span> <span class='ocrx_word' id='word_1_225' title='bbox 633 1372 856 1416; x_wconf 82' lang='lat' dir='ltr'>agnitionem</span> <span class='ocrx_word' id='word_1_226' title='bbox 875 1373 962 1412; x_wconf 87' lang='lat' dir='ltr'>Dei;</span> <span class='ocrx_word' id='word_1_227' title='bbox 989 1380 1113 1420; x_wconf 90' lang='lat' dir='ltr'>estque</span> 
     </span>
    </p>
   </div>
   <div class='ocr_carea' id='block_1_12' title="bbox 1167 367 2180 1075">
    <p class='ocr_par' dir='ltr' id='par_1_12' title="bbox 1167 367 2180 662">
     <span class='ocr_line' id='line_1_31' title="bbox 1168 367 2177 416; baseline 0.006 -16"><span class='ocrx_word' id='word_1_228' title='bbox 1168 372 1328 402; x_wconf 88' lang='lat' dir='ltr'>caeteros</span> <span class='ocrx_word' id='word_1_229' title='bbox 1358 367 1560 403; x_wconf 86' lang='lat' dir='ltr'>animantes</span> <span class='ocrx_word' id='word_1_230' title='bbox 1585 368 1771 404; x_wconf 89' lang='lat' dir='ltr'>abiecisset</span> <span class='ocrx_word' id='word_1_231' title='bbox 1795 371 1840 404; x_wconf 90' lang='lat' dir='ltr'>ad</span> <span class='ocrx_word' id='word_1_232' title='bbox 1866 378 2030 416; x_wconf 86' lang='lat' dir='ltr'>pastum,</span> <span class='ocrx_word' id='word_1_233' title='bbox 2058 373 2177 406; x_wconf 89' lang='lat' dir='ltr'>solum</span> 
     </span>
     <span class='ocr_line' id='line_1_32' title="bbox 1167 417 2179 468; baseline 0.006 -16"><span class='ocrx_word' id='word_1_234' title='bbox 1167 417 1355 453; x_wconf 87' lang='lat' dir='ltr'>hominem</span> <span class='ocrx_word' id='word_1_235' title='bbox 1374 421 1506 462; x_wconf 82' lang='lat' dir='ltr'>crexit,</span> <span class='ocrx_word' id='word_1_236' title='bbox 1529 428 1563 454; x_wconf 89' lang='lat' dir='ltr'>et</span> <span class='ocrx_word' id='word_1_237' title='bbox 1578 422 1623 455; x_wconf 91' lang='lat' dir='ltr'>ad</span> <span class='ocrx_word' id='word_1_238' title='bbox 1640 423 1731 456; x_wconf 90' lang='lat' dir='ltr'>coeli</span> <span class='ocrx_word' id='word_1_239' title='bbox 1748 423 1852 468; x_wconf 87' lang='lat' dir='ltr'>quasi</span> <span class='ocrx_word' id='word_1_240' title='bbox 1870 423 2096 468; x_wconf 80' lang='lat' dir='ltr'>cognationis</span> <span class='ocrx_word' id='word_1_241' title='bbox 2113 425 2179 458; x_wconf 94' lang='lat' dir='ltr'>do-</span> 
     </span>
     <span class='ocr_line' id='line_1_33' title="bbox 1167 472 2177 519; baseline 0.006 -15"><span class='ocrx_word' id='word_1_242' title='bbox 1167 472 1367 518; x_wconf 88' lang='lat' dir='ltr'>miciliique</span> <span class='ocrx_word' id='word_1_243' title='bbox 1384 473 1528 518; x_wconf 83' lang='lat' dir='ltr'>pristini</span> <span class='ocrx_word' id='word_1_244' title='bbox 1547 481 1779 519; x_wconf 87' lang='lat' dir='ltr'>conspectum</span> <span class='ocrx_word' id='word_1_245' title='bbox 1801 476 1981 510; x_wconf 85' lang='lat' dir='ltr'>excitavit.</span> <span class='ocrx_word' id='word_1_246' title='bbox 2010 475 2177 510; x_wconf 83' lang='lat' dir='ltr'>Eandem</span> 
     </span>
     <span class='ocr_line' id='line_1_34' title="bbox 1168 525 2180 573; baseline 0.004 -16"><span class='ocrx_word' id='word_1_247' title='bbox 1168 537 1255 557; x_wconf 77' lang='lat' dir='ltr'>vero</span> <span class='ocrx_word' id='word_1_248' title='bbox 1275 526 1491 558; x_wconf 86' lang='lat' dir='ltr'>sententiam</span> <span class='ocrx_word' id='word_1_249' title='bbox 1511 525 1619 560; x_wconf 83' lang='lat' dir='ltr'>Silius</span> <span class='ocrx_word' id='word_1_250' title='bbox 1639 525 1784 561; x_wconf 88' lang='lat' dir='ltr'>Italicus</span> <span class='ocrx_word' id='word_1_251' title='bbox 1802 526 1871 573; x_wconf 71' lang='lat'>¹²⁸)</span> <span class='ocrx_word' id='word_1_252' title='bbox 1890 527 2072 568; x_wconf 88' lang='lat' dir='ltr'>imitatus,</span> <span class='ocrx_word' id='word_1_253' title='bbox 2099 529 2180 562; x_wconf 89' lang='lat' dir='ltr'>red-</span> 
     </span>
     <span class='ocr_line' id='line_1_35' title="bbox 1167 574 2177 625; baseline 0.006 -16"><span class='ocrx_word' id='word_1_254' title='bbox 1167 577 1260 609; x_wconf 86' lang='lat' dir='ltr'>didit</span> <span class='ocrx_word' id='word_1_255' title='bbox 1276 574 1332 611; x_wconf 87' lang='lat' dir='ltr'>his</span> <span class='ocrx_word' id='word_1_256' title='bbox 1352 577 1534 618; x_wconf 72' lang='lat' dir='ltr'>versibus,</span> <span class='ocrx_word' id='word_1_257' title='bbox 1559 578 1664 613; x_wconf 90' lang='lat' dir='ltr'>bonis</span> <span class='ocrx_word' id='word_1_258' title='bbox 1690 579 1858 625; x_wconf 86' lang='lat' dir='ltr'>quidem,</span> <span class='ocrx_word' id='word_1_259' title='bbox 1887 581 1949 614; x_wconf 91' lang='lat' dir='ltr'>sed</span> <span class='ocrx_word' id='word_1_260' title='bbox 1974 580 2082 625; x_wconf 87' lang='lat' dir='ltr'>longe</span> <span class='ocrx_word' id='word_1_261' title='bbox 2106 580 2177 615; x_wconf 87' lang='lat' dir='ltr'>dis—</span> 
     </span>
     <span class='ocr_line' id='line_1_36' title="bbox 1168 628 1363 662; baseline -0.005 0"><span class='ocrx_word' id='word_1_262' title='bbox 1168 628 1363 662; x_wconf 86' lang='lat' dir='ltr'>similibus:</span> 
     </span>
    </p>

    <p class='ocr_par' dir='ltr' id='par_1_13' title="bbox 1221 705 2043 735">
     <span class='ocr_line' id='line_1_37' title="bbox 1221 705 2043 735; baseline 0.002 -5"><span class='ocrx_word' id='word_1_263' title='bbox 1221 707 1321 730; x_wconf 76' lang='lat' dir='ltr'>Nonne</span> <span class='ocrx_word' id='word_1_264' title='bbox 1340 705 1435 735; x_wconf 77' lang='lat' dir='ltr'>vides,</span> <span class='ocrx_word' id='word_1_265' title='bbox 1457 706 1594 730; x_wconf 83' lang='lat' dir='ltr'>hominum</span> <span class='ocrx_word' id='word_1_266' title='bbox 1614 708 1643 730; x_wconf 85' lang='lat' dir='ltr'>ut</span> <span class='ocrx_word' id='word_1_267' title='bbox 1663 709 1756 731; x_wconf 85' lang='lat' dir='ltr'>celsos</span> <span class='ocrx_word' id='word_1_268' title='bbox 1776 708 1811 732; x_wconf 88' lang='lat' dir='ltr'>ad</span> <span class='ocrx_word' id='word_1_269' title='bbox 1832 708 1927 732; x_wconf 81' lang='lat' dir='ltr'>sidera</span> <span class='ocrx_word' id='word_1_270' title='bbox 1947 708 2043 732; x_wconf 83' lang='lat' dir='ltr'>vultus</span> 
     </span>
    </p>

    <p class='ocr_par' dir='ltr' id='par_1_14' title="bbox 1220 740 1911 767">
     <span class='ocr_line' id='line_1_38' title="bbox 1220 740 1911 767; baseline 0.003 -2"><span class='ocrx_word' id='word_1_271' title='bbox 1220 741 1376 765; x_wconf 72' lang='lat' dir='ltr'>Sustulerit</span> <span class='ocrx_word' id='word_1_272' title='bbox 1400 741 1488 766; x_wconf 74' lang='lat' dir='ltr'>Deus.</span> <span class='ocrx_word' id='word_1_273' title='bbox 1508 748 1540 765; x_wconf 72' lang='lat' dir='ltr'>au</span> <span class='ocrx_word' id='word_1_274' title='bbox 1561 742 1689 766; x_wconf 79' lang='lat' dir='ltr'>sublimia</span> <span class='ocrx_word' id='word_1_275' title='bbox 1708 743 1822 766; x_wconf 80' lang='lat' dir='ltr'>finxerit</span> <span class='ocrx_word' id='word_1_276' title='bbox 1840 740 1911 767; x_wconf 65' lang='lat' dir='ltr'>ora?</span> 
     </span>
    </p>

    <p class='ocr_par' dir='ltr' id='par_1_15' title="bbox 1168 776 2180 1075">
     <span class='ocr_line' id='line_1_39' title="bbox 1221 776 2114 808; baseline 0.002 -8"><span class='ocrx_word' id='word_1_277' title='bbox 1221 776 1290 800; x_wconf 86' lang='lat' dir='ltr'>Cum</span> <span class='ocrx_word' id='word_1_278' title='bbox 1309 776 1446 806; x_wconf 77' lang='lat' dir='ltr'>pecudes,</span> <span class='ocrx_word' id='word_1_279' title='bbox 1468 777 1666 807; x_wconf 77' lang='lat' dir='ltr'>volucrumque</span> <span class='ocrx_word' id='word_1_280' title='bbox 1685 784 1789 807; x_wconf 72' lang='lat' dir='ltr'>genuS.</span> <span class='ocrx_word' id='word_1_281' title='bbox 1810 778 1970 808; x_wconf 82' lang='lat' dir='ltr'>formasque</span> <span class='ocrx_word' id='word_1_282' title='bbox 1989 778 2114 802; x_wconf 84' lang='lat' dir='ltr'>ferarum</span> 
     </span>
     <span class='ocr_line' id='line_1_40' title="bbox 1220 812 2107 842; baseline 0.002 -7"><span class='ocrx_word' id='word_1_283' title='bbox 1220 813 1341 842; x_wconf 70' lang='lat' dir='ltr'>segnem</span> <span class='ocrx_word' id='word_1_284' title='bbox 1360 813 1442 841; x_wconf 82' lang='lat' dir='ltr'>atque</span> <span class='ocrx_word' id='word_1_285' title='bbox 1461 812 1631 836; x_wconf 82' lang='lat' dir='ltr'>obscoenam</span> <span class='ocrx_word' id='word_1_286' title='bbox 1653 812 1759 841; x_wconf 71' lang='lat' dir='ltr'>passim</span> <span class='ocrx_word' id='word_1_287' title='bbox 1779 813 1934 836; x_wconf 81' lang='lat' dir='ltr'>stravisset</span> <span class='ocrx_word' id='word_1_288' title='bbox 1955 813 1982 836; x_wconf 83' lang='lat' dir='ltr'>in</span> <span class='ocrx_word' id='word_1_289' title='bbox 2003 814 2107 837; x_wconf 83' lang='lat' dir='ltr'>alvum.</span> 
     </span>
     <span class='ocr_line' id='line_1_41' title="bbox 1168 871 2180 920; baseline 0.002 -12"><span class='ocrx_word' id='word_1_290' title='bbox 1168 874 1286 908; x_wconf 88' lang='lat' dir='ltr'>Porro</span> <span class='ocrx_word' id='word_1_291' title='bbox 1312 875 1411 920; x_wconf 91' lang='lat' dir='ltr'>quod</span> <span class='ocrx_word' id='word_1_292' title='bbox 1434 871 1674 908; x_wconf 85' lang='lat' dir='ltr'>Prometheus</span> <span class='ocrx_word' id='word_1_293' title='bbox 1709 875 1857 919; x_wconf 88' lang='lat' dir='ltr'>fingitur</span> <span class='ocrx_word' id='word_1_294' title='bbox 1884 875 2018 908; x_wconf 82' lang='lat' dir='ltr'>auxilio</span> <span class='ocrx_word' id='word_1_295' title='bbox 2042 876 2180 910; x_wconf 83' lang='lat' dir='ltr'>Miner-</span> 
     </span>
     <span class='ocr_line' id='line_1_42' title="bbox 1168 926 2179 971; baseline 0.003 -12"><span class='ocrx_word' id='word_1_296' title='bbox 1168 939 1234 960; x_wconf 90' lang='lat' dir='ltr'>vae</span> <span class='ocrx_word' id='word_1_297' title='bbox 1251 926 1290 959; x_wconf 92' lang='lat' dir='ltr'>in</span> <span class='ocrx_word' id='word_1_298' title='bbox 1308 926 1449 960; x_wconf 90' lang='lat' dir='ltr'>coelum</span> <span class='ocrx_word' id='word_1_299' title='bbox 1469 926 1668 960; x_wconf 87' lang='lat' dir='ltr'>ascendisse</span> <span class='ocrx_word' id='word_1_300' title='bbox 1680 953 1689 967; x_wconf 87' lang='lat'>,</span> <span class='ocrx_word' id='word_1_301' title='bbox 1718 933 1753 960; x_wconf 90' lang='lat' dir='ltr'>et</span> <span class='ocrx_word' id='word_1_302' title='bbox 1770 927 1891 971; x_wconf 84' lang='lat' dir='ltr'>ignem</span> <span class='ocrx_word' id='word_1_303' title='bbox 1917 927 2033 961; x_wconf 82' lang='lat' dir='ltr'>facula</span> <span class='ocrx_word' id='word_1_304' title='bbox 2062 934 2179 962; x_wconf 90' lang='lat' dir='ltr'>sustu-</span> 
     </span>
     <span class='ocr_line' id='line_1_43' title="bbox 1168 976 2180 1024; baseline 0.002 -12"><span class='ocrx_word' id='word_1_305' title='bbox 1168 979 1249 1013; x_wconf 90' lang='lat' dir='ltr'>lisse</span> <span class='ocrx_word' id='word_1_306' title='bbox 1282 979 1326 1012; x_wconf 83' lang='lat' dir='ltr'>de</span> <span class='ocrx_word' id='word_1_307' title='bbox 1359 985 1438 1012; x_wconf 90' lang='lat' dir='ltr'>rota</span> <span class='ocrx_word' id='word_1_308' title='bbox 1467 978 1572 1019; x_wconf 83' lang='lat' dir='ltr'>solis,</span> <span class='ocrx_word' id='word_1_309' title='bbox 1617 991 1689 1024; x_wconf 91' lang='lat' dir='ltr'>quo</span> <span class='ocrx_word' id='word_1_310' title='bbox 1714 978 1795 1023; x_wconf 84' lang='lat' dir='ltr'>igne</span> <span class='ocrx_word' id='word_1_311' title='bbox 1828 976 1996 1013; x_wconf 87' lang='lat' dir='ltr'>homines</span> <span class='ocrx_word' id='word_1_312' title='bbox 2027 980 2180 1014; x_wconf 86' lang='lat' dir='ltr'>animati</span> 
     </span>
     <span class='ocr_line' id='line_1_44' title="bbox 1169 1031 2178 1075; baseline 0.001 -10"><span class='ocrx_word' id='word_1_313' title='bbox 1169 1031 1258 1065; x_wconf 89' lang='lat' dir='ltr'>sint:</span> <span class='ocrx_word' id='word_1_314' title='bbox 1294 1043 1336 1065; x_wconf 91' lang='lat' dir='ltr'>eo</span> <span class='ocrx_word' id='word_1_315' title='bbox 1364 1031 1605 1075; x_wconf 87' lang='lat' dir='ltr'>significatum</span> <span class='ocrx_word' id='word_1_316' title='bbox 1635 1031 1815 1072; x_wconf 88' lang='lat' dir='ltr'>arbitror,</span> <span class='ocrx_word' id='word_1_317' title='bbox 1859 1043 1941 1065; x_wconf 88' lang='lat' dir='ltr'>eum</span> <span class='ocrx_word' id='word_1_318' title='bbox 1970 1032 2178 1066; x_wconf 88' lang='lat' dir='ltr'>doctrinam</span> 
     </span>
    </p>
   </div>
   <div class='ocr_carea' id='block_1_13' title="bbox 1169 1134 2183 1228">
    <p class='ocr_par' dir='ltr' id='par_1_16' title="bbox 1169 1134 2183 1228">
     <span class='ocr_line' id='line_1_45' title="bbox 1169 1134 2183 1182; baseline 0.002 -13"><span class='ocrx_word' id='word_1_319' title='bbox 1169 1136 1292 1170; x_wconf 88' lang='lat' dir='ltr'>multis</span> <span class='ocrx_word' id='word_1_320' title='bbox 1308 1135 1452 1180; x_wconf 90' lang='lat' dir='ltr'>populis</span> <span class='ocrx_word' id='word_1_321' title='bbox 1468 1134 1673 1176; x_wconf 87' lang='lat' dir='ltr'>tradidisse,</span> <span class='ocrx_word' id='word_1_322' title='bbox 1700 1141 1740 1169; x_wconf 94' lang='lat' dir='ltr'>ut</span> <span class='ocrx_word' id='word_1_323' title='bbox 1755 1135 1851 1169; x_wconf 89' lang='lat' dir='ltr'>lutea</span> <span class='ocrx_word' id='word_1_324' title='bbox 1870 1148 1996 1170; x_wconf 90' lang='lat' dir='ltr'>eorum</span> <span class='ocrx_word' id='word_1_325' title='bbox 2014 1149 2183 1182; x_wconf 88' lang='lat' dir='ltr'>corpora,</span> 
     </span>
     <span class='ocr_line' id='line_1_46' title="bbox 1169 1185 2181 1228; baseline 0.002 -7"><span class='ocrx_word' id='word_1_326' title='bbox 1169 1186 1238 1222; x_wconf 90' lang='lat' dir='ltr'>hoc</span> <span class='ocrx_word' id='word_1_327' title='bbox 1256 1194 1328 1228; x_wconf 87' lang='lat' dir='ltr'>est,</span> <span class='ocrx_word' id='word_1_328' title='bbox 1357 1188 1465 1221; x_wconf 91' lang='lat' dir='ltr'>rudes</span> <span class='ocrx_word' id='word_1_329' title='bbox 1484 1187 1612 1228; x_wconf 88' lang='lat' dir='ltr'>animi,</span> <span class='ocrx_word' id='word_1_330' title='bbox 1639 1185 1800 1222; x_wconf 84' lang='lat' dir='ltr'>honestis</span> <span class='ocrx_word' id='word_1_331' title='bbox 1820 1188 1957 1223; x_wconf 89' lang='lat' dir='ltr'>artibus</span> <span class='ocrx_word' id='word_1_332' title='bbox 1975 1190 2181 1223; x_wconf 87' lang='lat' dir='ltr'>excoleren-</span> 
     </span>
    </p>
   </div>
   <div class='ocr_carea' id='block_1_14' title="bbox 1140 1239 2182 1391">
    <p class='ocr_par' dir='ltr' id='par_1_17' title="bbox 1140 1239 2182 1391">
     <span class='ocr_line' id='line_1_47' title="bbox 1141 1239 2180 1285; baseline 0.002 -11"><span class='ocrx_word' id='word_1_333' title='bbox 1141 1248 1143 1283; x_wconf 78' lang='lat' dir='ltr'><strong>j</strong></span> <span class='ocrx_word' id='word_1_334' title='bbox 1169 1247 1240 1275; x_wconf 89' lang='lat' dir='ltr'>tur.</span> <span class='ocrx_word' id='word_1_335' title='bbox 1274 1239 1360 1274; x_wconf 77' lang='lat' dir='ltr'>Fuit</span> <span class='ocrx_word' id='word_1_336' title='bbox 1377 1240 1474 1273; x_wconf 89' lang='lat' dir='ltr'>enim</span> <span class='ocrx_word' id='word_1_337' title='bbox 1494 1246 1726 1275; x_wconf 84' lang='lat' dir='ltr'>astronomus</span> <span class='ocrx_word' id='word_1_338' title='bbox 1742 1252 1806 1274; x_wconf 91' lang='lat' dir='ltr'>suo</span> <span class='ocrx_word' id='word_1_339' title='bbox 1828 1246 1993 1285; x_wconf 87' lang='lat' dir='ltr'>tempore</span> <span class='ocrx_word' id='word_1_340' title='bbox 2014 1242 2180 1276; x_wconf 89' lang='lat' dir='ltr'>omnium</span> 
     </span>
     <span class='ocr_line' id='line_1_48' title="bbox 1142 1291 2181 1339; baseline 0.002 -13"><span class='ocrx_word' id='word_1_341' title='bbox 1142 1294 1144 1316; x_wconf 52' lang='grc' dir='ltr'><strong><em>ἴ</em></strong></span> <span class='ocrx_word' id='word_1_342' title='bbox 1170 1292 1428 1337; x_wconf 85' lang='lat' dir='ltr'>peritissimus,</span> <span class='ocrx_word' id='word_1_343' title='bbox 1455 1298 1544 1326; x_wconf 89' lang='lat' dir='ltr'>teste</span> <span class='ocrx_word' id='word_1_344' title='bbox 1562 1291 1708 1331; x_wconf 83' lang='lat' dir='ltr'>Servio;</span> <span class='ocrx_word' id='word_1_345' title='bbox 1736 1305 1777 1325; x_wconf 89' lang='lat' dir='ltr'>ac</span> <span class='ocrx_word' id='word_1_346' title='bbox 1802 1293 1979 1339; x_wconf 89' lang='lat' dir='ltr'>quoniam</span> <span class='ocrx_word' id='word_1_347' title='bbox 2004 1294 2118 1327; x_wconf 86' lang='lat' dir='ltr'>fertur</span> <span class='ocrx_word' id='word_1_348' title='bbox 2142 1294 2181 1328; x_wconf 87' lang='lat' dir='ltr'>in</span> 
     </span>
     <span class='ocr_line' id='line_1_49' title="bbox 1140 1344 2182 1391; baseline 0.003 -14"><span class='ocrx_word' id='word_1_349' title='bbox 1140 1363 1142 1366; x_wconf 47' lang='lat'><em>⁴</em></span> <span class='ocrx_word' id='word_1_350' title='bbox 1170 1344 1331 1378; x_wconf 79' lang='lat' dir='ltr'>Caucaso</span> <span class='ocrx_word' id='word_1_351' title='bbox 1358 1351 1502 1385; x_wconf 86' lang='lat' dir='ltr'>monte,</span> <span class='ocrx_word' id='word_1_352' title='bbox 1537 1345 1691 1391; x_wconf 89' lang='lat' dir='ltr'>Aquilae</span> <span class='ocrx_word' id='word_1_353' title='bbox 1715 1345 1809 1389; x_wconf 88' lang='lat' dir='ltr'>signi</span> <span class='ocrx_word' id='word_1_354' title='bbox 1833 1345 1996 1380; x_wconf 89' lang='lat' dir='ltr'>coelestis</span> <span class='ocrx_word' id='word_1_355' title='bbox 2022 1358 2182 1388; x_wconf 90' lang='lat' dir='ltr'>causam,</span> 
     </span>
    </p>
   </div>
   <div class='ocr_carea' id='block_1_15' title="bbox 103 1421 1141 1468">
    <p class='ocr_par' dir='ltr' id='par_1_18' title="bbox 103 1421 1141 1468">
     <span class='ocr_line' id='line_1_50' title="bbox 103 1421 1141 1468; baseline 0.001 -10"><span class='ocrx_word' id='word_1_356' title='bbox 103 1424 201 1458; x_wconf 90' lang='lat' dir='ltr'>solus</span> <span class='ocrx_word' id='word_1_357' title='bbox 217 1421 330 1457; x_wconf 90' lang='lat' dir='ltr'>homo</span> <span class='ocrx_word' id='word_1_358' title='bbox 349 1423 529 1468; x_wconf 89' lang='lat' dir='ltr'>particeps</span> <span class='ocrx_word' id='word_1_359' title='bbox 547 1423 721 1465; x_wconf 86' lang='lat' dir='ltr'>rationis,</span> <span class='ocrx_word' id='word_1_360' title='bbox 751 1425 852 1459; x_wconf 90' lang='lat' dir='ltr'>cuius</span> <span class='ocrx_word' id='word_1_361' title='bbox 870 1432 1011 1459; x_wconf 84' lang='lat' dir='ltr'>caetera</span> <span class='ocrx_word' id='word_1_362' title='bbox 1037 1426 1114 1459; x_wconf 90' lang='lat' dir='ltr'>ani-</span> <span class='ocrx_word' id='word_1_363' title='bbox 1140 1445 1141 1448; x_wconf 67' lang='lat'><em>=</em></span> 
     </span>
    </p>
   </div>
   <div class='ocr_carea' id='block_1_16' title="bbox 102 1475 1113 1570">
    <p class='ocr_par' dir='ltr' id='par_1_19' title="bbox 102 1475 1113 1570">
     <span class='ocr_line' id='line_1_51' title="bbox 102 1475 1113 1523; baseline 0.002 -13"><span class='ocrx_word' id='word_1_364' title='bbox 102 1475 213 1510; x_wconf 88' lang='lat' dir='ltr'>malia</span> <span class='ocrx_word' id='word_1_365' title='bbox 229 1475 352 1509; x_wconf 85' lang='lat' dir='ltr'>omnia</span> <span class='ocrx_word' id='word_1_366' title='bbox 373 1481 457 1510; x_wconf 89' lang='lat' dir='ltr'>sunt</span> <span class='ocrx_word' id='word_1_367' title='bbox 475 1476 648 1521; x_wconf 83' lang='lat' dir='ltr'>expertia.</span> <span class='ocrx_word' id='word_1_368' title='bbox 700 1476 827 1523; x_wconf 88' lang='lat' dir='ltr'>Neque</span> <span class='ocrx_word' id='word_1_369' title='bbox 854 1478 952 1512; x_wconf 89' lang='lat' dir='ltr'>aliud</span> <span class='ocrx_word' id='word_1_370' title='bbox 979 1478 1113 1523; x_wconf 87' lang='lat' dir='ltr'>signifi-</span> 
     </span>
     <span class='ocr_line' id='line_1_52' title="bbox 102 1525 1113 1570; baseline 0.002 -8"><span class='ocrx_word' id='word_1_371' title='bbox 102 1534 161 1562; x_wconf 86' lang='lat' dir='ltr'>cat</span> <span class='ocrx_word' id='word_1_372' title='bbox 177 1525 344 1561; x_wconf 90' lang='lat' dir='ltr'>hocloco</span> <span class='ocrx_word' id='word_1_373' title='bbox 360 1540 462 1562; x_wconf 90' lang='lat' dir='ltr'>mens</span> <span class='ocrx_word' id='word_1_374' title='bbox 478 1529 548 1562; x_wconf 87' lang='lat' dir='ltr'>alta</span> <span class='ocrx_word' id='word_1_375' title='bbox 562 1556 572 1570; x_wconf 90' lang='lat'>‚</span> <span class='ocrx_word' id='word_1_376' title='bbox 599 1528 671 1562; x_wconf 89' lang='lat' dir='ltr'>nisi</span> <span class='ocrx_word' id='word_1_377' title='bbox 693 1529 874 1563; x_wconf 89' lang='lat' dir='ltr'>rationem</span> <span class='ocrx_word' id='word_1_378' title='bbox 894 1531 1025 1564; x_wconf 88' lang='lat' dir='ltr'>notitia</span> <span class='ocrx_word' id='word_1_379' title='bbox 1043 1530 1113 1564; x_wconf 89' lang='lat' dir='ltr'>Dei</span> 
     </span>
    </p>
   </div>
   <div class='ocr_carea' id='block_1_17' title="bbox 101 1580 1140 1627">
    <p class='ocr_par' dir='ltr' id='par_1_20' title="bbox 101 1580 1140 1627">
     <span class='ocr_line' id='line_1_53' title="bbox 101 1580 1140 1627; baseline 0.003 -13"><span class='ocrx_word' id='word_1_380' title='bbox 101 1587 137 1614; x_wconf 91' lang='lat' dir='ltr'>et</span> <span class='ocrx_word' id='word_1_381' title='bbox 151 1580 240 1625; x_wconf 90' lang='lat' dir='ltr'>legis</span> <span class='ocrx_word' id='word_1_382' title='bbox 263 1586 439 1621; x_wconf 85' lang='lat' dir='ltr'>naturae,</span> <span class='ocrx_word' id='word_1_383' title='bbox 468 1592 561 1626; x_wconf 89' lang='lat' dir='ltr'>quae</span> <span class='ocrx_word' id='word_1_384' title='bbox 586 1587 638 1615; x_wconf 90' lang='lat' dir='ltr'>est</span> <span class='ocrx_word' id='word_1_385' title='bbox 664 1581 789 1616; x_wconf 88' lang='lat' dir='ltr'>radius</span> <span class='ocrx_word' id='word_1_386' title='bbox 813 1582 1014 1627; x_wconf 87' lang='lat' dir='ltr'>sapientiae</span> <span class='ocrx_word' id='word_1_387' title='bbox 1031 1583 1113 1624; x_wconf 86' lang='lat' dir='ltr'>Dei,</span> <span class='ocrx_word' id='word_1_388' title='bbox 1139 1595 1140 1603; x_wconf 61' lang='lat'>¹</span> 
     </span>
    </p>
   </div>
   <div class='ocr_carea' id='block_1_18' title="bbox 99 1630 1112 1991">
    <p class='ocr_par' dir='ltr' id='par_1_21' title="bbox 99 1630 1112 1991">
     <span class='ocr_line' id='line_1_54' title="bbox 99 1630 1112 1680; baseline 0.005 -15"><span class='ocrx_word' id='word_1_389' title='bbox 99 1632 334 1666; x_wconf 85' lang='lat' dir='ltr'>illustratam.</span> <span class='ocrx_word' id='word_1_390' title='bbox 372 1630 424 1664; x_wconf 87' lang='lat' dir='ltr'>Ac</span> <span class='ocrx_word' id='word_1_391' title='bbox 442 1633 564 1665; x_wconf 90' lang='lat' dir='ltr'>omnia</span> <span class='ocrx_word' id='word_1_392' title='bbox 580 1630 687 1667; x_wconf 93' lang='lat' dir='ltr'>huius</span> <span class='ocrx_word' id='word_1_393' title='bbox 705 1634 836 1668; x_wconf 89' lang='lat' dir='ltr'>mentis</span> <span class='ocrx_word' id='word_1_394' title='bbox 852 1635 1007 1680; x_wconf 88' lang='lat' dir='ltr'>imperio</span> <span class='ocrx_word' id='word_1_395' title='bbox 1029 1636 1112 1670; x_wconf 88' lang='lat' dir='ltr'>sub-</span> 
     </span>
     <span class='ocr_line' id='line_1_55' title="bbox 100 1682 1110 1732; baseline 0.004 -14"><span class='ocrx_word' id='word_1_396' title='bbox 100 1684 192 1718; x_wconf 83' lang='lat' dir='ltr'>iecta</span> <span class='ocrx_word' id='word_1_397' title='bbox 219 1690 316 1717; x_wconf 90' lang='lat' dir='ltr'>sunt.</span> <span class='ocrx_word' id='word_1_398' title='bbox 369 1682 464 1717; x_wconf 89' lang='lat' dir='ltr'>Nam</span> <span class='ocrx_word' id='word_1_399' title='bbox 491 1684 557 1718; x_wconf 92' lang='lat' dir='ltr'>etsi</span> <span class='ocrx_word' id='word_1_400' title='bbox 581 1685 695 1718; x_wconf 87' lang='lat' dir='ltr'>multa</span> <span class='ocrx_word' id='word_1_401' title='bbox 721 1686 962 1721; x_wconf 90' lang='lat' dir='ltr'>animantium</span> <span class='ocrx_word' id='word_1_402' title='bbox 979 1700 1110 1732; x_wconf 89' lang='lat' dir='ltr'>genera</span> 
     </span>
     <span class='ocr_line' id='line_1_56' title="bbox 102 1735 1110 1785; baseline 0.003 -15"><span class='ocrx_word' id='word_1_403' title='bbox 102 1742 139 1770; x_wconf 85' lang='lat' dir='ltr'>et</span> <span class='ocrx_word' id='word_1_404' title='bbox 159 1735 254 1769; x_wconf 90' lang='lat' dir='ltr'>mole</span> <span class='ocrx_word' id='word_1_405' title='bbox 281 1742 316 1769; x_wconf 91' lang='lat' dir='ltr'>et</span> <span class='ocrx_word' id='word_1_406' title='bbox 331 1735 464 1769; x_wconf 92' lang='lat' dir='ltr'>robore</span> <span class='ocrx_word' id='word_1_407' title='bbox 484 1736 648 1781; x_wconf 89' lang='lat' dir='ltr'>corporis</span> <span class='ocrx_word' id='word_1_408' title='bbox 672 1744 859 1781; x_wconf 87' lang='lat' dir='ltr'>praestant</span> <span class='ocrx_word' id='word_1_409' title='bbox 884 1743 994 1785; x_wconf 88' lang='lat' dir='ltr'>(quae</span> <span class='ocrx_word' id='word_1_410' title='bbox 1013 1741 1110 1773; x_wconf 91' lang='lat' dir='ltr'>enim</span> 
     </span>
     <span class='ocr_line' id='line_1_57' title="bbox 100 1786 1111 1832; baseline 0.003 -10"><span class='ocrx_word' id='word_1_411' title='bbox 100 1786 262 1822; x_wconf 87' lang='lat' dir='ltr'>hominis</span> <span class='ocrx_word' id='word_1_412' title='bbox 280 1787 508 1832; x_wconf 88' lang='lat' dir='ltr'>comparatio</span> <span class='ocrx_word' id='word_1_413' title='bbox 526 1789 584 1821; x_wconf 79' lang='lat' dir='ltr'>vel</span> <span class='ocrx_word' id='word_1_414' title='bbox 599 1790 644 1821; x_wconf 89' lang='lat' dir='ltr'>ad</span> <span class='ocrx_word' id='word_1_415' title='bbox 662 1789 852 1823; x_wconf 79' lang='lat' dir='ltr'>balaenam</span> <span class='ocrx_word' id='word_1_416' title='bbox 866 1818 875 1831; x_wconf 92' lang='lat'>,</span> <span class='ocrx_word' id='word_1_417' title='bbox 903 1791 961 1824; x_wconf 83' lang='lat' dir='ltr'>vel</span> <span class='ocrx_word' id='word_1_418' title='bbox 977 1793 1022 1825; x_wconf 89' lang='lat' dir='ltr'>ad</span> <span class='ocrx_word' id='word_1_419' title='bbox 1041 1793 1111 1825; x_wconf 87' lang='lat' dir='ltr'>ele-</span> 
     </span>
     <span class='ocr_line' id='line_1_58' title="bbox 100 1838 1111 1886; baseline 0.003 -13"><span class='ocrx_word' id='word_1_420' title='bbox 100 1838 281 1885; x_wconf 89' lang='lat' dir='ltr'>phantum</span> <span class='ocrx_word' id='word_1_421' title='bbox 292 1839 343 1886; x_wconf 82' lang='lat'>?):</span> <span class='ocrx_word' id='word_1_422' title='bbox 376 1846 499 1874; x_wconf 84' lang='lat' dir='ltr'>tamen</span> <span class='ocrx_word' id='word_1_423' title='bbox 516 1840 590 1885; x_wconf 90' lang='lat' dir='ltr'>ipse</span> <span class='ocrx_word' id='word_1_424' title='bbox 618 1841 784 1874; x_wconf 84' lang='lat' dir='ltr'>omnium</span> <span class='ocrx_word' id='word_1_425' title='bbox 802 1843 972 1877; x_wconf 90' lang='lat' dir='ltr'>dominus</span> <span class='ocrx_word' id='word_1_426' title='bbox 991 1844 1111 1878; x_wconf 84' lang='lat' dir='ltr'>existit</span> 
     </span>
     <span class='ocr_line' id='line_1_59' title="bbox 99 1891 1110 1940; baseline 0.003 -14"><span class='ocrx_word' id='word_1_427' title='bbox 99 1898 253 1938; x_wconf 88' lang='lat' dir='ltr'>propter</span> <span class='ocrx_word' id='word_1_428' title='bbox 274 1891 469 1926; x_wconf 86' lang='lat' dir='ltr'>rationem.</span> <span class='ocrx_word' id='word_1_429' title='bbox 538 1892 616 1926; x_wconf 86' lang='lat' dir='ltr'>Hac</span> <span class='ocrx_word' id='word_1_430' title='bbox 645 1892 821 1927; x_wconf 87' lang='lat' dir='ltr'>nimirum</span> <span class='ocrx_word' id='word_1_431' title='bbox 859 1894 897 1927; x_wconf 93' lang='lat' dir='ltr'>in</span> <span class='ocrx_word' id='word_1_432' title='bbox 926 1896 1110 1940; x_wconf 83' lang='lat' dir='ltr'>profundo</span> 
     </span>
     <span class='ocr_line' id='line_1_60' title="bbox 103 1943 1110 1991; baseline 0.004 -13"><span class='ocrx_word' id='word_1_433' title='bbox 103 1956 221 1991; x_wconf 86' lang='lat' dir='ltr'>aquae</span> <span class='ocrx_word' id='word_1_434' title='bbox 245 1944 360 1989; x_wconf 89' lang='lat' dir='ltr'>pisces</span> <span class='ocrx_word' id='word_1_435' title='bbox 385 1944 501 1989; x_wconf 85' lang='lat' dir='ltr'>capit;</span> <span class='ocrx_word' id='word_1_436' title='bbox 537 1943 605 1978; x_wconf 90' lang='lat' dir='ltr'>hac</span> <span class='ocrx_word' id='word_1_437' title='bbox 628 1944 667 1978; x_wconf 89' lang='lat' dir='ltr'>in</span> <span class='ocrx_word' id='word_1_438' title='bbox 692 1952 787 1979; x_wconf 84' lang='lat' dir='ltr'>terra</span> <span class='ocrx_word' id='word_1_439' title='bbox 810 1947 904 1981; x_wconf 90' lang='lat' dir='ltr'>feras</span> <span class='ocrx_word' id='word_1_440' title='bbox 924 1954 958 1980; x_wconf 87' lang='lat' dir='ltr'>et</span> <span class='ocrx_word' id='word_1_441' title='bbox 973 1948 1110 1982; x_wconf 87' lang='lat' dir='ltr'>belluas</span> 
     </span>
    </p>
   </div>
   <div class='ocr_carea' id='block_1_19' title="bbox 99 2101 1111 2617">
    <p class='ocr_par' dir='ltr' id='par_1_22' title="bbox 99 2101 1111 2466">
     <span class='ocr_line' id='line_1_61' title="bbox 100 2101 1110 2147; baseline 0.006 -14"><span class='ocrx_word' id='word_1_442' title='bbox 100 2113 177 2136; x_wconf 89' lang='lat' dir='ltr'>non</span> <span class='ocrx_word' id='word_1_443' title='bbox 204 2112 342 2146; x_wconf 84' lang='lat' dir='ltr'>prona,</span> <span class='ocrx_word' id='word_1_444' title='bbox 381 2101 444 2134; x_wconf 88' lang='lat' dir='ltr'>sed</span> <span class='ocrx_word' id='word_1_445' title='bbox 473 2108 611 2142; x_wconf 88' lang='lat' dir='ltr'>erecta,</span> <span class='ocrx_word' id='word_1_446' title='bbox 648 2103 907 2137; x_wconf 88' lang='lat' dir='ltr'>documentum</span> <span class='ocrx_word' id='word_1_447' title='bbox 934 2110 987 2138; x_wconf 89' lang='lat' dir='ltr'>est</span> <span class='ocrx_word' id='word_1_448' title='bbox 1016 2105 1110 2147; x_wconf 89' lang='lat' dir='ltr'>finis,</span> 
     </span>
     <span class='ocr_line' id='line_1_62' title="bbox 101 2150 1111 2201; baseline 0.003 -13"><span class='ocrx_word' id='word_1_449' title='bbox 101 2154 148 2188; x_wconf 90' lang='lat' dir='ltr'>ad</span> <span class='ocrx_word' id='word_1_450' title='bbox 171 2165 280 2199; x_wconf 90' lang='lat' dir='ltr'>quem</span> <span class='ocrx_word' id='word_1_451' title='bbox 302 2150 415 2186; x_wconf 88' lang='lat' dir='ltr'>homo</span> <span class='ocrx_word' id='word_1_452' title='bbox 443 2160 583 2187; x_wconf 89' lang='lat' dir='ltr'>creatus</span> <span class='ocrx_word' id='word_1_453' title='bbox 610 2160 680 2188; x_wconf 88' lang='lat' dir='ltr'>est:</span> <span class='ocrx_word' id='word_1_454' title='bbox 718 2167 849 2200; x_wconf 89' lang='lat' dir='ltr'>nempe</span> <span class='ocrx_word' id='word_1_455' title='bbox 877 2157 923 2189; x_wconf 90' lang='lat' dir='ltr'>ad</span> <span class='ocrx_word' id='word_1_456' title='bbox 951 2157 1111 2201; x_wconf 84' lang='lat' dir='ltr'>agnitio-</span> 
     </span>
     <span class='ocr_line' id='line_1_63' title="bbox 99 2204 1109 2252; baseline 0.004 -13"><span class='ocrx_word' id='word_1_457' title='bbox 99 2217 185 2239; x_wconf 89' lang='lat' dir='ltr'>nem</span> <span class='ocrx_word' id='word_1_458' title='bbox 201 2204 293 2246; x_wconf 83' lang='lat' dir='ltr'>Dei,</span> <span class='ocrx_word' id='word_1_459' title='bbox 321 2211 356 2238; x_wconf 91' lang='lat' dir='ltr'>et</span> <span class='ocrx_word' id='word_1_460' title='bbox 381 2206 726 2251; x_wconf 86' lang='lat' dir='ltr'>contemplationem</span> <span class='ocrx_word' id='word_1_461' title='bbox 743 2220 866 2242; x_wconf 87' lang='lat' dir='ltr'>rerum</span> <span class='ocrx_word' id='word_1_462' title='bbox 887 2209 1109 2252; x_wconf 85' lang='lat' dir='ltr'>coelestium,</span> 
     </span>
     <span class='ocr_line' id='line_1_64' title="bbox 101 2257 1109 2305; baseline 0.007 -16"><span class='ocrx_word' id='word_1_463' title='bbox 101 2269 258 2304; x_wconf 88' lang='lat' dir='ltr'>quarum</span> <span class='ocrx_word' id='word_1_464' title='bbox 279 2257 522 2301; x_wconf 85' lang='lat' dir='ltr'>spectaculum</span> <span class='ocrx_word' id='word_1_465' title='bbox 550 2258 595 2291; x_wconf 90' lang='lat' dir='ltr'>ad</span> <span class='ocrx_word' id='word_1_466' title='bbox 619 2259 760 2293; x_wconf 88' lang='lat' dir='ltr'>nullum</span> <span class='ocrx_word' id='word_1_467' title='bbox 783 2260 882 2294; x_wconf 91' lang='lat' dir='ltr'>aliud</span> <span class='ocrx_word' id='word_1_468' title='bbox 901 2273 1012 2305; x_wconf 88' lang='lat' dir='ltr'>genus</span> <span class='ocrx_word' id='word_1_469' title='bbox 1031 2262 1109 2296; x_wconf 91' lang='lat' dir='ltr'>ani-</span> 
     </span>
     <span class='ocr_line' id='line_1_65' title="bbox 99 2309 1108 2356; baseline 0.004 -12"><span class='ocrx_word' id='word_1_470' title='bbox 99 2309 252 2344; x_wconf 87' lang='lat' dir='ltr'>malium</span> <span class='ocrx_word' id='word_1_471' title='bbox 267 2310 444 2353; x_wconf 86' lang='lat' dir='ltr'>pertinet,</span> <span class='ocrx_word' id='word_1_472' title='bbox 481 2322 590 2356; x_wconf 89' lang='lat' dir='ltr'>quam</span> <span class='ocrx_word' id='word_1_473' title='bbox 615 2312 661 2343; x_wconf 87' lang='lat' dir='ltr'>ad</span> <span class='ocrx_word' id='word_1_474' title='bbox 683 2323 795 2355; x_wconf 87' lang='lat' dir='ltr'>genus</span> <span class='ocrx_word' id='word_1_475' title='bbox 812 2310 1035 2348; x_wconf 71' lang='lat' dir='ltr'>humanum:</span> <span class='ocrx_word' id='word_1_476' title='bbox 1071 2315 1108 2349; x_wconf 90' lang='lat' dir='ltr'>id</span> 
     </span>
     <span class='ocr_line' id='line_1_66' title="bbox 100 2360 1107 2408; baseline 0.005 -12"><span class='ocrx_word' id='word_1_477' title='bbox 100 2363 200 2408; x_wconf 91' lang='lat' dir='ltr'>quod</span> <span class='ocrx_word' id='word_1_478' title='bbox 227 2360 334 2395; x_wconf 89' lang='lat' dir='ltr'>etiam</span> <span class='ocrx_word' id='word_1_479' title='bbox 364 2368 472 2407; x_wconf 92' lang='lat' dir='ltr'>poeta</span> <span class='ocrx_word' id='word_1_480' title='bbox 497 2368 622 2396; x_wconf 89' lang='lat' dir='ltr'>noster</span> <span class='ocrx_word' id='word_1_481' title='bbox 642 2363 821 2408; x_wconf 88' lang='lat' dir='ltr'>significat</span> <span class='ocrx_word' id='word_1_482' title='bbox 846 2366 965 2400; x_wconf 89' lang='lat' dir='ltr'>verbis</span> <span class='ocrx_word' id='word_1_483' title='bbox 982 2368 1107 2401; x_wconf 89' lang='lat' dir='ltr'>admo-</span> 
     </span>
     <span class='ocr_line' id='line_1_67' title="bbox 99 2413 1024 2466; baseline 0.006 -19"><span class='ocrx_word' id='word_1_484' title='bbox 99 2415 187 2448; x_wconf 90' lang='lat' dir='ltr'>dum</span> <span class='ocrx_word' id='word_1_485' title='bbox 203 2413 422 2455; x_wconf 82' lang='lat' dir='ltr'>illustribus,</span> <span class='ocrx_word' id='word_1_486' title='bbox 452 2426 532 2448; x_wconf 89' lang='lat' dir='ltr'>cum</span> <span class='ocrx_word' id='word_1_487' title='bbox 550 2414 669 2461; x_wconf 89' lang='lat' dir='ltr'>inquit</span> <span class='ocrx_word' id='word_1_488' title='bbox 697 2415 791 2459; x_wconf 84' lang='lat' dir='ltr'>(Vss.</span> <span class='ocrx_word' id='word_1_489' title='bbox 807 2415 857 2452; x_wconf 87' lang='grc'>84</span> <span class='ocrx_word' id='word_1_490' title='bbox 869 2437 913 2444; x_wconf 81' lang='lat'><em>-</em></span> <span class='ocrx_word' id='word_1_491' title='bbox 926 2418 1024 2466; x_wconf 86' lang='lat'>86.):</span> 
     </span>
    </p>

    <p class='ocr_par' dir='ltr' id='par_1_23' title="bbox 178 2477 1105 2524">
     <span class='ocr_line' id='line_1_68' title="bbox 178 2477 1105 2524; baseline 0.009 -15"><span class='ocrx_word' id='word_1_492' title='bbox 178 2477 361 2521; x_wconf 77' lang='lat' dir='ltr'>Pronaque</span> <span class='ocrx_word' id='word_1_493' title='bbox 375 2488 450 2509; x_wconf 80' lang='lat' dir='ltr'>cum</span> <span class='ocrx_word' id='word_1_494' title='bbox 468 2480 616 2519; x_wconf 72' lang='lat' dir='ltr'>spectent</span> <span class='ocrx_word' id='word_1_495' title='bbox 632 2478 802 2512; x_wconf 72' lang='lat' dir='ltr'>animalia</span> <span class='ocrx_word' id='word_1_496' title='bbox 816 2484 948 2513; x_wconf 74' lang='lat' dir='ltr'>caetera</span> <span class='ocrx_word' id='word_1_497' title='bbox 962 2485 1105 2524; x_wconf 72' lang='lat' dir='ltr'>terram,</span> 
     </span>
    </p>

    <p class='ocr_par' dir='ltr' id='par_1_24' title="bbox 179 2528 980 2576">
     <span class='ocr_line' id='line_1_69' title="bbox 179 2528 980 2576; baseline 0.007 -16"><span class='ocrx_word' id='word_1_498' title='bbox 179 2529 224 2561; x_wconf 79' lang='lat' dir='ltr'>Os</span> <span class='ocrx_word' id='word_1_499' title='bbox 240 2528 371 2561; x_wconf 69' lang='lat' dir='ltr'>homini</span> <span class='ocrx_word' id='word_1_500' title='bbox 384 2529 525 2562; x_wconf 76' lang='lat' dir='ltr'>sublime</span> <span class='ocrx_word' id='word_1_501' title='bbox 543 2530 653 2569; x_wconf 70' lang='lat' dir='ltr'>dedit,</span> <span class='ocrx_word' id='word_1_502' title='bbox 679 2531 868 2576; x_wconf 76' lang='lat' dir='ltr'>coelumque</span> <span class='ocrx_word' id='word_1_503' title='bbox 890 2535 980 2566; x_wconf 72' lang='lat' dir='ltr'>tueri</span> 
     </span>
    </p>

    <p class='ocr_par' dir='ltr' id='par_1_25' title="bbox 178 2580 934 2617">
     <span class='ocr_line' id='line_1_70' title="bbox 178 2580 934 2617; baseline 0.008 -6"><span class='ocrx_word' id='word_1_504' title='bbox 178 2580 286 2612; x_wconf 76' lang='lat' dir='ltr'>Iussit</span> <span class='ocrx_word' id='word_1_505' title='bbox 299 2585 331 2613; x_wconf 73' lang='lat' dir='ltr'>ei</span> <span class='ocrx_word' id='word_1_506' title='bbox 346 2586 472 2614; x_wconf 74' lang='lat' dir='ltr'>erectos</span> <span class='ocrx_word' id='word_1_507' title='bbox 488 2583 532 2615; x_wconf 81' lang='lat' dir='ltr'>ad</span> <span class='ocrx_word' id='word_1_508' title='bbox 548 2583 662 2615; x_wconf 70' lang='lat' dir='ltr'>sidera</span> <span class='ocrx_word' id='word_1_509' title='bbox 681 2583 796 2615; x_wconf 74' lang='lat' dir='ltr'>tollere</span> <span class='ocrx_word' id='word_1_510' title='bbox 814 2584 934 2617; x_wconf 72' lang='lat' dir='ltr'>vultus.</span> 
     </span>
    </p>
   </div>
   <div class='ocr_carea' id='block_1_20' title="bbox 135 2687 639 2753">
    <p class='ocr_par' dir='ltr' id='par_1_26' title="bbox 135 2687 639 2753">
     <span class='ocr_line' id='line_1_71' title="bbox 135 2687 639 2721; baseline 0.006 -9"><span class='ocrx_word' id='word_1_511' title='bbox 135 2687 182 2719; x_wconf 76' lang='lat'>11)</span> <span class='ocrx_word' id='word_1_512' title='bbox 213 2690 324 2720; x_wconf 71' lang='lat' dir='ltr'>possit]</span> <span class='ocrx_word' id='word_1_513' title='bbox 357 2689 399 2713; x_wconf 84' lang='lat' dir='ltr'>sic</span> <span class='ocrx_word' id='word_1_514' title='bbox 430 2689 515 2714; x_wconf 83' lang='lat' dir='ltr'>Editt.</span> <span class='ocrx_word' id='word_1_515' title='bbox 546 2690 639 2721; x_wconf 76' lang='lat'>1555.‚</span> 
     </span>
     <span class='ocr_line' id='line_1_72' title="bbox 165 2725 274 2753; baseline 0 -5"><span class='ocrx_word' id='word_1_516' title='bbox 165 2725 274 2753; x_wconf 73' lang='lat' dir='ltr'>posset.</span> 
     </span>
    </p>
   </div>
   <div class='ocr_carea' id='block_1_21' title="bbox 676 2690 1103 2721">
    <p class='ocr_par' dir='ltr' id='par_1_27' title="bbox 676 2690 1103 2721">
     <span class='ocr_line' id='line_1_73' title="bbox 676 2690 1103 2721; baseline 0.012 -8"><span class='ocrx_word' id='word_1_517' title='bbox 676 2690 765 2721; x_wconf 78' lang='lat'>1559.;</span> <span class='ocrx_word' id='word_1_518' title='bbox 807 2691 886 2716; x_wconf 81' lang='lat' dir='ltr'>Ovid.</span> <span class='ocrx_word' id='word_1_519' title='bbox 922 2692 970 2716; x_wconf 85' lang='lat' dir='ltr'>Ed.</span> <span class='ocrx_word' id='word_1_520' title='bbox 996 2693 1103 2719; x_wconf 72' lang='lat' dir='ltr'>Mitsch,</span> 
     </span>
    </p>
   </div>
   <div class='ocr_carea' id='block_1_22' title="bbox 1168 1396 2183 1495">
    <p class='ocr_par' dir='ltr' id='par_1_28' title="bbox 1168 1396 2183 1495">
     <span class='ocr_line' id='line_1_74' title="bbox 1168 1396 2180 1442; baseline 0.003 -13"><span class='ocrx_word' id='word_1_521' title='bbox 1168 1403 1361 1437; x_wconf 84' lang='lat' dir='ltr'>naturam,</span> <span class='ocrx_word' id='word_1_522' title='bbox 1399 1403 1433 1430; x_wconf 92' lang='lat' dir='ltr'>et</span> <span class='ocrx_word' id='word_1_523' title='bbox 1457 1397 1566 1431; x_wconf 87' lang='lat' dir='ltr'>situm</span> <span class='ocrx_word' id='word_1_524' title='bbox 1596 1397 1786 1442; x_wconf 84' lang='lat' dir='ltr'>indagasse</span> <span class='ocrx_word' id='word_1_525' title='bbox 1805 1425 1814 1438; x_wconf 85' lang='lat'>‚</span> <span class='ocrx_word' id='word_1_526' title='bbox 1861 1398 1907 1431; x_wconf 91' lang='lat' dir='ltr'>ob</span> <span class='ocrx_word' id='word_1_527' title='bbox 1934 1396 2028 1432; x_wconf 86' lang='lat' dir='ltr'>hanc</span> <span class='ocrx_word' id='word_1_528' title='bbox 2054 1411 2180 1433; x_wconf 86' lang='lat' dir='ltr'>curam</span> 
     </span>
     <span class='ocr_line' id='line_1_75' title="bbox 1168 1448 2183 1495; baseline 0.002 -14"><span class='ocrx_word' id='word_1_529' title='bbox 1168 1455 1203 1482; x_wconf 90' lang='lat' dir='ltr'>et</span> <span class='ocrx_word' id='word_1_530' title='bbox 1219 1448 1501 1483; x_wconf 88' lang='lat' dir='ltr'>sollicitudinem</span> <span class='ocrx_word' id='word_1_531' title='bbox 1524 1449 1672 1493; x_wconf 88' lang='lat' dir='ltr'>fingitur</span> <span class='ocrx_word' id='word_1_532' title='bbox 1704 1451 1872 1495; x_wconf 83' lang='lat' dir='ltr'>alligatus</span> <span class='ocrx_word' id='word_1_533' title='bbox 1899 1450 2082 1491; x_wconf 75' lang='lat' dir='ltr'>Caucaso,</span> <span class='ocrx_word' id='word_1_534' title='bbox 2119 1451 2183 1485; x_wconf 93' lang='lat' dir='ltr'>ubi</span> 
     </span>
    </p>
   </div>
   <div class='ocr_carea' id='block_1_23' title="bbox 1139 1501 2181 1597">
    <p class='ocr_par' dir='ltr' id='par_1_29' title="bbox 1139 1501 2181 1597">
     <span class='ocr_line' id='line_1_76' title="bbox 1140 1501 2181 1547; baseline 0.003 -14"><span class='ocrx_word' id='word_1_535' title='bbox 1140 1511 1141 1526; x_wconf 77' lang='lat'>1</span> <span class='ocrx_word' id='word_1_536' title='bbox 1168 1501 1289 1547; x_wconf 88' lang='lat' dir='ltr'>aquila</span> <span class='ocrx_word' id='word_1_537' title='bbox 1309 1514 1371 1535; x_wconf 90' lang='lat' dir='ltr'>cor</span> <span class='ocrx_word' id='word_1_538' title='bbox 1387 1501 1499 1546; x_wconf 88' lang='lat' dir='ltr'>ipsius</span> <span class='ocrx_word' id='word_1_539' title='bbox 1516 1503 1653 1536; x_wconf 82' lang='lat' dir='ltr'>exedat.</span> <span class='ocrx_word' id='word_1_540' title='bbox 1690 1502 1748 1535; x_wconf 81' lang='lat' dir='ltr'>Ad</span> <span class='ocrx_word' id='word_1_541' title='bbox 1765 1501 1872 1543; x_wconf 77' lang='lat' dir='ltr'>llaec,</span> <span class='ocrx_word' id='word_1_542' title='bbox 1900 1503 2041 1537; x_wconf 86' lang='lat' dir='ltr'>Plinius</span> <span class='ocrx_word' id='word_1_543' title='bbox 2059 1503 2181 1544; x_wconf 88' lang='lat' dir='ltr'>refert,</span> 
     </span>
     <span class='ocr_line' id='line_1_77' title="bbox 1139 1552 2181 1597; baseline 0.004 -11"><span class='ocrx_word' id='word_1_544' title='bbox 1139 1582 1140 1593; x_wconf 61' lang='grc'>,</span> <span class='ocrx_word' id='word_1_545' title='bbox 1166 1553 1353 1587; x_wconf 87' lang='lat' dir='ltr'>flammam</span> <span class='ocrx_word' id='word_1_546' title='bbox 1381 1566 1399 1587; x_wconf 84' lang='lat' dir='ltr'>a</span> <span class='ocrx_word' id='word_1_547' title='bbox 1420 1552 1642 1587; x_wconf 88' lang='lat' dir='ltr'>Prometheo</span> <span class='ocrx_word' id='word_1_548' title='bbox 1670 1566 1853 1589; x_wconf 87' lang='lat' dir='ltr'>excussam</span> <span class='ocrx_word' id='word_1_549' title='bbox 1881 1567 1898 1588; x_wconf 90' lang='lat' dir='ltr'>e</span> <span class='ocrx_word' id='word_1_550' title='bbox 1923 1556 2043 1597; x_wconf 92' lang='lat' dir='ltr'>silice,</span> <span class='ocrx_word' id='word_1_551' title='bbox 2081 1555 2181 1590; x_wconf 88' lang='lat' dir='ltr'>cuius</span> 
     </span>
    </p>
   </div>
   <div class='ocr_carea' id='block_1_24' title="bbox 1166 1607 2182 1817">
    <p class='ocr_par' dir='ltr' id='par_1_30' title="bbox 1166 1607 2182 1817">
     <span class='ocr_line' id='line_1_78' title="bbox 1166 1607 2182 1652; baseline 0.001 -13"><span class='ocrx_word' id='word_1_552' title='bbox 1166 1619 1251 1640; x_wconf 87' lang='lat' dir='ltr'>usus</span> <span class='ocrx_word' id='word_1_553' title='bbox 1269 1613 1374 1639; x_wconf 84' lang='lat' dir='ltr'>antea</span> <span class='ocrx_word' id='word_1_554' title='bbox 1395 1612 1472 1639; x_wconf 89' lang='lat' dir='ltr'>erat</span> <span class='ocrx_word' id='word_1_555' title='bbox 1491 1607 1656 1650; x_wconf 85' lang='lat' dir='ltr'>ignotus,</span> <span class='ocrx_word' id='word_1_556' title='bbox 1689 1608 1788 1652; x_wconf 86' lang='lat' dir='ltr'>quod</span> <span class='ocrx_word' id='word_1_557' title='bbox 1805 1607 1913 1640; x_wconf 83' lang='lat' dir='ltr'>etiam</span> <span class='ocrx_word' id='word_1_558' title='bbox 1940 1608 2105 1642; x_wconf 88' lang='lat' dir='ltr'>existimo</span> <span class='ocrx_word' id='word_1_559' title='bbox 2132 1608 2182 1641; x_wconf 88' lang='lat' dir='ltr'>al-</span> 
     </span>
     <span class='ocr_line' id='line_1_79' title="bbox 1166 1658 1587 1703; baseline 0.005 -13"><span class='ocrx_word' id='word_1_560' title='bbox 1166 1658 1322 1703; x_wconf 85' lang='lat' dir='ltr'>legorice</span> <span class='ocrx_word' id='word_1_561' title='bbox 1343 1658 1479 1692; x_wconf 87' lang='lat' dir='ltr'>dictum</span> <span class='ocrx_word' id='word_1_562' title='bbox 1500 1671 1587 1692; x_wconf 82' lang='lat' dir='ltr'>esse.</span> 
     </span>
     <span class='ocr_line' id='line_1_80' title="bbox 1292 1770 2051 1817; baseline 0.004 -13"><span class='ocrx_word' id='word_1_563' title='bbox 1292 1770 1354 1804; x_wconf 90' lang='lat' dir='ltr'>De</span> <span class='ocrx_word' id='word_1_564' title='bbox 1384 1778 1588 1817; x_wconf 87' lang='lat' dir='ltr'>quatuor</span> <span class='ocrx_word' id='word_1_565' title='bbox 1617 1772 1775 1806; x_wconf 87' lang='lat' dir='ltr'>mundi</span> <span class='ocrx_word' id='word_1_566' title='bbox 1805 1774 2051 1807; x_wconf 83' lang='lat' dir='ltr'>aetatibus.</span> 
     </span>
    </p>
   </div>
   <div class='ocr_carea' id='block_1_25' title="bbox 1244 1850 2092 1896">
    <p class='ocr_par' dir='ltr' id='par_1_31' title="bbox 1244 1850 2092 1896">
     <span class='ocr_line' id='line_1_81' title="bbox 1244 1850 2092 1896; baseline 0.004 -13"><span class='ocrx_word' id='word_1_567' title='bbox 1244 1850 1304 1885; x_wconf 90' lang='lat' dir='ltr'>Vs.</span> <span class='ocrx_word' id='word_1_568' title='bbox 1323 1850 1383 1885; x_wconf 87' lang='grc'>89.</span> <span class='ocrx_word' id='word_1_569' title='bbox 1424 1853 1542 1886; x_wconf 76' lang='lat' dir='ltr'>Aurea</span> <span class='ocrx_word' id='word_1_570' title='bbox 1564 1854 1680 1896; x_wconf 74' lang='lat' dir='ltr'>prima</span> <span class='ocrx_word' id='word_1_571' title='bbox 1707 1857 1783 1885; x_wconf 77' lang='lat' dir='ltr'>sam</span> <span class='ocrx_word' id='word_1_572' title='bbox 1804 1857 1854 1885; x_wconf 77' lang='lat' dir='ltr'>est</span> <span class='ocrx_word' id='word_1_573' title='bbox 1879 1857 1994 1891; x_wconf 74' lang='lat' dir='ltr'>aetas,</span> <span class='ocrx_word' id='word_1_574' title='bbox 2025 1859 2092 1886; x_wconf 86' lang='lat' dir='ltr'>etc.</span> 
     </span>
    </p>
   </div>
   <div class='ocr_carea' id='block_1_26' title="bbox 1230 1919 2178 1966">
    <p class='ocr_par' dir='ltr' id='par_1_32' title="bbox 1230 1919 2178 1966">
     <span class='ocr_line' id='line_1_82' title="bbox 1230 1919 2178 1966; baseline 0 -12"><span class='ocrx_word' id='word_1_575' title='bbox 1230 1953 1246 1959; x_wconf 75' lang='grc'><em>,</em></span> <span class='ocrx_word' id='word_1_576' title='bbox 1269 1921 1478 1966; x_wconf 86' lang='lat' dir='ltr'>Propagato</span> <span class='ocrx_word' id='word_1_577' title='bbox 1502 1934 1631 1966; x_wconf 85' lang='lat' dir='ltr'>genere</span> <span class='ocrx_word' id='word_1_578' title='bbox 1655 1919 1839 1962; x_wconf 88' lang='lat' dir='ltr'>humano,</span> <span class='ocrx_word' id='word_1_579' title='bbox 1867 1922 2026 1956; x_wconf 89' lang='lat' dir='ltr'>mundus</span> <span class='ocrx_word' id='word_1_580' title='bbox 2051 1921 2178 1966; x_wconf 90' lang='lat' dir='ltr'>paula-</span> 
     </span>
    </p>
   </div>
   <div class='ocr_carea' id='block_1_27' title="bbox 100 1972 2179 2095">
    <p class='ocr_par' dir='ltr' id='par_1_33' title="bbox 100 1972 2179 2095">
     <span class='ocr_line' id='line_1_83' title="bbox 102 1972 2177 2031; baseline 0.003 -29"><span class='ocrx_word' id='word_1_581' title='bbox 102 1997 126 2031; x_wconf 64' lang='grc' dir='ltr'>ἃ</span> <span class='ocrx_word' id='word_1_582' title='bbox 241 2009 248 2015; x_wconf 46' lang='grc'>,</span> <span class='ocrx_word' id='word_1_583' title='bbox 485 1996 492 2003; x_wconf 95' lang='grc'><strong>.</strong></span> <span class='ocrx_word' id='word_1_584' title='bbox 537 1997 545 2003; x_wconf 92' lang='grc'><em>.</em></span> <span class='ocrx_word' id='word_1_585' title='bbox 566 2010 573 2015; x_wconf 84' lang='lat'>.</span> <span class='ocrx_word' id='word_1_586' title='bbox 679 2010 685 2014; x_wconf 26' lang='lat' dir='ltr'>v</span> <span class='ocrx_word' id='word_1_587' title='bbox 855 1998 862 2005; x_wconf 89' lang='lat'>.</span> <span class='ocrx_word' id='word_1_588' title='bbox 1136 1983 1138 1988; x_wconf 85' lang='grc'><em>·</em></span> <span class='ocrx_word' id='word_1_589' title='bbox 1164 1972 1229 2006; x_wconf 89' lang='lat' dir='ltr'>tim</span> <span class='ocrx_word' id='word_1_590' title='bbox 1253 1973 1505 2018; x_wconf 83' lang='lat' dir='ltr'>degeneravit,</span> <span class='ocrx_word' id='word_1_591' title='bbox 1548 1985 1589 2007; x_wconf 88' lang='lat' dir='ltr'>ac</span> <span class='ocrx_word' id='word_1_592' title='bbox 1611 1973 1762 2008; x_wconf 89' lang='lat' dir='ltr'>subinde</span> <span class='ocrx_word' id='word_1_593' title='bbox 1785 1974 1901 2009; x_wconf 84' lang='lat' dir='ltr'>factus</span> <span class='ocrx_word' id='word_1_594' title='bbox 1929 1980 1981 2008; x_wconf 90' lang='lat' dir='ltr'>est</span> <span class='ocrx_word' id='word_1_595' title='bbox 2003 1973 2177 2008; x_wconf 91' lang='lat' dir='ltr'>deterior.</span> 
     </span>
     <span class='ocr_line' id='line_1_84' title="bbox 130 1994 2179 2060; baseline 0.003 -6"><span class='ocrx_word' id='word_1_596' title='bbox 130 2002 249 2034; x_wconf 66' lang='lat' dir='ltr'><strong>omat&#39;</strong></span> <span class='ocrx_word' id='word_1_597' title='bbox 277 1994 346 2030; x_wconf 66' lang='lat' dir='ltr'>hac</span> <span class='ocrx_word' id='word_1_598' title='bbox 363 2008 381 2055; x_wconf 78' lang='lat' dir='ltr'>e</span> <span class='ocrx_word' id='word_1_599' title='bbox 400 1997 547 2054; x_wconf 46' lang='lat' dir='ltr'>§Ubhml</span> <span class='ocrx_word' id='word_1_600' title='bbox 564 2009 646 2056; x_wconf 77' lang='lat' dir='ltr'>aere</span> <span class='ocrx_word' id='word_1_601' title='bbox 663 1998 828 2032; x_wconf 38' lang='lat' dir='ltr'>‘&#39;Olucres</span> <span class='ocrx_word' id='word_1_602' title='bbox 853 2011 897 2057; x_wconf 77' lang='lat' dir='ltr'>m.</span> <span class='ocrx_word' id='word_1_603' title='bbox 914 2012 1016 2033; x_wconf 61' lang='lat' dir='ltr'>suam</span> <span class='ocrx_word' id='word_1_604' title='bbox 1043 2013 1108 2046; x_wconf 70' lang='lat' dir='ltr'>po&#39;</span> <span class='ocrx_word' id='word_1_605' title='bbox 1136 2011 1138 2049; x_wconf 45' lang='grc' dir='ltr'>ζ</span> <span class='ocrx_word' id='word_1_606' title='bbox 1163 2024 1263 2059; x_wconf 81' lang='lat' dir='ltr'>Haec</span> <span class='ocrx_word' id='word_1_607' title='bbox 1285 2032 1337 2059; x_wconf 88' lang='lat' dir='ltr'>est</span> <span class='ocrx_word' id='word_1_608' title='bbox 1364 2026 1461 2060; x_wconf 90' lang='lat' dir='ltr'>enim</span> <span class='ocrx_word' id='word_1_609' title='bbox 1487 2038 1610 2060; x_wconf 84' lang='lat' dir='ltr'>rerum</span> <span class='ocrx_word' id='word_1_610' title='bbox 1642 2024 1888 2060; x_wconf 83' lang='lat' dir='ltr'>humanarum</span> <span class='ocrx_word' id='word_1_611' title='bbox 1915 2026 2077 2060; x_wconf 87' lang='lat' dir='ltr'>conditio</span> <span class='ocrx_word' id='word_1_612' title='bbox 2136 2033 2179 2060; x_wconf 87' lang='lat' dir='ltr'>ut</span> 
     </span>
     <span class='ocr_line' id='line_1_85' title="bbox 100 2049 2104 2095; baseline 0.003 -12"><span class='ocrx_word' id='word_1_613' title='bbox 100 2054 268 2084; x_wconf 78' lang='lat' dir='ltr'>testatem</span> <span class='ocrx_word' id='word_1_614' title='bbox 294 2049 447 2093; x_wconf 85' lang='lat' dir='ltr'>red1g1t;</span> <span class='ocrx_word' id='word_1_615' title='bbox 488 2050 605 2094; x_wconf 88' lang='lat' dir='ltr'>figura</span> <span class='ocrx_word' id='word_1_616' title='bbox 636 2056 723 2083; x_wconf 79' lang='lat' dir='ltr'>ltem</span> <span class='ocrx_word' id='word_1_617' title='bbox 753 2062 917 2095; x_wconf 81' lang='lat' dir='ltr'>corporis</span> <span class='ocrx_word' id='word_1_618' title='bbox 944 2049 1110 2094; x_wconf 89' lang='lat' dir='ltr'>humani,</span> <span class='ocrx_word' id='word_1_619' title='bbox 1136 2060 1138 2076; x_wconf 40' lang='grc' dir='ltr'><em>ἢ</em></span> <span class='ocrx_word' id='word_1_620' title='bbox 2095 2053 2104 2067; x_wconf 84' lang='grc'><strong>’</strong></span> 
     </span>
    </p>
   </div>
   <div class='ocr_carea' id='block_1_28' title="bbox 1162 2078 2176 2543">
    <p class='ocr_par' dir='ltr' id='par_1_34' title="bbox 1162 2078 2176 2543">
     <span class='ocr_line' id='line_1_86' title="bbox 1164 2078 2176 2124; baseline 0 -13"><span class='ocrx_word' id='word_1_621' title='bbox 1164 2090 1329 2112; x_wconf 90' lang='lat' dir='ltr'>successu</span> <span class='ocrx_word' id='word_1_622' title='bbox 1359 2084 1567 2124; x_wconf 86' lang='lat' dir='ltr'>temporum</span> <span class='ocrx_word' id='word_1_623' title='bbox 1604 2078 1727 2112; x_wconf 87' lang='lat' dir='ltr'>omnia</span> <span class='ocrx_word' id='word_1_624' title='bbox 1760 2079 1798 2111; x_wconf 92' lang='lat' dir='ltr'>in</span> <span class='ocrx_word' id='word_1_625' title='bbox 1825 2078 1928 2124; x_wconf 89' lang='lat' dir='ltr'>peius</span> <span class='ocrx_word' id='word_1_626' title='bbox 1959 2085 2088 2117; x_wconf 82' lang='lat' dir='ltr'>ruant3</span> <span class='ocrx_word' id='word_1_627' title='bbox 2134 2090 2176 2111; x_wconf 87' lang='lat' dir='ltr'>ac</span> 
     </span>
     <span class='ocr_line' id='line_1_87' title="bbox 1164 2130 2175 2176; baseline 0.001 -13"><span class='ocrx_word' id='word_1_628' title='bbox 1164 2131 1475 2176; x_wconf 89' lang='lat' dir='ltr'>quemadmodum</span> <span class='ocrx_word' id='word_1_629' title='bbox 1490 2130 1627 2166; x_wconf 86' lang='lat' dir='ltr'>semina</span> <span class='ocrx_word' id='word_1_630' title='bbox 1648 2137 1682 2164; x_wconf 87' lang='lat' dir='ltr'>et</span> <span class='ocrx_word' id='word_1_631' title='bbox 1699 2131 1845 2175; x_wconf 88' lang='lat' dir='ltr'>plantae</span> <span class='ocrx_word' id='word_1_632' title='bbox 1863 2131 2041 2176; x_wconf 88' lang='lat' dir='ltr'>paulatim</span> <span class='ocrx_word' id='word_1_633' title='bbox 2069 2132 2175 2175; x_wconf 87' lang='lat' dir='ltr'>dege-</span> 
     </span>
     <span class='ocr_line' id='line_1_88' title="bbox 1162 2181 2175 2230; baseline 0.001 -15"><span class='ocrx_word' id='word_1_634' title='bbox 1162 2189 1314 2216; x_wconf 90' lang='lat' dir='ltr'>nerant:</span> <span class='ocrx_word' id='word_1_635' title='bbox 1360 2184 1410 2216; x_wconf 86' lang='lat' dir='ltr'>ita</span> <span class='ocrx_word' id='word_1_636' title='bbox 1445 2195 1590 2230; x_wconf 89' lang='lat' dir='ltr'>quoque</span> <span class='ocrx_word' id='word_1_637' title='bbox 1621 2181 1789 2218; x_wconf 89' lang='lat' dir='ltr'>homines</span> <span class='ocrx_word' id='word_1_638' title='bbox 1822 2184 1973 2228; x_wconf 89' lang='lat' dir='ltr'>singulis</span> <span class='ocrx_word' id='word_1_639' title='bbox 1996 2183 2175 2217; x_wconf 85' lang='lat' dir='ltr'>aetatibus</span> 
     </span>
     <span class='ocr_line' id='line_1_89' title="bbox 1163 2234 2174 2281; baseline -0.001 -14"><span class='ocrx_word' id='word_1_640' title='bbox 1163 2234 1362 2269; x_wconf 87' lang='lat' dir='ltr'>deteriores</span> <span class='ocrx_word' id='word_1_641' title='bbox 1379 2236 1479 2270; x_wconf 89' lang='lat' dir='ltr'>nasci</span> <span class='ocrx_word' id='word_1_642' title='bbox 1494 2235 1726 2270; x_wconf 87' lang='lat' dir='ltr'>manifestum</span> <span class='ocrx_word' id='word_1_643' title='bbox 1748 2242 1811 2270; x_wconf 83' lang='lat' dir='ltr'>est.</span> <span class='ocrx_word' id='word_1_644' title='bbox 1865 2235 1975 2281; x_wconf 86' lang='lat' dir='ltr'>Quod</span> <span class='ocrx_word' id='word_1_645' title='bbox 1997 2242 2037 2270; x_wconf 89' lang='lat' dir='ltr'>ut</span> <span class='ocrx_word' id='word_1_646' title='bbox 2064 2234 2174 2280; x_wconf 86' lang='lat' dir='ltr'>signi-</span> 
     </span>
     <span class='ocr_line' id='line_1_90' title="bbox 1162 2285 2171 2333; baseline 0 -13"><span class='ocrx_word' id='word_1_647' title='bbox 1162 2287 1313 2321; x_wconf 90' lang='lat' dir='ltr'>ficarent</span> <span class='ocrx_word' id='word_1_648' title='bbox 1351 2294 1481 2333; x_wconf 88' lang='lat' dir='ltr'>poetae</span> <span class='ocrx_word' id='word_1_649' title='bbox 1497 2315 1506 2329; x_wconf 92' lang='lat'>‚</span> <span class='ocrx_word' id='word_1_650' title='bbox 1561 2288 1815 2322; x_wconf 81' lang='lat' dir='ltr'>confinxerunt</span> <span class='ocrx_word' id='word_1_651' title='bbox 1854 2285 2171 2333; x_wconf 89' lang='lat' dir='ltr'>metamorphosin</span> 
     </span>
     <span class='ocr_line' id='line_1_91' title="bbox 1163 2339 2170 2386; baseline -0.001 -14"><span class='ocrx_word' id='word_1_652' title='bbox 1163 2345 1344 2381; x_wconf 90' lang='lat' dir='ltr'>aetatum,</span> <span class='ocrx_word' id='word_1_653' title='bbox 1374 2352 1415 2374; x_wconf 88' lang='lat' dir='ltr'>ac</span> <span class='ocrx_word' id='word_1_654' title='bbox 1428 2340 1581 2374; x_wconf 84' lang='lat' dir='ltr'>fabulati</span> <span class='ocrx_word' id='word_1_655' title='bbox 1597 2347 1701 2381; x_wconf 88' lang='lat' dir='ltr'>sunt,</span> <span class='ocrx_word' id='word_1_656' title='bbox 1730 2341 1888 2386; x_wconf 90' lang='lat' dir='ltr'>primam</span> <span class='ocrx_word' id='word_1_657' title='bbox 1916 2353 1959 2374; x_wconf 81' lang='lat' dir='ltr'>ex</span> <span class='ocrx_word' id='word_1_658' title='bbox 1985 2352 2094 2374; x_wconf 88' lang='lat' dir='ltr'>aurea</span> <span class='ocrx_word' id='word_1_659' title='bbox 2117 2339 2170 2371; x_wconf 89' lang='lat' dir='ltr'>fa-</span> 
     </span>
     <span class='ocr_line' id='line_1_92' title="bbox 1163 2393 2167 2438; baseline -0.001 -14"><span class='ocrx_word' id='word_1_660' title='bbox 1163 2397 1257 2425; x_wconf 87' lang='lat' dir='ltr'>ctam</span> <span class='ocrx_word' id='word_1_661' title='bbox 1277 2403 1351 2426; x_wconf 90' lang='lat' dir='ltr'>esse</span> <span class='ocrx_word' id='word_1_662' title='bbox 1369 2399 1596 2438; x_wconf 88' lang='lat' dir='ltr'>argenteam;</span> <span class='ocrx_word' id='word_1_663' title='bbox 1620 2393 1750 2427; x_wconf 87' lang='lat' dir='ltr'>deinde</span> <span class='ocrx_word' id='word_1_664' title='bbox 1768 2405 1810 2427; x_wconf 81' lang='lat' dir='ltr'>ex</span> <span class='ocrx_word' id='word_1_665' title='bbox 1836 2399 2006 2438; x_wconf 86' lang='lat' dir='ltr'>argentea</span> <span class='ocrx_word' id='word_1_666' title='bbox 2032 2393 2167 2424; x_wconf 83' lang='lat' dir='ltr'>factam</span> 
     </span>
     <span class='ocr_line' id='line_1_93' title="bbox 1163 2444 2167 2490; baseline -0.003 -12"><span class='ocrx_word' id='word_1_667' title='bbox 1163 2456 1238 2478; x_wconf 88' lang='lat' dir='ltr'>esse</span> <span class='ocrx_word' id='word_1_668' title='bbox 1255 2455 1426 2484; x_wconf 83' lang='lat' dir='ltr'>aeneam3</span> <span class='ocrx_word' id='word_1_669' title='bbox 1463 2458 1504 2478; x_wconf 87' lang='lat' dir='ltr'>ac</span> <span class='ocrx_word' id='word_1_670' title='bbox 1520 2451 1705 2490; x_wconf 89' lang='lat' dir='ltr'>postremo</span> <span class='ocrx_word' id='word_1_671' title='bbox 1722 2446 1889 2480; x_wconf 88' lang='lat' dir='ltr'>ferream.</span> <span class='ocrx_word' id='word_1_672' title='bbox 1945 2444 2088 2477; x_wconf 86' lang='lat' dir='ltr'>Dicitur</span> <span class='ocrx_word' id='word_1_673' title='bbox 2105 2454 2167 2476; x_wconf 63' lang='lat' dir='ltr'>au‹</span> 
     </span>
     <span class='ocr_line' id='line_1_94' title="bbox 1162 2496 2169 2543; baseline -0.002 -13"><span class='ocrx_word' id='word_1_674' title='bbox 1162 2503 1234 2530; x_wconf 85' lang='lat' dir='ltr'>tem</span> <span class='ocrx_word' id='word_1_675' title='bbox 1251 2496 1371 2542; x_wconf 92' lang='lat' dir='ltr'>prima</span> <span class='ocrx_word' id='word_1_676' title='bbox 1391 2503 1488 2532; x_wconf 86' lang='lat' dir='ltr'>aetas</span> <span class='ocrx_word' id='word_1_677' title='bbox 1505 2510 1612 2532; x_wconf 86' lang='lat' dir='ltr'>aurea</span> <span class='ocrx_word' id='word_1_678' title='bbox 1626 2525 1635 2540; x_wconf 88' lang='lat'><em>‚</em></span> <span class='ocrx_word' id='word_1_679' title='bbox 1670 2505 1746 2532; x_wconf 89' lang='lat' dir='ltr'>tum</span> <span class='ocrx_word' id='word_1_680' title='bbox 1762 2504 1913 2543; x_wconf 87' lang='lat' dir='ltr'>propter</span> <span class='ocrx_word' id='word_1_681' title='bbox 1932 2503 2104 2531; x_wconf 87' lang='lat' dir='ltr'>naturam</span> <span class='ocrx_word' id='word_1_682' title='bbox 2133 2500 2169 2528; x_wconf 86' lang='lat' dir='ltr'>et</span> 
     </span>
    </p>
   </div>
   <div class='ocr_carea' id='block_1_29' title="bbox 1196 2666 1750 2761">
    <p class='ocr_par' dir='ltr' id='par_1_35' title="bbox 1196 2666 1750 2761">
     <span class='ocr_line' id='line_1_95' title="bbox 1197 2666 1613 2700; baseline 0.002 -9"><span class='ocrx_word' id='word_1_683' title='bbox 1197 2666 1243 2699; x_wconf 79' lang='lat'>12)</span> <span class='ocrx_word' id='word_1_684' title='bbox 1264 2668 1321 2692; x_wconf 84' lang='lat' dir='ltr'>Cic.</span> <span class='ocrx_word' id='word_1_685' title='bbox 1342 2668 1375 2693; x_wconf 81' lang='lat' dir='ltr'>de</span> <span class='ocrx_word' id='word_1_686' title='bbox 1392 2668 1468 2700; x_wconf 81' lang='lat' dir='ltr'>legg.</span> <span class='ocrx_word' id='word_1_687' title='bbox 1483 2669 1508 2699; x_wconf 87' lang='lat'>1,</span> <span class='ocrx_word' id='word_1_688' title='bbox 1522 2668 1556 2699; x_wconf 84' lang='lat'>9,</span> <span class='ocrx_word' id='word_1_689' title='bbox 1571 2668 1613 2692; x_wconf 78' lang='lat'>26.</span> 
     </span>
     <span class='ocr_line' id='line_1_96' title="bbox 1196 2726 1750 2761; baseline 0.002 -8"><span class='ocrx_word' id='word_1_690' title='bbox 1196 2726 1262 2758; x_wconf 71' lang='lat'>12³)</span> <span class='ocrx_word' id='word_1_691' title='bbox 1282 2728 1330 2755; x_wconf 82' lang='lat' dir='ltr'>sil.</span> <span class='ocrx_word' id='word_1_692' title='bbox 1351 2729 1413 2754; x_wconf 80' lang='lat' dir='ltr'>ltal.</span> <span class='ocrx_word' id='word_1_693' title='bbox 1435 2729 1529 2755; x_wconf 87' lang='lat' dir='ltr'>Punic.</span> <span class='ocrx_word' id='word_1_694' title='bbox 1545 2730 1610 2761; x_wconf 77' lang='lat' dir='ltr'>XV,</span> <span class='ocrx_word' id='word_1_695' title='bbox 1625 2729 1750 2754; x_wconf 72' lang='lat'>84-87.</span> 
     </span>
    </p>
   </div>
  </div>
 </body>
</html>
