2341 2973
157 95 231 131 415

159 183 268 216 tiosos
284 183 438 227 puniunt
467 189 500 216 et
522 184 675 228 *ignavos
701 185 821 219 etiam.
876 184 1000 218 Tertio
1019 182 1153 217 babent

746 98 868 133 PHIL.
896 97 1007 132 MEL.
1043 97 1246 132 SCRIPTA
1273 96 1610 133 PHILOLOGICA.

1180 200 1183 209 ι

157 235 418 274 fortitudinem,
446 235 528 279 quia
548 236 721 269 acerrime
740 237 922 274 dimicant,
941 237 1031 268 sicut
1047 242 1154 279 poeta
1181 235 1183 249 ¹

157 285 291 329 inquit:
320 285 470 319 Animas
488 286 525 318 in
543 287 689 321 vulnere
707 288 888 332 linquunt.

158 336 313 379 frugales
333 343 366 369 et
384 343 623 382 temperantes
641 339 848 371 admodum.
876 338 968 371 Nam
986 338 1156 381 ignorant

158 385 356 427 Venerem,
389 396 585 422 nascuntur
607 391 682 422 sine
707 389 910 422 concubitu.
973 389 1156 433 Colligunt

161 438 256 470 enim
285 451 426 479 rorem,
455 446 489 472 et
512 440 611 472 illum
637 452 757 472 rorem
786 441 1007 481 transferunt
1030 441 1067 473 in
1093 441 1155 473 do-

155 490 364 529 munculos,
392 497 426 522 et
442 490 614 523 incubant
629 497 669 524 ut
685 503 778 525 aves.
832 490 888 524 Ex
908 492 969 524 illo
999 504 1081 525 rore
1105 492 1155 536 gi-

157 540 278 584 gnitur
297 541 531 580 vermiculus,
560 554 601 574 ex
622 555 693 586 quo
711 543 750 574 fit
768 542 856 586 apis.

258 590 318 624 Vs.
336 591 370 624 6.
402 594 445 625 In
468 594 561 626 tenni
583 593 692 637 labor]
729 593 763 626 id
790 600 860 633 est,
904 601 1153 637 argumentum

157 648 207 675 est
233 648 355 682 tenue,
397 644 456 675 sed
482 655 557 676 non
583 651 634 677 est
669 645 786 678 tenuis
813 645 916 678 labor
939 646 998 678 illa
1026 658 1154 679 ornare

158 693 285 725 verbis.

259 742 320 776 Vs.
341 744 374 777 8.
403 743 596 793 Principio]
626 745 679 778 De
697 746 798 786 loco,
826 747 886 779 ubi
904 747 975 780 sint
999 748 1153 780 alvearia

161 795 382 828 collocanda.

256 845 316 879 Vs.
339 846 375 880 9.
416 845 548 895 Ventis]
587 847 669 893 quia
702 854 828 881 ventus
859 848 1018 892 dissipat.

158 955 192 981 et
212 956 349 993 partem
369 950 488 983 oneris
504 951 542 983 in
559 963 594 983 se
612 952 888 984 transferebant.

259 1000 318 1033 Vs.
337 1001 394 1034 13.
423 999 580 1048 Lacerti]
609 1001 754 1045 proprie
770 1001 898 1046 Eydes.

255 1051 315 1086 Vs.
338 1051 394 1086 14.
418 1051 655 1100 Meropesqne]
674 1053 838 1097 Merops,
859 1055 915 1086 ein
934 1054 1057 1097 goller.
1092 1053 1157 1087 Est

154 1105 230 1138 axis
254 1101 389 1137 habens
416 1111 538 1148 pectus
567 1106 831 1148 propemodum
858 1106 1014 1149 gilvum,
1043 1112 1077 1138 et
1102 1118 1157 1137 ca-

156 1163 220 1200 put
249 1155 454 1188 candidum.

258 1205 316 1240 Vs.
339 1205 396 1240 15.
426 1209 559 1250 Proque
576 1204 625 1253 ἢ]
651 1207 684 1238 id
713 1214 783 1246 est,
818 1205 997 1247 liirundo,
1035 1207 1071 1239 id
1094 1214 1157 1247 est,

156 1259 242 1292 istae
271 1271 373 1298 aves,
417 1272 508 1303 quae
540 1258 717 1290 devorant
746 1272 903 1297 muscas,
949 1259 1084 1299 absint,
1118 1266 1158 1292 ut

158 1316 242 1344 sunt
265 1322 450 1354 meropes,
485 1308 716 1350 hirundines,
755 1310 838 1343 item
864 1323 1013 1354 parrae,
1050 1322 1156 1354 parra

162 1361 219 1394 ein
238 1361 379 1406 Meyse,
409 1362 494 1395 alias
513 1362 629 1405 parix.

260 1412 319 1447 Vs.
343 1412 399 1446 19.
427 1410 590 1460 Fuyiens]
619 1412 810 1456 Eleganter
828 1420 879 1446 est
902 1426 1005 1453 usus,
1034 1413 1069 1445 id
1095 1418 1157 1453 est,

162 1465 324 1498 celeriter
344 1465 548 1498 decurrens.

259 1515 318 1550 Vs.
346 1517 406 1551 20.
440 1513 638 1563 Palmaque]
664 1516 897 1549 dattelbaum.

159 1567 245 1607 bor,
274 1569 317 1600 da
334 1568 391 1600 die
418 1568 541 1600 datteli
560 1569 633 1600 aut}
651 1566 833 1601 wacbsen.

159 1618 195 1651 id
224 1625 294 1657 est,
332 1621 477 1663 quando
515 1619 768 1661 egrediuntur,
807 1616 963 1650 habe-:nt
999 1618 1157 1662 aliquam

159 1670 339 1703 umbram.

951 1515 1075 1548 Palma
1103 1526 1158 1546 ar-

939 287 1030 319 Sunt
1046 287 1153 319 etiam
1181 325 1183 331 .

1078 848 1155 893 Ego

156 897 231 941 ipse
249 897 339 937 vidi,
369 900 554 943 quomodo
578 900 772 932 veniebant
796 912 881 943 apes
906 900 1033 933 obviae
1066 901 1156 940 aliis,
1182 907 1185 916 ¹

2136 100 2211 135 416

1208 191 1267 218 tur
1283 184 1436 227 frigore,
1463 185 1544 230 quia
1569 192 1619 219 est
1636 185 1766 218 animal
1791 185 1926 231 alioqui
1941 186 2111 230 frigidum
2131 187 2208 220 sine

1211 247 1397 280 sangiune.

1312 286 1371 320 Vs.
1390 286 1450 320 36.
1470 285 1584 335 Calor]
1609 288 1690 333 quia
1712 294 1762 321 est
1777 295 1928 322 naturae
1944 288 2084 328 aeriae,
2110 288 2210 322 ideo-

1211 350 1278 383 que
1297 338 1399 370 facile
1416 339 1618 372 resolvitur.

1312 388 1371 422 Vs.
1390 389 1451 422 39.
1480 388 1629 437 Linum]
1658 390 1692 422 id
1721 397 1791 430 est,
1827 391 2016 435 diligenter
2043 391 2211 424 muniant

1209 452 1289 472 suas
1327 441 1575 474 domunculas.
1653 439 1802 489 Limon]
1844 443 1879 475 id
1917 448 1986 481 est,
2032 442 2210 475 oblinunt.

1210 488 1314 538 Orus]
1359 491 1395 524 id
1427 499 1496 531 est,
1525 493 1646 525 rimas.
1777 491 1880 540 Fuco]
1916 494 1952 526 id
1981 500 2051 531 est,
2090 494 2209 536 aliqua

1209 549 1310 585 parte
1334 543 1419 576 favi.
1472 543 1564 577 Nam
1582 543 1680 575 varia
1710 547 1793 574 sunt
1819 553 1927 585 opera
1956 541 2092 581 mellis,
2128 543 2212 583 mel,

1209 606 1309 633 cera,
1340 600 1374 627 et
1400 601 1522 638 postea
1552 594 1701 625 crassius
1726 592 1909 637 quiddam.
1978 592 2076 625 Haec
2101 593 2207 626 etiam

1209 657 1251 676 ex
1294 644 1487 677 Aristotele
1503 643 1535 689 4)
1574 644 1728 687 petenda
1764 650 1866 683 sunt,
1911 643 1974 688 qui
2009 644 2206 678 admodum

1208 695 1275 728 suit
1293 695 1444 738 diligens
1462 695 1499 726 in
1517 695 1755 738 descriptione
1774 707 1900 739 apum;
1934 695 2018 727 item
2045 708 2085 728 ex
2105 695 2211 729 Colu-

1209 747 1329 783 mella,
1359 746 1418 791 qui
1435 747 1500 779 suit
1519 745 1738 789 diligentior.

1314 796 1374 830 Ys.
1394 796 1454 831 40.
1482 795 1649 843 ›Utinm-a]
1678 797 1713 829 id
1731 802 1801 836 est,
1830 796 1958 829 officia.

1314 847 1374 881 Vs.
1394 848 1454 882 41.
1488 846 1601 895 Vis-co]
1632 848 1742 892 Vogel
1760 849 1868 893 leym.

1314 898 1373 932 Vs.
1393 898 1454 933 45.
1485 897 1633 946 [labilia]
1664 900 1697 931 id
1717 906 1787 939 est,
1816 897 1987 932 alvearia.

1314 949 1374 984 Vs.
1397 950 1456 984 47.
1497 948 1650 997 Tamum]
1676 951 1820 996 Eyben,
1857 950 1894 983 id
1912 956 1981 990 est,
2015 961 2091 983 non
2121 949 2212 983 acci-

1183 997 1184 1001 *
1212 1001 1288 1045 pias
1308 1009 1501 1035 venenatas
1521 1004 1679 1036 arbores.

915 1568 1093 1601 obumbret
1110 1566 1158 1611 3)]
1185 1606 1186 1612 ἵ

1184 1699 1186 1720 ÷
1213 1666 1336 1700 ctu-am
1361 1666 1547 1702 historiam
1574 1669 1711 1702 recitat.

262 1720 321 1754 Vs.
339 1719 400 1756 25.
415 1723 459 1754 1η
477 1721 637 1766 medium]
664 1721 698 1753 id
717 1727 779 1759 est,
798 1720 834 1752 in
851 1719 1005 1752 mediam
1026 1733 1157 1764 aquam
1184 1721 1186 1727 '

157 1773 214 1805 vel
239 1778 435 1805 torrentem
460 1774 592 1805 colloca
621 1772 744 1806 salices
769 1778 803 1803 et
832 1771 988 1814 lapides,
1033 1779 1072 1804 ut
1097 1770 1159 1804 lia-

157 1824 266 1856 beant
290 1837 373 1857 suos
400 1831 545 1868 pontes,
574 1824 610 1856 iu
633 1824 761 1868 quibus
785 1823 995 1861 considant,
1024 1830 1058 1855 et
1081 1836 1159 1856 mu-

159 1881 220 1908 tuo
237 1888 272 1908 se
293 1875 480 1917 colligant,
509 1877 535 1908 si
556 1877 700 1920 quando
719 1875 898 1918 dispersae
917 1881 1009 1907 suut.

263 1926 322 1960 Ys.
341 1927 400 1960 30.
420 1929 512 1960 Haec
528 1925 673 1973 circum]
692 1926 746 1959 De
764 1926 914 1970 pascuis.
1022 1922 1157 1972 Casiae]

159 1977 357 2018 Nescimus,
383 1978 469 2023 quid
488 1979 550 2016 sit;
578 1980 640 2011 das
661 1976 873 2023 manlieysst
887 1978 1044 2012 Cassiam
1062 1980 1159 2011 sistu-

158 2029 252 2068 lam,
280 2029 325 2062 ist
351 2030 408 2062 ein
435 2031 545 2062 ander
564 2030 672 2074 DIng.
726 2030 849 2075 Aliqui
874 2030 997 2063 dicunt
1022 2035 1158 2063 veteres

159 2092 317 2120 vocasse,
337 2082 434 2125 quod
452 2093 516 2114 nos
533 2093 702 2114 vocamus
719 2093 869 2126 granum
883 2081 1058 2125 gnidim‘n,
1077 2079 1159 2112 Kel-

159 2129 308 2171 lerhals,
345 2134 439 2176 quod
470 2145 533 2175 ego
559 2144 633 2165 non
660 2140 748 2176 puto
771 2146 895 2166 verum
928 2145 1012 2166 esse.
1077 2131 1159 2165 Non

162 2183 324 2216 existimo
345 2181 440 2216 bunc
456 2183 580 2216 florem
600 2190 740 2226 gratum
760 2196 832 2217 esse
851 2185 989 2227 apibus.

263 2233 322 2267 Vs.
334 2234 394 2267 31.
417 2232 621 2281 Thymbrae]
639 2233 839 2280 Thymbra,
858 2234 1027 2275 satureia,
1043 2234 1159 2267 cunila

162 2285 256 2318 idem
278 2285 491 2329 significant,
509 2287 721 2319 Germanice
740 2287 942 2331 gartenkol.
976 2285 1159 2319 Interdum

163 2337 319 2370 cunilam
336 2343 370 2369 et
386 2337 579 2370 satureiam
598 2350 663 2380 pro
682 2339 832 2382 origano
852 2344 1046 2383 usurpant,
1075 2337 1159 2383 quia

164 2394 215 2421 est
234 2387 408 2433 quiddam
423 2388 538 2421 simile
557 2388 720 2430 origano.

265 2438 324 2472 Vs.
342 2439 404 2473 34.
443 2436 622 2486 Alvearia]
667 2452 686 2472 a
715 2446 749 2472 et
775 2453 791 2473 e
828 2439 1091 2473 contrahuntur
1123 2439 1161 2471 in

163 2501 271 2522 unam
290 2491 478 2534 syllabam,
502 2492 600 2536 quod
616 2490 762 2525 Graecis
780 2491 1051 2525 usitatissimum
1073 2497 1134 2524 est.

267 2540 327 2574 Vs.
344 2540 406 2575 35.
434 2540 575 2589 Aditus]
614 2554 707 2575 vorn
731 2542 788 2576 die
817 2541 938 2576 loclier
963 2556 1008 2576 an
1034 2542 1160 2575 binen-

163 2592 322 2625 stijcken.
426 2591 583 2641 Friyore]
612 2592 712 2638 Ipsae
731 2607 814 2638 apes
829 2595 994 2628 facillime
1014 2595 1160 2628 laedun-

196 2674 228 2705 2)
252 2674 372 2706 Proque]
393 2676 432 2700 sic
452 2677 499 2699 Ed.
516 2677 608 2701 l514.:
632 2676 681 2700 Ed.
702 2677 839 2703 wagner,
864 2678 980 2702 Procne.

196 2709 227 2740 ³)
248 2710 414 2739 obumbret]
433 2711 474 2735 sic
494 2711 542 2734 Ed.
561 2711 652 2741 1514.;
673 2712 722 2736 Ed.
745 2712 880 2742 Vt'aguer.
900 2713 1053 2737 inwnbret.

1314 1052 1375 1086 Vs.
1396 1052 1457 1086 48.
1480 1051 1563 1100 Ure]
1580 1055 1676 1098 Apes
1693 1066 1767 1087 non
1784 1060 1934 1097 possunt
1951 1053 2045 1086 serre
2059 1053 2211 1086 sumum.

1314 1103 1376 1138 Vs.
1387 1104 1447 1138 49.
1469 1107 1557 1139 Odor
1573 1102 1806 1152 eoem'yravz's]
1824 1105 1858 1138 id
1872 1111 1934 1145 est,
1949 1117 2011 1138 wo
2024 1117 2058 1138 es
2068 1104 2212 1138 stinckt.

1211 1153 1349 1196 Latini,
1389 1163 1429 1189 ut
1455 1155 1545 1189 mihi
1575 1157 1736 1197 videtur,
1771 1169 1880 1200 grave
1897 1157 1997 1190 olens
2024 1168 2092 1200 pro
2111 1155 2212 1189 omni

1211 1207 1347 1240 foetore
1367 1213 1400 1240 et
1416 1209 1512 1241 malo
1530 1209 1641 1241 odore
1657 1215 1847 1252 usurpant.

1315 1258 1375 1290 Vs.
1393 1258 1455 1291 50.
1495 1257 1753 1304 Saxasonant]
1789 1260 1852 1293 ubi
1884 1266 1934 1293 est
1958 1257 2079 1300 Echo,
2115 1258 2213 1305 quia,

1212 1309 1358 1352 quando
1391 1309 1489 1352 ipsae
1513 1309 1687 1348 stridunt,
1729 1315 1815 1341 tunc
1837 1307 2001 1340 redditur
2022 1308 2143 1347 Echo,
2179 1314 2214 1340 et

1212 1359 1260 1391 ita
1289 1361 1561 1404 perturbantur.
1630 1359 1723 1394 Nam
1755 1371 1885 1392 sonum
1919 1364 2137 1402 agnoscunt,
2179 1365 2214 1391 et

1212 1423 1301 1444 sono
1321 1412 1502 1445 ducuntur
1519 1412 1638 1444 etiam.
1693 1410 1739 1443 Et
1757 1422 1979 1456 quamquam
1996 1407 2132 1443 habent
2149 1421 2213 1442 na-

1212 1463 1346 1496 turales
1376 1463 1646 1502 inclinationes,
1684 1469 1805 1495 tamen
1841 1468 1892 1495 est
1918 1474 2062 1507 quoque
2098 1461 2135 1494 in
2163 1461 2212 1495 eis

1213 1515 1390 1558 quaedam
1410 1515 1566 1557 agnitio,
1603 1520 1642 1547 ut
1660 1515 1697 1546 in
1715 1514 1863 1547 caeteris
1879 1526 2024 1559 quoque
2048 1513 2213 1545 animali-

1212 1565 1277 1598 bus
1290 1591 1299 1604 ,
1327 1565 1418 1598 sicut
1435 1566 1472 1598 iu
1486 1566 1612 1605 asinis,
1639 1567 1681 1598 de
1701 1565 1828 1610 quibus
1847 1565 1969 1598 scribit
1983 1562 2213 1605 Plutarchus,

1214 1618 1313 1661 quod
1329 1617 1544 1650 memoriam
1565 1618 1684 1662 aliqua
1705 1629 1745 1649 ex
1764 1623 1866 1661 parte
1881 1613 2056 1655 habeant,
2084 1622 2119 1649 et
2132 1616 2213 1660 pul-

1773 1668 1904 1701 Scribit
1935 1667 2074 1701 asinum
2101 1679 2213 1713 quen-

1213 1720 1295 1751 dam
1313 1720 1458 1753 solitum
1478 1733 1551 1753 esse
1568 1721 1660 1753 ferre
1675 1720 1776 1759 sales,
1805 1719 1865 1765 qui
1885 1731 1964 1753 cum
1982 1720 2027 1752 ad
2043 1719 2212 1763 paludem

1212 1770 1366 1804 venisset
1384 1772 1495 1811 forte,
1523 1785 1558 1805 se
1582 1772 1757 1805 immersit
1783 1783 1919 1817 aquae,
1947 1771 2070 1804 volens
2095 1783 2130 1804 se
2149 1782 2213 1803 vo-

1211 1822 1338 1856 lutare.
1393 1823 1510 1856 Servit
1531 1830 1649 1857 autem
1666 1823 1779 1856 levari
1794 1835 1830 1856 se
1849 1834 1968 1856 onere.
2015 1821 2104 1855 Cum
2121 1822 2212 1855 sales

1213 1874 1362 1907 resoluti
1379 1881 1506 1914 essent,
1534 1882 1656 1920 postea
1677 1888 1754 1907 cum
1773 1887 1895 1907 rursus
1912 1874 1980 1906 iter
1998 1874 2132 1906 faceret
2148 1885 2213 1917 per

1214 1927 1366 1958 eundem
1395 1927 1533 1967 locum,
1561 1927 1610 1960 ibi
1633 1939 1669 1960 se
1695 1938 1839 1971 quoque
1866 1924 2061 1965 volutavit,
2103 1924 2212 1970 idque

1213 1977 1316 2009 tertia
1337 1978 1412 2007 vice
1431 1978 1594 2008 faciebat.
1631 1977 1793 2007 Tandem
1810 1973 2062 2016 imposuerunt
2078 1976 2110 2005 ei
2125 1985 2214 2017 pan—

1212 2038 1300 2059 num
1313 2052 1322 2065 ,
1361 2032 1395 2059 et
1414 2038 1492 2059 cum
1512 2026 1618 2059 solito
1637 2037 1736 2058 more
1755 2025 1791 2056 in
1812 2036 1903 2069 aqua
1928 2035 2058 2068 corpus
2074 2024 2213 2058 voluta-

1213 2083 1287 2117 ret,
1322 2078 1432 2111 sensit
1456 2077 1652 2121 plurimum
1678 2090 1713 2110 se
1737 2076 1901 2119 gravari,
1943 2087 2022 2109 cum
2047 2075 2214 2108 videlicet

1213 2129 1325 2173 panni
1343 2127 1538 2162 humectati
1558 2134 1683 2162 essent.
1738 2127 1784 2160 Et
1807 2127 1973 2172 deinceps
1998 2139 2078 2160 cum
2103 2128 2214 2160 ferret

1214 2181 1322 2219 sales,
1349 2192 1425 2213 non
1450 2180 1604 2224 amplius
1627 2192 1700 2213 sese
1727 2179 1914 2213 volutavit.
1977 2177 2065 2211 Item
2092 2179 2213 2213 asinus

1215 2233 1376 2275 agnoscit
1402 2229 1571 2272 herbam,
1615 2244 1705 2277 quae
1738 2238 1888 2264 vocatur
1921 2230 2213 2275 scolopendrion,

1215 2283 1326 2316 veteri
1356 2283 1597 2327 appellatione
1633 2284 1831 2327 asplenum.
1908 2281 2030 2323 Hanc,
2066 2283 2212 2328 quando

1215 2335 1307 2367 male
1325 2334 1470 2368 affectus
1495 2342 1562 2375 est,
1592 2336 1752 2381 quaerit:
1783 2347 1866 2379 ergo
1891 2346 2033 2368 necesse
2058 2340 2109 2367 est
2130 2345 2211 2366 eum

1214 2384 1345 2419 habere
1369 2386 1579 2427 discrimen,
1618 2400 1689 2433 quo
1714 2387 1894 2420 discernat
1921 2398 1938 2418 a
1965 2385 2112 2431 reliquis
2131 2382 2213 2418 her-

1213 2437 1278 2470 bis.
1334 2438 1454 2481 Quare
1482 2452 1703 2485 quamquam
1731 2440 1766 2471 iu
1794 2437 2037 2470 animantibus
2060 2436 2213 2470 suntin-

1215 2488 1444 2530 clinationes‚
1475 2503 1567 2535 quae
1585 2497 1667 2524 sunt
1684 2490 1900 2534 principales
1918 2500 2044 2522 causae
2057 2515 2065 2528 ,
2090 2494 2213 2521 tamen

1213 2540 1349 2573 accedit
1379 2554 1522 2587 quoque
1549 2543 1698 2585 agnitio.
1752 2541 1809 2574 Sic
1832 2541 1869 2573 in
1894 2540 2019 2585 apibus
2038 2545 2090 2574 est
2108 2546 2212 2572 natu-

1213 2592 1298 2625 ralis
1323 2592 1530 2633 inclinatio,
1564 2600 1603 2627 ut
1628 2594 1760 2627 faciant
1785 2592 2040 2632 domunculas,
2075 2592 2136 2625 sed
2159 2597 2212 2623 ta-

1249 2710 1278 2739 4)
1299 2710 1416 2735 Aristot.
1437 2711 1509 2735 nist.
1531 2710 1640 2735 animal.
1662 2709 1752 2739 219.
1773 2709 1821 2733 Ed.
1844 2710 2000 2735 Schneider.
