2341 2973
218 119 293 155 307

220 217 290 252 qua
306 218 343 239 re
354 205 384 252 ¹)
402 205 491 239 utili.
535 205 656 250 Quare
675 206 887 252 plerumque
905 206 1016 252 aliqui
1033 205 1102 238 loci
1119 218 1214 238 com-

220 269 345 290 munes
363 263 615 298 assumuntur,
643 263 683 290 ut
705 259 800 302 apud
817 258 1008 301 Virgilium
1031 256 1151 291 statim
1179 257 1216 289 in

220 308 336 353 prima
362 307 496 352 Ecloga
521 309 732 353 deploratur
763 309 895 342 bellum
925 308 1039 342 civile.
1108 307 1217 353 Apud

221 357 455 392 Theocritum
498 359 751 404 vituperantur
799 359 1047 394 venustissime
1089 359 1218 393 divites

222 410 344 451 avari,
387 410 449 456 qui
474 411 602 444 nolunt
627 409 777 444 honesta
797 411 930 444 studia'
947 411 1093 452 iuvare,
1137 424 1216 444 cum

222 461 350 495 recitat
371 461 477 495 fuisse
499 462 679 507 quendam
711 462 864 505 pastoris
889 461 1115 502 ministrum,
1156 462 1219 508 qui

224 512 384 559 quotidie
401 512 599 546 sacrificare
618 512 730 546 Musis
753 525 864 546 unam
888 526 991 546 ovem
1014 513 1139 547 solitus
1162 514 1219 553 sit,

223 570 263 597 ut
280 564 458 609 reliquum
477 575 619 607 gregem
637 564 761 597 Musae
778 571 975 599 servarent.
1006 564 1221 599 Crescebant

224 615 333 659 igitur
353 627 436 648 oves
452 615 609 655 domini,
644 627 722 648 cum
747 628 832 659 grex
857 628 932 649 non
957 616 1092 660 periret
1113 615 1221 661 pesti-

226 666 334 699 lentia
363 672 425 699 aut
442 666 519 699 aliis
544 666 698 706 morbis,
720 679 785 711 per
810 667 949 712 aliquot
973 679 1098 702 annos.
1152 667 1221 700 Sed

226 718 370 750 tandem
405 717 506 750 audit
537 717 706 750 dominus
738 718 900 763 quotidie
935 719 1085 752 mactari
1110 730 1220 751 unam

227 780 330 801 ovem
351 767 474 802 Musis.
528 768 630 801 Hanc
649 769 824 802 iacturam
843 769 934 802 tanti
959 770 1059 809 fecit,
1096 776 1136 802 ut
1156 769 1222 802 mi-

226 820 379 853 nistrum
408 818 631 863 puniendum
653 820 813 860 duxerit,
843 821 905 866 qui
926 821 1085 865 exposita
1104 832 1222 859 causa,

228 883 307 904 cum
328 870 471 904 dixisset
487 882 628 915 gregem
646 883 664 903 a
683 871 795 905 Musis
818 878 1000 905 servatum
1026 884 1118 912 esse,
1154 871 1223 904 Ex-

227 922 368 966 periar,
404 921 540 966 inquit,
581 934 627 955 an
653 921 777 956 Musae
801 921 973 956 hactenus
999 922 1223 957 servaverint

229 985 371 1017 gregem
396 979 429 1006 te
452 979 586 1007 amoto,
647 971 799 1006 Includit
822 974 930 1018 igitur
953 974 1158 1008 ministrum
1186 973 1223 1005 in

230 1036 353 1058 cavam
370 1024 558 1064 arborem,
584 1030 624 1057 ut
648 1036 728 1057 eum
752 1025 846 1058 fame
871 1026 1096 1059 interficeret.
1149 1024 1224 1057 Ali-

232 1081 367 1121 quanto
385 1081 465 1119 post
483 1081 578 1108 totus
600 1087 684 1119 grex
708 1075 911 1119 pestilentia
937 1076 1103 1110 moritur.
1157 1075 1224 1107 Hic

232 1139 361 1160 avarus
381 1132 504 1170 pastor
529 1138 720 1171 agnoscere
744 1139 848 1160 suum
874 1128 986 1161 scelus
1009 1127 1154 1171 incipit,
1190 1132 1224 1159 et

232 1178 388 1222 priorem
415 1177 619 1212 ministrum
645 1177 834 1212 desiderat.
902 1179 1011 1212 Forte
1040 1178 1149 1222 igitur
1178 1178 1223 1210 ad

230 1230 398 1263 arborem
422 1229 540 1269 venit,
576 1229 613 1262 in
643 1241 751 1275 quam
774 1243 916 1264 servum
943 1231 1155 1269 incluserat,
1190 1234 1225 1261 et

231 1281 406 1325 comperit
419 1280 623 1314 ministrum
651 1279 768 1315 adhuc
792 1282 933 1323 vivere,
967 1294 1007 1315 ac
1030 1281 1174 1314 interim
1203 1292 1222 1312 a

229 1332 343 1366 Musis
359 1332 482 1365 alitum
506 1345 600 1373 esse,
634 1345 726 1377 quae
749 1345 857 1377 apum
881 1346 1030 1367 examen
1056 1333 1093 1366 in
1119 1332 1224 1365 arbo-

229 1396 305 1417 rem
324 1384 516 1423 miserant,
544 1390 583 1416 ut
602 1383 650 1416 ibi
677 1385 747 1417 mel
768 1385 945 1426 facerent,
981 1397 1052 1430 quo
1077 1383 1222 1416 interim

231 1435 385 1469 inclusus
402 1435 459 1467 ille
477 1441 582 1480 poeta
600 1435 782 1470 viditarit.
837 1436 928 1469 Hinc
947 1437 1048 1469 facile
1074 1434 1225 1478 intelligi

231 1493 367 1531 potest,
396 1486 481 1531 quid
506 1485 734 1530 significetur.
796 1486 847 1520 Ita
873 1488 1005 1532 passim
1031 1486 1224 1531 allegoriae

228 1538 267 1570 in
290 1538 466 1572 Bucolicis
489 1544 718 1582 sparguntur.
786 1538 882 1571 Haec
917 1541 959 1572 de
989 1539 1067 1583 ipso
1096 1549 1224 1582 genere

230 1589 397 1622 carminis
414 1596 447 1622 et
468 1589 615 1622 consilio
633 1589 863 1623 scribentium
881 1590 1040 1623 carmina
1055 1588 1224 1623 Bucolica

231 1640 451 1674 observanda
472 1646 565 1673 sunt.

591 1719 801 1774 Ecloga
831 1719 862 1759 1.

294 1788 621 1831 Argumentum
651 1785 695 1817 in
723 1785 908 1829 primam
937 1784 1163 1830 Eclogam.

333 1855 455 1889 Prima
475 1853 606 1897 Ecloga
626 1853 785 1886 continet
809 1853 1007 1897 gratiarum
1033 1853 1225 1887 actionem.

231 1906 382 1941 Orditur
397 1912 514 1940 autem
533 1918 550 1938 a
578 1905 818 1949 gratulatione
839 1905 984 1939 alterius
1011 1904 1154 1945 rustici,
1186 1910 1227 1938 ut

232 1964 321 1992 esset
343 1958 480 1992 occasio
499 1956 738 1996 narrationis,
768 1968 837 2002 qua
860 1957 968 2000 paulo
995 1956 1100 1990 altius
1126 1968 1226 2000 repe-

230 2009 294 2042 tita
330 2009 544 2043 rusticorum
580 2020 682 2041 more
718 2014 979 2041 commemorat
1013 2008 1225 2041 beneficium

232 2060 404 2094 Caesaris.
455 2061 603 2098 Postea,
631 2066 670 2092 ut
686 2059 762 2091 fieri
779 2060 888 2100 solet,
916 2060 1110 2105 amplificat
1132 2059 1225 2093 istud

230 2112 440 2145 beneficium
459 2112 503 2145 ab
521 2112 646 2144 effectu
662 2123 723 2144 seu
740 2123 758 2143 a
781 2111 1080 2157 consequentibus
1093 2137 1102 2150 ,
1130 2110 1227 2143 vide-

232 2164 332 2204 licet,
361 2164 456 2208 quod
474 2175 568 2196 nunc
584 2162 683 2195 (lomi
702 2163 807 2196 rebus
823 2163 894 2197 suis
913 2169 990 2196 tuto
1014 2162 1085 2195 frui
1110 2162 1226 2201 liceat,

232 2221 266 2248 et
282 2215 326 2248 sit
344 2215 486 2252 beatus;
529 2215 610 2247 item
635 2214 844 2247 collatione:
880 2214 952 2247 Alii
970 2213 1071 2247 eiecti
1089 2225 1226 2257 posses-

233 2266 393 2300 sionibus
416 2265 571 2298 exulant.
624 2265 669 2298 Εἰ
687 2263 744 2298 hic
761 2266 1028 2309 adsperguntur
1045 2265 1224 2310 quaedam

230 2314 398 2364 710219772);
444 2316 528 2349 Item
562 2314 801 2359 epiphonema
836 2329 854 2349 a
888 2328 992 2350 causa
1026 2317 1223 2349 malorum:

231 2369 370 2402 Bellum
389 2367 490 2401 civile
507 2367 594 2401 tales
619 2368 838 2402 calamitates
861 2368 976 2403 affert.
1032 2367 1223 2401 Conclusio

231 2420 340 2454 habet
365 2416 575 2455 ἇδύνατονῑ
611 2417 706 2461 Ergo
725 2419 824 2462 prius
843 2432 962 2453 rerum
991 2426 1121 2453 natura
1146 2431 1224 2451 mu-

233 2472 384 2511 tabitur,
424 2483 531 2516 quam
567 2470 756 2503 obliviscar
784 2468 888 2504 huius
912 2471 1086 2505 beneficii.
1145 2469 1224 2504 Erit

231 2523 340 2565 igitur
376 2522 658 2556 adolescentibus
695 2518 780 2553 haec
814 2522 945 2567 Ecloga
992 2523 1222 2556 commodum

234 2575 434 2617 exemplum
472 2575 677 2607 tractandae
702 2572 898 2615 gratiarum
923 2574 1093 2615 actionis,
1130 2585 1222 2619 quae

272 2659 298 2683 tt
319 2658 351 2681 de
372 2658 464 2715 {liqna
483 2660 528 2687 re]
549 2659 589 2682 sic
607 2657 692 2684 Editt,
713 2657 807 2689 1568.‚
828 2657 920 2686 1593.;
951 2659 999 2683 Eu.
1019 2658 1093 2682 1565.
1115 2658 1147 2681 de
1168 2657 1221 2681 uli-

303 2699 355 2721 qua
394 2699 408 2715 e
427 2699 467 2717 rc.

267 2737 296 2764 2)
318 2736 395 2760 Cous.
416 2742 500 2766 :supra
519 2743 543 2766 p.
558 2736 617 2761 299.
638 2737 701 2760 nota
717 2736 741 2760 5.

801 119 925 155 PHIL.
962 119 1075 154 MEL.
1109 118 1310 154 SCRIPTA
1339 118 1677 155 PHILOLOGICA.

2190 122 2265 158 308

1267 212 1406 239 constat
1442 203 1726 251 enthymemate:
1770 205 1905 250 Magno
1931 206 2105 241 beneficio
2130 219 2149 241 a
2177 207 2265 242 Cae-

1267 270 1345 291 sare
1363 270 1441 291 sum
1459 257 1621 292 affectus:
1646 270 1730 302 ergo
1747 269 1933 302 nunquam
1951 257 2044 293 illius
2062 259 2265 294 obliviscar.

1268 309 1509 349 Antecedens‚
1536 315 1576 342 ut
1593 309 1684 349 dixi,
1713 315 1764 343 est
1789 308 2045 353 amplificatum
2069 322 2264 355 propemo-

1270 362 1354 394 dum
1373 360 1486 394 tribus
1504 357 1711 394 schematis:
1742 360 1786 393 ab
1811 360 1994 394 effectibus
2016 373 2079 395 seu
2100 373 2119 395 a
2144 374 2266 396 conse-

1272 411 1475 457 quentibus,
1502 411 1693 444 collatione
1711 417 1745 444 et
1762 411 1902 446 affectu.
1938 411 2031 446 Nam
2049 419 2201 454 caetera,
2227 418 2267 446 ut

1273 464 1307 495 in
1327 468 1512 507 poemate,
1543 469 1625 496 sunt
1638 462 1833 507 dialogica‚
1861 469 1895 496 et
1909 462 2108 498 inserviunt
2124 465 2268 498 decoro.

1315 547 1416 582 Alia
1446 548 1698 593 dispositio
1728 548 1930 582 eiusdem
1960 549 2003 581 in
2033 550 2220 583 eandem

1658 599 1882 643 Eclogam.
2149 644 2152 648 ⁴

1376 666 1473 699 Haec
1490 666 1621 710 Ecloga
1639 679 1701 700 seu
1721 672 1793 699 tota
1814 664 1901 699 haec
1918 667 2035 700 oratio
2051 666 2191 712 generis
2208 666 2268 699 de-

1276 718 1504 752 monstrativi
1535 724 1596 752 est.
1673 718 1765 752 Nam
1799 724 2052 763 praeterquam
2085 719 2182 763 quod
2211 715 2269 750 hic

1277 768 1420 803 Caesari
1435 768 1595 812 Augusto
1620 770 1684 803 sub
1709 769 1828 814 Tityri
1850 781 2002 814 persona
2030 769 2163 813 gratias
2185 768 2270 812 agit,

1277 820 1338 865 qui
1357 820 1466 854 totius
1482 820 1634 864 Eclogae
1653 827 1764 854 status
1784 827 1855 861 est,
1890 821 2024 854 multae
2040 826 2123 854 sunt
2137 817 2196 853 hic
2211 831 2270 852 ur-

1275 871 1374 904 bium
1402 878 1507 917 atque
1533 872 1695 904 locorum
1719 872 1841 906 laudes
1869 878 1903 905 et
1926 870 2199 916 descriptiones,
2227 871 2270 903 de

1277 921 1398 955 ltaliae
1417 929 1450 955 et
1467 928 1627 956 veterum
1646 923 1871 963 colonorum,
1900 923 1960 968 qui
1980 923 2073 966 agris
2089 922 2270 967 pelleban-

1277 980 1355 1014 tur,
1383 973 1534 1008 miseriis
1559 980 1593 1007 et
1618 974 1879 1007 calamitatibus
1899 974 2083 1019 querelae,
2111 972 2268 1006 civilium

1276 1025 1454 1057 bellorum
1471 1025 1688 1069 vituperatio
1713 1031 1748 1057 et
1774 1025 1963 1059 execratio.
2024 1024 2182 1058 Maxime
2209 1035 2271 1057 au-

1278 1082 1347 1108 tem
1368 1075 1405 1108 in
1421 1076 1603 1109 laudando
1619 1077 1781 1119 Augusto
1797 1083 1959 1110 versatur
1983 1082 2103 1120 poeta.
2163 1074 2210 1108 Et
2231 1081 2271 1107 ut

1279 1127 1453 1160 orationis
1476 1127 1603 1160 seriem
1629 1139 1669 1160 ac
1695 1127 1967 1171 dispositionem
1991 1127 2132 1160 facilius
2150 1125 2270 1159 videre

1278 1190 1318 1210 ac
1342 1178 1529 1222 complecti
1555 1178 1591 1210 in
1617 1178 1740 1210 animo
1763 1178 2004 1211 adolescentes
2025 1177 2182 1222 possint,
2218 1176 2271 1209 in-

1277 1229 1404 1262 dicabo
1430 1229 1538 1273 paulo
1564 1229 1737 1273 prolixius
1762 1229 1931 1263 carminis
1953 1229 2130 1263 ordinem.
2182 1227 2273 1261 Pro-

1278 1280 1408 1325 positio
1433 1286 1501 1315 est:
1544 1280 1619 1315 Nos
1654 1281 1782 1314 misere
1817 1278 1991 1314 habemus
2013 1279 2106 1325 pulsi
2131 1279 2272 1313 sedibus

1277 1331 1420 1365 nostris.
1486 1330 1588 1364 Hanc
1617 1331 1903 1375 propositionem
1930 1331 2098 1375 figuravit
2127 1336 2274 1363 conten-

1278 1383 1375 1415 tione
1409 1388 1443 1415 et
1473 1380 1656 1415 antithesi:
1698 1382 1745 1415 At
1779 1389 1818 1416 tu
1841 1382 2008 1422 interim,
2042 1381 2105 1427 qui
2128 1381 2272 1414 meliori

1278 1435 1421 1467 fortuna
1442 1433 1571 1474 uteris,
1605 1446 1750 1467 securus
1774 1434 1954 1467 cantando
1981 1433 2045 1466 sub
2069 1432 2192 1477 patula
2217 1443 2273 1465 ar-

1278 1487 1364 1519 bore
1383 1491 1415 1518 te
1435 1485 1602 1518 oblectas.
1654 1484 1718 1518 Est
1738 1498 1882 1531 quoque
1906 1482 2087 1518 schemate
2100 1510 2111 1525 ,
2138 1483 2274 1528 expoli-

1278 1537 1395 1576 tione,
1428 1535 1602 1569 illustrata
1628 1536 1850 1580 propositio,
1883 1548 1923 1569 ac
1947 1532 2108 1570 affectu.v
2142 1533 2274 1568 Obser—

1278 1587 1378 1621 vabis
1395 1593 1512 1620 autem
1524 1586 1693 1620 Meliboei
1712 1587 1912 1620 orationem
1929 1592 2138 1631 perpetuam
2159 1598 2274 1631 quan-

1278 1640 1361 1672 dam
1380 1650 1453 1672 esse
1473 1638 1739 1683 querimoniam
1757 1639 2000 1671 calamitatum
2013 1664 2022 1677 ,
2056 1643 2091 1670 et
2112 1636 2273 1671 miseria-

1278 1703 1358 1723 rum
1383 1689 1689 1733 deplorationem3
1731 1689 1850 1735 Tityri
1873 1701 1959 1722 vero
1986 1687 2272 1733 gratulatoriam,

1279 1741 1341 1786 qui
1360 1740 1494 1785 ubique
1510 1741 1662 1784 Augusti
1679 1740 1801 1774 laudes
1813 1767 1821 1781 ,
1849 1747 1883 1774 et
1901 1740 1995 1774 iltius
2013 1751 2096 1784 erga
2114 1751 2150 1774 se
2166 1739 2273 1772 bene-

1279 1792 1355 1825 ficia
1374 1792 1500 1836 pleno,
1529 1792 1627 1837 quod
1650 1792 1770 1833 aiunt,
1797 1804 1858 1825 ore
1883 1791 2078 1836 praedicat.
2132 1789 2273 1824 Deinde

1280 1842 1519 1888 propositioni
1536 1843 1655 1877 statim
1674 1849 1810 1876 mutata
1830 1855 1982 1888 persona
2001 1841 2272 1875 benevolentiae

1280 1895 1520 1939 captationem
1547 1895 1708 1934 subiicit,
1743 1906 1834 1939 quae
1858 1900 1970 1927 tracta
1999 1899 2050 1926 est
2074 1904 2092 1925 a
2111 1892 2273 1927 Caesaris

1279 1958 1431 1990 persona
1445 1972 1455 1986 ,
1482 1947 1566 1979 dum
1587 1946 1686 1979 illum
1704 1945 1821 1978 Deum
1837 1945 2013 1989 appellat,
2041 1949 2075 1977 et
2092 1943 2167 1978 eius
2181 1944 2219 1977 in
2235 1956 2271 1978 se

1279 1997 1447 2031 beneficia
1468 2003 1638 2031 recenset.

1381 2048 1516 2088 Porro,
1543 2060 1587 2081 ne
1605 2047 1752 2091 Tityrus
1770 2046 1968 2091 suspicetur
1984 2046 2202 2079 Meliboeum
2218 2045 2272 2078 in-

1280 2100 1400 2133 videre
1417 2100 1483 2134 sibi
1500 2099 1586 2132 illud
1605 2098 1739 2138 otium,
1768 2110 1846 2131 cum
1865 2109 1966 2131 suam
1984 2098 2167 2131 fortunam
2190 2109 2270 2130 cum

1280 2151 1373 2185 illius
1388 2151 1554 2184 felicitate
1579 2151 1734 2189 confert,
1771 2162 1854 2182 mox
1880 2149 1969 2182 illud
1993 2154 2164 2194 occupat,
2196 2160 2269 2181 non

1279 2203 1359 2236 ideo
1377 2214 1412 2235 se
1438 2202 1530 2234 illius
1557 2202 1739 2234 fortunam
1765 2200 1993 2244 praedicare,
2029 2206 2064 2234 et
2086 2211 2187 2234 suam
2212 2200 2272 2232 de-

1280 2255 1442 2298 plorare,
1470 2254 1566 2298 quod
1594 2253 1629 2285 id
1652 2252 1719 2286 sibi
1746 2253 1884 2293 doleat,
1918 2253 1977 2286 sed
2002 2251 2053 2285 ait
2074 2263 2110 2286 se
2133 2250 2272 2291 mirari,

1279 2306 1374 2350 quod
1393 2304 1430 2336 in
1450 2304 1523 2337 istis
1541 2304 1649 2337 tantis
1673 2304 1849 2343 motibus,
1885 2309 1919 2336 et
1944 2309 2103 2337 veterum
2126 2302 2271 2335 colono-

1278 2368 1355 2389 rum
1378 2356 1645 2395 exturbatione,
1673 2356 1768 2390 solus
1786 2355 1934 2400 Tityrus
1956 2366 2039 2388 suos
2060 2365 2164 2398 agros
2181 2352 2272 2386 ohti-

1277 2414 1377 2447 neat,
1406 2413 1439 2440 et
1459 2407 1532 2440 otio
1558 2407 1620 2440 illo
1644 2409 1802 2447 fruatur,
1840 2418 1918 2439 cum
1944 2411 2064 2438 tamen
2088 2406 2132 2438 ad
2157 2404 2271 2438 nemi-

1277 2472 1357 2492 nem
1376 2472 1448 2491 non
1474 2459 1572 2493 istius
1598 2459 1683 2491 mali
1708 2458 1804 2491 labes
1830 2456 2044 2501 pervenerit.
2097 2455 2213 2501 Atque
2231 2461 2270 2489 ut

1277 2523 1378 2544 suum
1400 2511 1637 2544 infortunium
1656 2510 1766 2553 magis
1783 2515 1948 2542 testatum
1970 2507 2078 2540 saciat
2095 2513 2129 2540 et
2155 2507 2270 2540 decla-

1277 2569 1329 2595 ret
1349 2562 1477 2607 Tityro
1491 2589 1499 2602 ‚
1528 2560 1716 2600 δεικτικῶς
1733 2560 1763 2593 ei
1783 2560 1935 2604 capellas
1947 2586 1956 2599 ,
1985 2571 2072 2604 quas
2089 2570 2193 2602 aeger
2207 2569 2269 2602 pa-

1277 2615 1341 2647 tria
1362 2620 1395 2646 et
1413 2614 1484 2647 suis
1501 2614 1605 2647 bonis
1623 2613 1743 2658 pulsus
1762 2612 1931 2651 ducebat,
1958 2622 2079 2643 coram
2096 2609 2267 2643 ostendit:

1276 2678 1382 2711 quam
1400 2666 1640 2698 calamitatem
1660 2670 1764 2707 auget
1781 2663 1887 2695 etiam
1915 2662 2062 2702 affectu,
2098 2673 2176 2694 cum
2204 2671 2268 2703 per

1247 2709 1517 2763 {hypotyposin
1552 2717 1600 2750 ait
1633 2728 1668 2750 se
1703 2715 1760 2748 vix
1792 2716 1919 2748 ducere
1944 2714 2134 2758 capellam,
2177 2722 2269 2756 quae
