2341 2973
193 123 267 158 363
782 118 904 155 PHIL.

192 209 236 243 sit
265 220 375 253 parva
403 206 581 251 quaedam
606 205 721 239 insula
739 205 855 238 vicina
875 205 1067 239 Norbeiae.
1119 204 1188 239 Sed
1213 218 1218 279 Ι

193 266 328 293 veteres
353 256 551 291 Norbeiam
576 256 838 291 intellexerunt.
901 255 1041 290 Dicitur
1066 262 1185 290 autem

190 310 348 345 Norbeia
375 321 393 341 a
420 307 675 353 septentrione.
742 307 834 342 Nam
858 306 950 342 Nort
973 307 1187 353 septentrio·
1213 316 1215 326 ’

190 373 270 394 nem
288 359 474 404 significat.

294 410 353 445 Vs.
386 411 446 444 31.
488 413 654 446 Generum
689 407 798 456 emat]
845 409 882 441 id
917 416 985 448 est,
1028 409 1086 442 det
1121 408 1186 442 tibi

188 474 297 497 unam
318 460 536 507 Nympham.
573 460 710 494 Alludit
737 461 781 493 ad
802 459 902 493 illum
929 466 1084 493 veterem
1108 472 1185 493 mo-

192 527 288 554 rem,
318 514 378 559 qui
401 513 586 546 dicebatur
610 511 801 554 coemptiO.

345 563 727 607 .32.A›1neuorum]
763 562 796 594 id
825 568 895 601 est,

187 618 326 662 signum
346 616 382 647 in
404 614 505 648 Zodi
507 627 572 647 teo.
1210 639 1212 641 ,

290 667 349 701 Vs.
369 666 429 700 33.
467 661 654 711 Eriyonen]
681 664 717 697 id
735 670 809 704 est,
839 663 1027 708 virginem.
1081 662 1185 696 Scor·
1209 647 1212 687 l

185 720 266 764 pius
279 715 467 752 contrahet
477 715 618 756 Chelas,
634 721 673 748 ut
689 715 754 749 tibi
770 716 830 748 det
846 715 977 749 locum.
1011 713 1105 748 Nam
1124 713 1183 747 ille
1209 736 1211 746 1

187 772 285 804 locus
303 769 435 802 Librae
463 768 560 813 apud
578 773 714 800 veteres
734 773 768 800 et
790 766 1000 810 praesertim
1025 765 1183 798 Graecos

185 834 261 855 non
285 821 471 854 dicebatur
494 818 602 852 Libra
617 845 626 859 ‚
655 819 715 851 sed
740 815 882 851 Chelae.
936 816 987 850 Ita
1012 815 1182 861 Scorpius

184 873 382 918 occupabit
401 872 473 905 duo
491 870 603 915 signa.
658 869 836 903 Fortassis
854 868 981 902 alludit
1004 874 1110 913 poeta
1137 868 1180 900 ad

183 925 303 958 locum
336 922 536 956 nativitatis
567 921 740 965 Augusti,
784 920 882 966 quod
915 922 958 955 Ύ“.
976 919 1019 951 *Al-⁸
1051 919 1088 953 in
1118 916 1183 952 ho-

183 987 336 1020 roscopo
354 973 533 1018 Augusti
523 985 584 1005 mv
587 978 666 1005 enta
687 972 750 1011 sit,
784 983 1005 1017 quamquam
1022 971 1183 1005 scribunt

183 1039 264 1061 eum
283 1027 321 1059 in
337 1026 548 1059 ascendente
573 1024 602 1057 ὅ
629 1021 806 1056 habuisse.
860 1021 911 1055 Ita
927 1022 1049 1056 fuisset
1072 1021 1115 1052 ὲ
1144 1022 1181 1054 in

183 1078 303 1112 medio
330 1077 449 1116 coelo,
478 1082 512 1108 et
537 1075 663 1119 procul
692 1074 801 1107 dubio
827 1073 976 1118 insignis
1004 1073 1123 1119 aliqua
1144 1073 1182 1105 in

187 1142 228 1163 ea
250 1127 476 1167 coniunctio,
506 1126 603 1172 quod
626 1125 839 1170 significavit
868 1137 949 1159 eum
974 1125 1071 1169 pacis
1096 1124 1180 1157 arti-

183 1182 249 1215 bus
268 1179 457 1213 clariorem
477 1190 585 1223 quam
603 1177 696 1210 bello
716 1177 889 1210 futurum.
944 1175 1102 1220 Erigone
1128 1175 1181 1209 di-

183 1233 276 1266 citur
299 1244 372 1265 esse
394 1230 466 1263 filia
485 1229 597 1269 Icari,
625 1228 686 1274 qui
712 1228 849 1273 primus
872 1227 1089 1261 monstravit
1108 1227 1180 1260 suis

183 1283 288 1319 sociis
306 1282 442 1316 vinum.
495 1279 549 1314 Illi
565 1279 734 1313 inebriati
750 1292 828 1313 cum
848 1284 1016 1324 putarent
1035 1278 1102 1313 sibi
1118 1279 1180 1312 da-

184 1343 260 1369 tum
286 1346 359 1368 esse
375 1344 552 1366 venenum
566 1359 575 1372 ,
603 1332 859 1365 interfecerunt
878 1329 1036 1370 Icarum,
1064 1336 1097 1363 et
1119 1330 1179 1364 ab·

182 1387 273 1420 iecto
311 1396 461 1429 corpore
502 1383 576 1418 eius
612 1383 649 1415 in
684 1380 912 1427 sepulchrum
952 1381 1179 1426 aufugerunt.

182 1437 312 1472 Postea
340 1436 436 1469 canis
466 1433 681 1468 monstravit
719 1434 811 1467 filiae
850 1433 967 1467 locum
1000 1439 1034 1466 et
1063 1433 1179 1477 sepul-

181 1487 320 1522 chrum.
374 1487 529 1531 Propter
552 1484 620 1519 hoc
643 1491 725 1519 sunt
747 1483 911 1518 translati
938 1484 1031 1517 inter
1049 1484 1179 1518 sidera.

182 1540 265 1586 Quo
300 1538 536 1582 significatum
578 1543 630 1571 est
665 1549 732 1581 pro
758 1536 895 1570 meritis
924 1536 1076 1580 gratiam
1106 1547 1178 1569 esse

182 1591 416 1624 reddendam.

284 1641 344 1675 V.s
360 1640 420 1674 39.
449 1636 672 1685 Proserpina]
700 1637 736 1670 id
760 1643 830 1678 est,
859 1637 1089 1682 Quamquam
1113 1635 1179 1669 tibi
1204 1618 1207 1670 l

183 1704 328 1739 quoque
347 1692 552 1726 iudicantur
574 1702 647 1723 esse
674 1688 845 1728 minima,
873 1695 993 1721 tamen
1019 1699 1093 1720 non
1119 1674 1206 1720 de-

182 1744 337 1778 truderis
364 1745 409 1776 ad
432 1743 584 1780 inferos,
623 1741 684 1774 sed
713 1739 782 1772 eris
805 1751 898 1773 unus
924 1751 965 1772 cx
988 1738 1178 1778 Heroibus,
1203 1733 1206 1777 Ι

183 1808 272 1841 quos
289 1795 353 1839 ipsi
373 1794 580 1831 coluerunt,
607 1792 698 1824 sicut
714 1802 781 1824 nos
799 1790 948 1823 colimus
967 1795 1119 1823 sanctos.

284 1846 344 1880 V.s
370 1845 431 1879 43.
472 1847 554 1878 Vere
588 1840 689 1890 novo]
734 1841 899 1875 Primum
934 1847 1179 1886 praeceptum,

182 1899 327 1944 quando
347 1896 392 1930 sit
407 1896 596 1929 arandum.

286 1949 345 1982 Vs.
363 1947 423 1982 48.
450 1949 514 1980 Bis
538 1958 622 1992 quae
646 1942 764 1992 solem]
795 1945 830 1977 id
857 1949 928 2001 cst,
966 1943 1026 1977 ubi
1054 1948 1105 1977 est
1128 1943 1179 1975 saa

182 2007 237 2034 cta
256 2005 383 2045 quarta
411 1998 546 2037 aratio,
572 1998 692 2042 primo
719 2003 799 2040 post
827 1994 1044 2040 principium
1073 1993 1179 2034 veris,

181 2051 311 2085 deinde
329 2051 365 2083 in
383 2062 503 2083 mense
522 2048 638 2089 Iunio,
656 2047 762 2081 tertio
783 2048 820 2080 in
838 2053 1026 2086 autumno,
1048 2051 1178 2091 quarto

182 2103 221 2135 in
248 2103 316 2135 fine
340 2099 490 2146 hyemis.
610 2102 675 2134 Bis
695 2096 854 2146 fre’yora]
894 2097 1026 2132 scilicet
1053 2096 1090 2129 in
1117 2108 1179 2129 au-

186 2160 314 2187 tumno
331 2159 365 2186 et
384 2152 420 2184 in
439 2152 506 2184 fine
526 2150 676 2196 hyemis.
729 2150 882 2185 Discatis
899 2155 1017 2182 autem
1036 2147 1095 2180 illa
1121 2159 1179 2191 ge-

186 2217 262 2238 ner
256 2205 323 2237 illd
343 2205 386 2237 de
405 2202 642 2246 agricultura,
671 2202 754 2248 quia
774 2201 885 2235 multa
906 2198 941 2233 h
936 2200 1039 2232 abent
1062 2196 1179 2243 philo-

186 2254 346 2300 sophica.
385 2253 425 2287 In
443 2253 666 2287 Germanis.
656 2266 693 2286 ιη
712 2254 788 2287 solo
809 2251 946 2310 pingui,
967 2257 1006 2284 ut
1024 2251 1061 2282 in
1079 2247 1179 2283 Thu-

186 2307 303 2351 ringia
326 2313 380 2339 ter
402 2305 492 2339 solet
520 2304 636 2343 arati,
673 2311 705 2337 (t
737 2303 884 2337 memini
913 2302 1007 2336 idem
1041 2301 1117 2334 fieri
1142 2301 1178 2333 in

186 2370 267 2392 mea
291 2357 419 2403 patria.
472 2355 511 2389 In
534 2356 712 2400 plerisque
737 2355 844 2388 etiam
870 2353 991 2387 ltaliae
1016 2352 1100 2386 locis
1125 2359 1179 2386 ter

187 2415 323 2443 aratur.
377 2408 445 2442 Sed
465 2407 606 2441 tenuius
622 2406 736 2440 solum
758 2412 818 2439 aut
833 2405 886 2440 bis
912 2411 1052 2444 aratur,
1080 2410 1118 2437 ut
1142 2403 1179 2436 in

188 2460 323 2505 Mysia,
352 2466 412 2493 ant
429 2458 558 2498 semel,
587 2463 626 2491 ut
644 2463 765 2490 nostra
784 2469 914 2494 arcna3
954 2456 1086 2500 pingue
1116 2467 1177 2487 au—

188 2518 282 2551 tem,
309 2517 348 2543 ut
371 2510 463 2551 dixi,
498 2516 570 2549 ter,
597 2508 739 2543 semel
730 2520 766 2540 111
791 2520 893 2547 v‚ere
921 2513 1043 2551 postea
1068 2506 1105 2538 in
1124 2504 1179 2539 lu-

189 2562 271 2602 nio,
301 2562 406 2595 tertio
432 2567 514 2594 ante
540 2560 717 2594 sationem
742 2559 779 2591 in
804 2565 990 2592 autumno.
1042 2555 1083 2590 In
1105 2557 1178 2590 foe-

190 2612 415 2647 cundissimis
430 2612 642 2658 quibusdam
660 2609 782 2644 Italiae
800 2609 885 2643 locis
905 2615 1030 2653 quater
1044 2614 1178 2642 aratur.

189 2664 367 2698 Hesiodus
384 2663 492 2697 etiam
512 2669 650 2697 tantum
668 2663 756 2695 duas
774 2660 878 2706 ponit
895 2660 1087 2699 arationes,
1114 2659 1178 2693 sic-

189 2721 229 2749 ut
254 2714 394 2759 Mysnia
420 2721 541 2749 nostra
565 2721 599 2748 et
622 2712 812 2748 Pannonia
837 2717 977 2746 tantum
1003 2712 1090 2745 duas
1117 2708 1179 2744 ha-
1203 2704 1209 2739 l

932 574 978 594 an
996 562 1082 596 velis
1108 562 1184 595 fieri

934 118 1047 154 MEL.
1084 119 1288 155 SCRIPTA
1318 119 1656 159 PHILOLOGICA.

2169 126 2245 163 564

1241 208 1339 242 bent.
1396 207 1557 242 Primam
1576 209 1776 244 arationem
1802 217 1933 245 vocant
1950 211 2245 256 proscissionem,

1240 260 1434 294 secundam
1454 259 1703 302 iterationem,
1732 261 1875 295 tertiam
1891 263 2148 299 tertiationem.

1344 310 1404 344 Vs.
1430 308 1492 344 50.
1538 313 1587 345 At
1615 310 1730 360 prius]
1773 312 1975 348 Secundum
2012 321 2237 359 praceptum,

1240 361 1338 406 quod
1362 361 1408 395 sit
1429 359 1594 395 habenda
1621 364 1713 397 ratio
1739 364 1913 399 locorum.
2020 363 2171 414 Aequor]
2199 366 2237 400 id

1239 417 1310 451 est,
1337 423 1516 455 campum.

1342 462 1385 497 V.
1411 460 1472 497 53.
1515 465 1604 505 Quid
1627 477 1773 511 quaeque
1795 464 1905 515 ferat]
1949 466 2039 500 sicut
2070 473 2235 501 nostrum

1238 514 1353 547 solum
1380 526 1456 547 nou
1480 515 1549 548 fert
1573 515 1751 555 triticum3
1787 519 1847 552 sed
1872 531 1951 552 cum
1975 517 2126 552 serimus
2143 518 2235 552 triti-

1238 577 1340 604 cum,
1369 565 1536 608 degener
1529 572 1563 598 st
1582 566 1619 598 in
1636 568 1777 602 robum.

1340 615 1400 650 Vs.
1419 614 1479 650 55.
1506 616 1665 665 laius-sa]
1696 619 1732 651 id
1751 625 1821 659 est,
1849 626 1987 663 sponte.

1340 667 1400 702 Vs.
1419 666 1481 701 56.
1520 667 1678 716 Tmolus]
1715 669 1822 704 Mons
1851 669 2014 711 Ciliciae,
2052 672 2114 705 ubi
2141 672 2233 716 opti-

1238 731 1316 752 mus
1334 731 1458 752 crocus
1474 727 1644 753 nascitur.

1338 769 1387 804 Vs
1403 768 1463 804 58.
1500 769 1682 818 Chalybes]
1726 771 1858 816 Populi
1882 771 2045 805 Galatiae
2072 772 2110 805 in
2134 772 2233 813 Asia,

1237 827 1271 854 et
1289 821 1350 853 illa
1375 833 1459 865 pars
1477 820 1649 868 Cha-lybia
1674 822 1870 857 dicebatur.
1923 821 1977 856 Ibi
1993 829 2076 857 sunt
2098 824 2232 857 multae

1237 884 1348 905 venae
1372 873 1531 914 ferreae,
1570 886 1611 907 ex
1641 873 1771 918 quibus
1798 874 1936 908 eruitur
1968 872 2133 920 chalybs,
2169 875 2233 908 der

1235 921 1369 957 Stahel.
1436 923 1483 957 Et
1507 931 1558 959 est
1583 924 1798 969 disputatio,
1841 937 1888 958 an
1915 922 2060 971 chalybs
2089 925 2233 960 differat

1234 975 1350 1019 specie
1368 975 1621 1019 specialissima
1640 988 1660 1009 a
1676 976 1791 1017 ferro,
1817 988 1864 1009 an
1883 988 1968 1009 vero
1985 989 2081 1017 non,
2108 976 2146 1010 id
2167 983 2232 1018 est,

1236 1038 1283 1058 an
1300 1038 1342 1060 ex
1358 1028 1485 1060 eodem
1510 1027 1630 1071 lapide
1647 1034 1849 1073 coquantur
1866 1028 2001 1062 serrum
2021 1035 2056 1062 et
2071 1025 2230 1074 chalybs.

1234 1076 1310 1122 Ego
1329 1078 1452 1111 audivi
1470 1079 1514 1111 de
1532 1076 1600 1112 hac
1615 1091 1653 1112 re
1671 1079 1895 1123 disputantes
1914 1079 2049 1124 peritos
2075 1079 2231 1112 minera-

1234 1129 1340 1169 lium‚
1386 1130 1448 1175 qui
1471 1130 1650 1173 negabant
1674 1142 1715 1163 ex
1740 1131 1865 1163 eodem
1894 1130 2013 1175 lapide
2035 1137 2230 1176 utrumque

1234 1181 1419 1216 metallum
1454 1181 1550 1220 fieri,
1597 1181 1633 1214 id
1677 1182 1774 1227 quod
1814 1193 1879 1225 ego
1921 1181 2031 1214 etiam
2068 1181 2232 1214 animad-

1234 1238 1348 1267 verto.
1459 1232 1598 1276 Virosa]
1624 1232 1661 1265 id
1683 1239 1754 1273 est,
1782 1238 1971 1267 venenata.

1335 1283 1395 1318 Vs.
1425 1281 1487 1318 59.
1526 1285 1702 1329 Castorea]
1744 1283 1939 1328 bibergeyl.
2045 1281 2228 1331 Eliadum]

1232 1334 1364 1380 Epirus
1391 1333 1500 1368 habet
1524 1347 1636 1380 equos
1672 1334 1854 1368 celeritate
1886 1340 2129 1378 praestantes,
2169 1335 2234 1380 qui

1232 1387 1270 1419 in
1287 1385 1487 1431 Olympicis
1511 1385 1766 1420 certaminibus
1788 1386 1833 1418 ad
1856 1384 1988 1418 Eliden
2008 1384 2150 1418 vincere
2174 1397 2232 1419 so-

1234 1438 1365 1471 lebant.
1434 1437 1589 1470 Putatur
1619 1437 1728 1469 etiam
1751 1434 1858 1469 hodie
1887 1435 2084 1480 plurimum
2109 1436 2230 1470 valere

1231 1489 1391 1522 Albanos
1419 1487 1486 1533 (sic
1511 1487 1605 1521 enim
1622 1486 1791 1532 Epirotas
1811 1499 1907 1520 nunc
1928 1486 2076 1533 vocant)
2103 1486 2141 1520 in
2165 1499 2230 1533 pu-

1232 1552 1300 1584 gna
1321 1539 1490 1585 equestri.

1334 1598 1394 1633 V.s
1418 1598 1479 1632 60.
1521 1600 1687 1632 Continuo
1719 1598 1820 1642 leyes]
1865 1597 1982 1631 Locus
2015 1597 2229 1632 eommunis.

1232 1649 1348 1690 Deus,
1376 1650 1514 1694 inquit,
1540 1648 1723 1683 distribuit
1740 1649 1810 1681 alia
1832 1649 1948 1690 dona,
1976 1648 2046 1681 alia
2070 1660 2230 1682 commo-

1232 1703 1298 1742 da,
1326 1701 1395 1733 alia
1412 1700 1584 1733 beneficia
1605 1700 1683 1733 aliis
1701 1700 1920 1744 regionibus.

1335 1751 1395 1785 Vs.
1411 1751 1472 1785 61.
1502 1752 1572 1792 Quo
1586 1749 1765 1798 tempora]
1795 1751 1883 1785 Post
1903 1750 2089 1785 diluvium.

1334 1803 1394 1836 Vs.
1413 1802 1474 1838 63.
1501 1805 1639 1836 Durum
1652 1800 1774 1850 yenus]
1809 1802 1837 1836 F
1840 1803 2008 1836 inxerunt
2032 1800 2229 1835 doctissimi

1232 1852 1398 1888 homines
1417 1866 1527 1898 genus
1543 1852 1744 1888 humanum
1763 1866 1805 1887 ex
1820 1853 2000 1898 lapidibus
2019 1858 2228 1897 reparatum

1232 1918 1326 1947 esse,
1354 1911 1546 1950 propterea
1573 1906 1692 1950 quod,
1729 1917 1809 1938 cum
1835 1904 1934 1938 nulla
1958 1903 2070 1937 bestia
2094 1903 2139 1938 sit
2161 1901 2228 1936 bo-

1232 1957 1328 1990 mine
1356 1957 1627 1995 aerumnosior,
1670 1955 1782 2000 possit
1803 1961 1922 1988 tamen
1945 1956 2120 1990 sustinere
2144 1966 2226 1988 eum

1232 2014 1348 2042 tantas
1365 2008 1586 2042 calamitates
1602 2005 1665 2049 21’).

1336 2066 1398 2102 Vs.
1425 2066 1486 2102 64.
1530 2069 1661 2110 Pinyue
1690 2064 1830 2114 solum]
1880 2065 2045 2100 Tertium
2083 2076 2226 2110 praece-

1233 2125 1333 2164 ptum
1344 2145 1354 2159 ‚
1381 2118 1513 2163 pingue
1529 2118 1645 2152 solum
1661 2117 1840 2162 principio
1861 2118 1952 2152 veris
1969 2124 2021 2152 est
2036 2117 2226 2157 arandum,

1232 2176 1354 2216 estque
1371 2169 1551 2203 conclusio
1565 2170 1719 2202 duorum
1739 2170 1914 2204 locorum.

1335 2228 1395 2263 Vs.
1421 2229 1481 2264 68.
1516 2227 1735 2277 Arcturum]
1782 2228 1874 2262 Ante
1913 2228 2090 2263 sationem
2132 2226 2226 2260 circa

1233 2281 1501 2326 aequinoctium
1530 2281 1713 2321 autumni,
1742 2281 1887 2326 quando
1911 2280 2084 2313 Arcturus
2110 2277 2226 2311 oritur

1233 2332 1394 2366 cosmice.
1447 2331 1504 2365 Sic
1528 2331 1806 2377 Aristoteles⁹⁰)
1835 2331 1970 2377 inquit:
2008 2330 2081 2364 Sub
2097 2329 2226 2363 Aretu-

1231 2395 1311 2416 rum
1354 2389 1406 2416 est
1439 2383 1647 2417 concubitus
1688 2394 1904 2423 cervarum,
1947 2382 1984 2415 id
2018 2387 2087 2421 est,
2130 2380 2224 2413 circa

1232 2433 1499 2479 aequinoctium
1518 2435 1737 2468 autumnale.

1269 2595 1319 2623 2⁸)
1338 2595 1485 2625 propteroa
1505 2594 1575 2624 quod
1596 2607 1629 2613 --
1647 2591 1845 2620 calamitates]
1869 2590 1910 2615 sie
1935 2589 2050 2622 εει-ἔρως
2118 2589 2223 2616 Asu.

1302 2631 1448 2659 propterea
1472 2629 1542 2658 quod
1563 2634 1621 2651 cum
1643 2628 1718 2650 uuna
1737 2627 1824 2650 bestia
1844 2626 1880 2648 sit
1901 2625 2000 2649 homini
2019 2624 2220 2654 aerumnosior,

1302 2670 1383 2693 posse
1402 2665 1493 2687 tamen
1512 2662 1653 2686 sustinere
1671 2668 1730 2685 eum
1749 2662 1842 2684 tantan
1862 2660 2039 2684 calamitates.

1267 2724 1310 2749 εὖ)
1330 2724 1409 2747 conf.
1430 2723 1543 2746 Aristot.
1566 2722 1634 2746 nist.
1656 2721 1763 2746 animat.
1785 2720 1820 2751 V,
1835 2720 1858 2744 8.
1881 2720 1929 2744 Ed.
1949 2719 2106 2744 Schneider.
