2421 3005
95 73 170 110 445

95 161 198 195 Creta
190 172 222 193 e
241 159 404 204 insignis.

498 159 558 194 V.s
577 161 661 195 121.
695 162 802 194 Fama
818 161 907 195 volat
925 158 1011 207 etc.]
1035 159 1104 193 Oc-

95 212 277 246 casionem
300 218 462 247 recenset
486 212 646 245 vacantis
671 212 773 256 regni
791 212 942 253 Cretici,
979 212 1103 245 verisi-
1127 207 1132 241 l
1158 209 1254 259 men]
1291 212 1480 246 Muliebris
1497 225 1594 246 cura.

823 239 989 298 Ws.136.
1015 248 1132 299 Con-¹

1131 273 1132 297 3
1158 276 1236 297 suos
1255 262 1341 311 etc.]
1370 264 1528 298 Helenus
1555 264 1772 298 Troianos
1763 279 1800 299 in
1827 265 2026 312 hospitium
2055 269 2165 303 ducit

93 264 273 298 miliorem
292 265 541 298 narrationem
559 265 726 298 reddens.

93 317 209 350 nubiis
226 313 312 363 etc.]
337 314 572 362 Periphrases
588 317 762 360 poeticae.
830 316 908 351 Vss.
929 315 1004 350 137
1020 329 1099 362 sqq.

93 370 205 403 subito
221 381 294 402 cum
308 370 426 412 iapida
440 366 526 415 etc.]
546 368 660 402 Pestis
672 368 877 413 descriptio.
939 367 1000 402 Vs.
1016 367 1099 402 141.

92 425 165 454 tum
191 422 323 455 steriles
348 418 429 468 etc.]
468 420 715 454 Pestilentiam
749 421 952 466 insequitur
980 421 1104 453 fames.

93 472 174 506 Vss.
195 471 267 506 143
284 485 336 518 sq.
371 474 509 507 Rursus
539 474 584 506 ad
609 474 783 506 oraculum
809 473 891 516 etc.]
934 472 1133 516 Apolline

97 523 194 558 enim
215 525 308 557 irato
321 551 329 564 ‚
356 524 464 568 pestis
482 525 695 558 credebatur
714 537 799 558 esse.
848 524 909 558 Vs.
924 523 1007 558 147.
1022 527 1106 558 Nox
1132 529 1134 575 ζ

834 575 894 609 Vs.
908 574 992 610 154.
1014 577 1107 618 Quod
1132 583 1133 624 J

93 629 159 662 tibi
175 625 263 675 etc.]
292 627 447 661 Penates
465 629 617 661 edocent
636 628 672 660 in
687 627 823 660 somnis
840 628 1014 669 Aeneam,
1033 640 1105 673 quo
1132 629 1134 667 J

95 581 172 610 erat
182 576 262 620 etc.]
283 576 313 608 A
330 576 503 620 temporis
518 576 771 620 descriptione.

95 679 235 712 tendat.
287 678 347 713 Vs.
363 680 445 713 163.
463 682 525 714 Est
541 676 723 725 locassem]
742 679 774 711 A
792 679 884 712 loco,
938 679 999 712 Vs.
1020 680 1105 713 168.

95 732 276 777 Iasiusque
290 729 410 789 patet]
440 732 569 764 Frater
585 731 696 764 Dartl.
700 731 771 770 ini,
791 743 898 775 quem
912 743 992 764 cum
1014 731 1105 764 occi-

96 834 277 880 pervenit.

96 886 195 932 patri
213 887 286 920 visa
300 894 438 921 narrat.

96 937 201 972 lubet
213 937 353 972 Italiam
370 945 503 984 petere.

98 988 334 1038 περίφρασις.

98 1042 144 1076 tis
159 1042 366 1087 descriptio.

97 1093 140 1127 In
159 1092 383 1139 Strophadas
399 1096 577 1139 pervenit.

98 1147 212 1181 colunt
237 1145 324 1194 etc.]
357 1146 494 1180 Fabula
522 1146 781 1192 Harpyiarum.
931 1146 991 1181 Vs.
1019 1147 1106 1182 216.

103 1200 262 1243 Virginei
278 1199 449 1233 volucrum
464 1199 588 1244 vultus]
607 1199 790 1232 Consensu
809 1199 1026 1242 scriptorum
1045 1211 1108 1232 vo—

96 1250 180 1283 lunt
197 1257 325 1295 poetae
348 1263 413 1295 per
431 1250 612 1296 Harpyias
632 1250 743 1284 furias
759 1250 960 1293 significare
980 1251 1035 1283 vel
1057 1251 1108 1283 la-

98 1308 243 1337 trones;
278 1309 328 1333 est
351 1303 446 1332 enim
473 1300 631 1345 ἆρπάζω
653 1302 758 1344 rapio
776 1302 833 1346 15).
939 1301 1001 1335 Vs.
1017 1303 1106 1336 223.

97 1352 142 1384 In
154 1356 290 1394 partem
312 1352 544 1397 praedamque
562 1351 606 1396 ¹⁶)
633 1349 765 1398 Iovem]
793 1351 985 1385 Dabantur
1009 1354 1105 1385 enim

95 1401 177 1436 Iovi
196 1403 414 1447 praedarum
434 1403 606 1437 decimae.
703 1403 763 1436 Vs.
778 1403 867 1438 231.
896 1406 1108 1439 Instruimus

98 1466 234 1489 mensas
251 1452 338 1502 etc.]
368 1454 517 1489 Veteres
541 1456 657 1495 enim,
684 1456 826 1501 quoties
853 1457 1107 1500 epulabantur,

98 1506 261 1540 libabant
277 1507 425 1541 laribus.
531 1506 592 1541 Vs.
611 1507 700 1543 239.
733 1509 794 1542 dat
809 1510 946 1552 siynum
964 1521 1013 1552 sp.
1033 1511 1107 1544 Mi-

97 1557 222 1606 senus]
251 1559 412 1592 Misenus
429 1558 557 1592 cecinit
573 1560 772 1595 classicum.

97 1611 236 1644 Bellum
258 1613 363 1644 etiam
383 1623 446 1654 pro
473 1609 559 1658 etc.]
593 1611 817 1646 Vaticinium
844 1612 1029 1659 Harpyiae
1054 1614 1106 1646 di-

99 1673 181 1694 rum
202 1669 236 1695 et
253 1674 437 1700 amarum3
467 1663 698 1706 praedicebat
715 1665 811 1698 enim
830 1665 924 1698 mala
942 1666 977 1698 in
996 1672 1106 1705 terra,

100 1725 209 1758 quam
227 1726 367 1747 summe
385 1715 599 1757 expetebant
617 1715 783 1750 Troiani.
864 1716 942 1751 Vss.
959 1717 1036 1753 270
1053 1730 1105 1763 sq.

99 1777 278 1800 nemorosa
305 1767 500 1810 Zacynthos
526 1764 613 1813 etc.]
650 1765 792 1800 Insulae
819 1775 902 1801 sunt
937 1770 1001 1802 sub
1040 1770 1106 1801 im-

98 1818 202 1862 perio
232 1818 378 1863 Ulyssis.

531 886 591 921 W‘s.
611 887 696 922 182.
728 889 812 921 Tum
835 893 999 921 memorat
1018 886 1104 935 etc.]

577 938 638 973 Vs.
652 938 736 972 191.
756 951 838 972 cava
856 936 975 988 trabe]
996 939 1107 974 Nax-is

97 1985 176 2006 rem
200 1974 392 2018 Apollinis.
500 1973 560 2006 Vs.
578 1973 667 2008 297.

98 2141 225 2162 rorum
238 2140 376 2161 morem
389 2129 425 2161 in
440 2130 643 2163 cremandis
656 2131 903 2165 cadaveribus.
946 2130 1006 2165 Vs.
1017 2132 1104 2166 306.

103 2184 148 2215 Ut
163 2193 215 2215 me
231 2183 409 2224 conspexit
425 2178 510 2227 etc.]
540 2181 657 2215 subiti
673 2190 833 2218 eventus.

97 2234 253 2276 Implevit
270 2234 416 2267 clamore
435 2230 520 2279 etc.]
550 2231 685 2273 πάθος.

97 2297 169 2319 una
185 2283 270 2332 etc.]
291 2285 420 2318 Oratio
440 2284 654 2326 affectuosa,
680 2300 787 2332 quam
808 2290 907 2322 ducit
924 2289 968 2320 ab
986 2301 1103 2321 exem-

97 2338 181 2382 plo,
210 2337 317 2370 simul
343 2350 463 2371 casum
495 2349 599 2370 suum
627 2339 819 2382 explicans.
936 2340 995 2374 Vs.
1016 2340 1101 2376 327.

96 2391 248 2425 Servilio
293 2391 399 2423 enixe
444 2386 537 2436 etc.]
606 2388 754 2426 Achillis
802 2393 858 2425 vel
909 2392 1100 2438 Apollinis.

96 2441 158 2476 Vs.
175 2442 261 2477 332.
292 2444 493 2488 patriasque
520 2461 571 2466 —
598 2443 643 2475 ad
669 2442 770 2491 aras]
812 2443 976 2490 Pyrrhus
1004 2447 1098 2479 enim

97 2501 237 2538 patrem
254 2507 356 2528 suum
382 2507 448 2539 pro
469 2495 535 2527 deo
555 2494 704 2529 colebat.

132 2592 179 2625 15)
200 2595 244 2617 est
263 2601 305 2620 eni
299 2596 334 2620 im
352 2594 388 2628 ἄρ
373 2604 428 2620 aar!
422 2595 466 2626 ’ζω
492 2603 551 2628 rapi
547 2596 593 2630 Uo]
620 2597 659 2622 sic
679 2597 728 2621 Edi
731 2599 762 2623 tt.
785 2598 873 2629 ¹533..
894 2600 988 2632 1535&
1013 2601 1063 2624 Edi
1068 2603 1100 2627 tt.

170 2629 262 2659 154⁰„
284 2631 357 2656 1547.
377 2634 404 2656 et
422 2634 495 2663 Mog.
516 2632 594 2665 ἁριιπ
578 2631 630 2662 άωζ
651 2634 722 2656 enim
743 2639 801 2664 rap·
805 2640 820 2658 ο
840 2637 892 2658 est.

131 2679 177 2712 16)
199 2680 233 2704 In
251 2684 366 2712 partem
385 2685 507 2714 praedm
487 2686 595 2716 nuque]
620 2692 643 2708 s·
640 2685 662 2709 'c
681 2685 731 2710 Ed.
751 2686 788 2710 w
792 2687 993 2718 agner.;i11ae
1011 2688 1070 2713 anti
1063 2696 1098 2720 iq.

165 2716 216 2739 Edi
220 2718 250 2742 tt.
272 2717 307 2741 ln
321 2725 340 2748 7
332 2720 464 2744 raedam
481 2722 660 2753 partemque.

599 71 787 107 LXXXIX.
842 71 1131 107 ENARRATIO

1131 418 1133 458 Ῐ
1132 419 1402 475 Prodigium
1392 433 1429 453 in
1454 421 1589 454 malam
1607 428 1748 466 partem
1765 424 1932 457 sumitur.

1132 676 1134 731 l
1159 677 1219 712 Vs.
1240 678 1328 714 392.
1365 680 1455 713 Alba
1473 681 1541 714 solo
1565 679 1649 728 etc.]
1678 682 1792 716 Albae
1819 683 1934 727 orIgo.

1132 750 1134 781 ἰ
1159 732 1234 764 Has
1251 735 1360 764 (netem
1388 736 1503 766 terras
1519 730 1605 780 etc.]
1637 733 1752 768 Docet
1773 733 1896 767 Italiae
1922 741 2062 779 partem
2090 747 2170 768 ver-

98 779 230 823 disset,
256 783 415 827 primum
441 784 479 816 in
501 783 659 822 Cretam,
683 782 813 815 deinde
837 783 881 815 ad
904 781 1104 828 Phrygiam
1133 802 1134 806 =

332 835 393 869 Vs.
407 835 491 870 179.
507 834 781 878 Anchisenfacio
798 833 947 882 cerium]
966 835 1107 870 Aeneas
1132 832 1134 845 ³

1134 979 1135 982 Ἴ
1161 935 1398 985 ἐπιφώνηιια.

446 990 508 1025 Vs.
529 990 613 1025 194.
646 993 731 1025 Tum
756 989 862 1039 mllzi]
895 991 1107 1036 Tempesta-
1133 1024 1135 1032 ,

471 1042 532 1077 Vs.
549 1043 637 1079 209.
666 1055 712 1077 ex
732 1045 832 1077 undis
850 1041 1104 1090 Strophadum]
1134 1043 1135 1070 ἶ
1161 1044 1209 1077 At
1225 1043 1377 1085 Scyllam
1394 1045 1502 1077 caecis
1519 1042 1603 1092 etc.]
1633 1045 1812 1080 Fortassis
1836 1046 1964 1079 alludit
1988 1048 2032 1079 ad
2058 1045 2170 1081 histo-

670 1094 731 1128 Vs.
750 1096 836 1130 212.
864 1097 1108 1141 Harpyiaeque

1134 1312 1135 1317 ¹
1160 1301 1221 1335 Vs.
1241 1301 1327 1336 461.
1365 1304 1459 1337 Haec
1486 1310 1566 1339 sunt
1584 1303 1668 1352 eta]

1134 1402 1135 1412 ¹
1161 1403 1247 1452 etc.]
1278 1405 1494 1442 ValedictiO.

1160 1456 1448 1492 Demonstratio.

1133 1501 1135 1552 f
1160 1509 1243 1548 θος.

848 1560 926 1595 Vss.
944 1560 1106 1607 247sqq.
1133 1558 1135 1568 '

1132 1627 1133 1657 j
1160 1614 1242 1647 haec
1259 1611 1344 1660 etc.]
1374 1614 1520 1648 Ascanii
1539 1616 1705 1660 dignitas.

1159 1667 1208 1699 los
1219 1663 1559 1713 etc.]Amplificatio
1578 1681 1644 1712 per
1663 1669 1968 1703 distributionem.
2011 1669 2071 1703 Vs.
2085 1670 2173 1705 493.

485 1817 547 1852 Vs.
564 1819 650 1853 280.
679 1821 846 1865 Actiaque
874 1821 994 1854 Iliacis
1021 1818 1105 1868 etc.]
1132 1825 1134 1827 “

97 1869 238 1903 Alludit
263 1871 308 1903 ad
339 1870 443 1903 ludos
467 1869 634 1904 Actiacos
663 1871 846 1905 institutos
873 1873 917 1905 ab
943 1874 1105 1916 Augusto
1131 1872 1135 1892 ³

99 1921 273 1963 Caesare,
310 1922 451 1955 devicto
480 1921 644 1955 Antonio
673 1924 717 1955 ad
738 1924 903 1964 Actium,
929 1924 967 1956 in
990 1922 1106 1957 houm
1132 1935 1134 1943 ·

703 1977 747 2009 Et
767 1977 882 2018 patrio
909 1978 1107 2010 Androma-
1132 1972 1135 1992 ³

97 2022 214 2071 chem]
265 2024 321 2058 Ex
363 2022 499 2058 Thebis
541 2023 666 2070 Lydiis
711 2033 789 2059 erat
838 2027 1106 2063 Andromache.
1132 2030 1135 2046 ³

97 2076 160 2111 Vs.
179 2076 266 2110 301.
295 2077 469 2111 Solemnes
491 2090 593 2123 quum
609 2075 694 2124 etc.]
725 2077 952 2112 observabat
976 2080 1105 2112 barlia-

935 2183 995 2217 vs.
1017 2184 1104 2218 313.
1130 2172 1133 2210 ἑ

776 2235 838 2270 Vs.
855 2236 941 2271 321.
971 2236 1105 2280 Oselix
1128 2258 1131 2281 j

818 2496 878 2532 Vs.
895 2497 982 2533 339.
1014 2499 1102 2540 Quid
1126 2487 1128 2550 ζ

1124 2737 1126 2742 .
1152 2705 1451 2743 Achaemenides.

1170 72 1413 108 AENEIDOS
1446 73 2164 116 VlRG1L11.446

1774 162 1834 197 Vs.
1851 163 1940 198 341.
1966 166 2081 211 Ecqua
2105 172 2164 200 ta-

1719 212 1780 248 Ws.
1806 214 1893 250 347.
1936 219 2166 263 Aynoseitque

1128 169 1242 202 puer
1259 158 1344 208 etc]
1375 163 1548 207 πεοισσο).
1541 160 1651 209 ayla.

1130 314 1219 358 ¹Vs.
1236 314 1310 350 358
1330 329 1409 362 sqq.
1437 319 1504 351 His
1530 322 1640 351 vatem
1667 315 1752 364 etc.]
1781 319 1837 352 Ab
1861 319 2001 353 Heleno
2025 320 2165 354 Aeneas

1131 361 1250 412 Jsspetit
1276 368 1478 402 consilium.
1610 368 1672 403 Ws.
1697 369 1784 405 366.
1821 373 2023 416 Prodiyium
2053 370 2166 420 canit]

2000 423 2060 458 V.s
2079 424 2166 459 371.

1132 459 1301 505 Sacrati
1323 470 1466 520 capitis]
1496 472 1617 507 Sicra.
1685 473 1746 508 Vs.
1765 474 1851 509 374.
1882 477 1972 509 Nate
1989 478 2064 510 Dea
2080 474 2166 523 etc.]

1159 522 1212 555 Hi
1204 523 1317 556 lenus
1336 536 1390 568 pr.
1383 525 1720 558 aemonetAeneam
1740 527 1783 560 de
1800 526 1981 561 omnibus.
2008 527 2068 562 Vs.
2081 528 2168 563 379.

1161 577 1355 619 Expediam
1371 574 1568 624 dictisetc]
1585 577 1635 610 Ut
1652 579 1873 613 connubium
1885 579 2053 619 Didonis,
2078 586 2169 613 tem-

1160 633 1334 670 pestatem
1364 628 1401 660 in
1429 629 1523 661 mari
1541 629 1684 671 Siculo,
1713 631 1828 675 patris
1850 637 2007 664 mortem
2033 637 2067 664 et
2085 632 2167 666 alia.

1997 682 2058 716 Vs.
2079 683 2168 718 396.

1162 794 1220 815 sus
1237 782 1428 815 Graeciam
1455 783 1654 818 vitandam.
1772 786 1834 820 Vs.
1855 787 1942 821 403.
1974 788 2083 828 Quin,
2112 788 2170 822 ubi

1159 836 1387 868 transmissae
1403 832 1488 882 etc.]
1517 836 1712 880 Peregrina
1732 850 1846 872 sacra.
1890 839 2054 872 Sacravit
2072 840 2169 872 enim

1159 886 1300 920 Aeneas
1318 887 1437 930 patrio
1456 887 1542 922 rItu.
1621 888 1682 922 Vs.
1701 888 1788 923 415.
1821 892 1973 924 Tantum
1991 893 2064 924 aevi
2082 889 2168 937 etc.]

1531 940 1593 975 Vs.
1618 939 1705 976 420.
1733 944 1911 976 Dea-trum
1936 944 2056 986 Scylla
2083 941 2170 990 etc.]

1161 990 1326 1024 Monstra
1346 991 1499 1035 explicat
1515 993 1653 1038 Scyllae
1671 1001 1706 1027 et
1723 993 1938 1039 Charybdis.
2002 994 2062 1028 VS.
2081 994 2168 1030 424.

1161 1095 1274 1133 riam,
1301 1107 1370 1139 qua
1395 1095 1565 1130 scribitur
1585 1097 1703 1142 Scylla
1728 1098 1881 1142 piratica
1910 1098 2030 1132 classis
2050 1099 2170 1139 fuisse,

2004 1150 2065 1184 Vs.
2084 1150 2172 1185 444.

1788 1202 1848 1236 Ws.
1869 1200 1956 1236 445.
1994 1200 2172 1250 carmina]

1825 1255 2171 1299 complectebantur.

1704 1304 1835 1349 Epilo„
1820 1318 1892 1339 rus.
1999 1306 2060 1340 Vs.
2083 1306 2171 1342 462.

1712 1356 1774 1390 Vs.
1801 1356 1887 1391 474.
1919 1359 2023 1398 Quem
2046 1360 2172 1392 Phoebi

1602 1408 1662 1442 V.s
1683 1408 1770 1442 479.
1794 1412 1969 1443 Ausoniae
1989 1423 2073 1454 pars
2091 1408 2172 1458 illa]

1563 1459 1624 1493 Vs.
1642 1459 1730 1496 482.
1763 1463 1835 1495 ssec
1857 1464 1971 1496 minus
1989 1460 2075 1509 etc.]
2101 1460 2173 1496 πά-

1351 1508 1412 1544 Vs.
1430 1510 1516 1545 483.
1546 1514 1833 1556 Fettpicluratas
1850 1511 1936 1560 etc.]
1967 1514 1999 1547 'l
2003 1521 2085 1546 ¹unta
2107 1516 2172 1547 do-

1160 1568 1244 1601 nat,
1281 1568 1415 1607 quanta
1448 1565 1591 1596 mereba
1585 1570 1668 1598 λιιι.
1790 1565 1851 1599 Vs.
1870 1565 1958 1599 486.
1994 1568 2119 1609 Accipe
2141 1571 2173 1600 et

1820 1617 1853 1648 W
1855 1631 1881 1651 5.
1902 1617 1988 1652 490.
2016 1620 2078 1652 Sic
2094 1631 2173 1652 ocu-

1162 1159 1222 1191 qu.
1215 1158 1253 1178 ae
1272 1146 1317 1179 sit
1334 1146 1439 1179 insidi
1445 1153 1501 1180 ata
1520 1149 1675 1183 nasibus
1693 1147 1889 1195 hospitum.

1156 1196 1335 1245 foliisque]
1371 1198 1473 1232 Folia
1498 1200 1667 1246 Sibylla}

1160 1250 1341 1283 Vaticinia
1397 1252 1558 1285 carmine
1613 1251 1762 1286 heroico

1166 1356 1258 1387 Vade
1283 1351 1363 1400 aye]
1403 1354 1584 1390 HortatiO.

1165 1720 1274 1752 Viuite
1314 1716 1453 1766 felices]
1506 1719 1709 1753 Valedictio
1760 1734 1824 1765 per
1876 1722 2171 1765 gratulationem.

1159 1769 1220 1802 Vs.
1247 1767 1333 1803 500.
1376 1772 1419 1804 Si
1445 1773 1579 1817 quando
1611 1774 1795 1816 Tltyberim
1825 1771 1911 1820 etc.]
1954 1774 2093 1807 Alludit
2126 1776 2171 1807 ad

1161 1821 1436 1864 amplitudinem
1455 1823 1615 1856 Romani
1644 1825 1800 1869 imperii.
1908 1825 1968 1858 Vs.
1986 1825 2072 1861 508.
2109 1827 2173 1860 Sol

1160 1871 1250 1920 ruit]
1281 1874 1476 1918 Temporis
1501 1876 1707 1920 descriptio.
1836 1876 1897 1910 Vs.
1918 1875 2005 1912 516.
2041 1882 2171 1913 Arctu-

1160 1938 1238 1959 rum
1264 1924 1349 1973 etc.]
1394 1927 1518 1960 Sidera
1550 1928 1870 1971 septentrionalia,
1916 1942 2008 1974 quae
2034 1937 2168 1963 nautae

1162 1978 1367 2011 observant.
1474 1980 1534 2014 Vs.
1553 1979 1639 2015 522.
1667 1979 1912 2028 humilemque]
1942 1983 2046 2027 Aqua
2072 1982 2168 2016 enim

1161 2029 1269 2062 altior
1287 2036 1338 2063 est
1356 2036 1464 2065 terra.
1572 2030 1659 2067 525.
1685 2038 1820 2066 cratera
1838 2032 1982 2081 corona]
2013 2034 2094 2068 Mos
2112 2046 2170 2067 co-

1160 2082 1317 2115 ronandi
1335 2083 1475 2126 pocula.
1551 2083 1611 2118 Vs.
1629 2083 1715 2119 529.
1744 2087 1843 2119 Ferte
1861 2087 1951 2119 viam
1967 2092 2063 2121 vento
2082 2084 2168 2132 etc.]

1158 2132 1294 2166 Votuin
1316 2133 1511 2174 Anchisae;
1539 2133 1623 2169 huic
1647 2149 1832 2171 sacrorum
1859 2150 1982 2171 curam
2010 2140 2169 2182 assignat

1158 2185 1350 2229 Virgilius,
1386 2187 1470 2232 quia
1501 2188 1634 2222 senior.
1765 2188 1826 2224 Vs.
1846 2188 1933 2224 540.
1978 2192 2076 2224 Bello
2107 2203 2169 2225 ar-

1158 2243 1298 2271 mantur
1324 2236 1410 2285 etc.]
1440 2238 1574 2273 Reddit
1596 2240 1790 2275 rationem.
1897 2242 1975 2276 Vss.
1995 2242 2070 2276 548
2088 2256 2166 2288 sqq.

1128 2295 1131 2329 ἶ
1156 2291 1259 2323 Haud
1281 2302 1376 2324 mora
1399 2288 1484 2338 etc.]
1515 2291 1786 2336 Regrediuntur
1809 2293 1964 2327 Troiani
1991 2307 2032 2328 ex
2052 2294 2167 2332 ltalia,

1128 2342 1306 2386 ,petituri
1344 2342 1496 2376 alterum
1531 2345 1636 2379 latus.

1767 2345 1834 2379 Vs.
1852 2345 1939 2380 554.
1978 2349 2166 2381 Trinacria

1156 2391 1289 2440 Aetna]
1320 2394 1510 2428 Trinacria
1541 2396 1679 2437 Aetna,
1708 2410 1725 2430 a
1752 2399 1865 2432 trihus
1891 2399 2165 2442 promontoriis.

1154 2445 1215 2479 Vs.
1234 2444 1321 2479 560.
1350 2448 1501 2490 Eripite,
1529 2461 1547 2482 ο
1565 2447 1669 2497 socii]
1699 2447 1951 2489 ὑποτύπωσις.
2008 2450 2055 2483 Vs
2074 2448 2161 2484 563.

1155 2500 1305 2532 Laevum
1329 2505 1449 2533 cuncta
1466 2498 1552 2548 etc.]
1585 2502 1784 2542 Describit,
1821 2514 1927 2546 quam
1954 2502 2162 2547 propinqua

1153 2551 1261 2584 fuerit
1279 2548 1463 2596 Charybdi
1488 2553 1601 2587 navis.
1708 2553 1767 2586 Vs.
1788 2551 1874 2586 571.
1909 2554 1968 2586 sed
1990 2554 2164 2596 horrificis

1154 2600 1240 2650 etc.]
1275 2602 1479 2648 Descriptio
1500 2605 1649 2638 Aetnae.
1788 2603 1848 2637 Vs.
1872 2602 1959 2639 583.
1989 2603 2161 2652 monstra]

1153 2654 1272 2688 Sicilia
1294 2657 1527 2691 monstrifica.
1611 2656 1672 2689 Vs.
1689 2654 1776 2689 591.
1797 2658 1912 2700 Iynoti
1930 2670 2012 2691 nova
2026 2658 2054 2701 f.
2074 2655 2162 2704 viri]

1572 2707 1632 2741 Vs.
1658 2706 1746 2741 595.
1792 2711 1835 2743 Et
1872 2712 2038 2752 quondam
2074 2707 2162 2756 etc.]
