2421 3005
88 108 105 141 1
112 104 160 139 93
506 97 661 134 LXXXI.

85 198 135 225 tes
163 187 350 233 decipiunt
372 186 516 220 fabulae
542 186 741 220 fabricatae
766 186 974 221 mendaciis.
1029 184 1097 220 Cu-

83 242 145 288 pio
164 252 290 274 verum
309 251 528 274 sermonem.
558 237 652 283 (Str.
667 240 721 285 2.)
750 239 820 273 Sed
838 239 978 279 Gratia,
1005 249 1098 284 quae

83 293 169 328 facit
186 292 307 326 omnia
326 291 480 325 iucunda
502 288 731 331 hominibus,
769 293 885 325 adfert
905 289 1098 330 honorem,

83 353 120 380 et
135 345 240 386 facit,
267 350 307 378 ut
330 343 524 377 credantur
545 342 784 378 incredibilia.
843 343 912 377 Sed
935 344 1097 376 futurum

84 405 226 442 tempus
242 395 372 440 retegit
396 394 596 429 mendacia.
652 395 763 428 Decet
789 402 908 429 antem
931 393 1098 428 homines

83 451 128 483 de
146 448 225 483 Diis
241 446 392 481 honesta
410 447 541 481 dicere.
597 446 760 492 Minor2)
786 447 880 481 enim
904 447 1008 492 culpa
1035 452 1098 480 est.

83 501 153 535 Fili
170 499 338 540 Tantali,
367 511 431 543 ego
451 505 485 532 te
503 499 660 532 laudabo
683 499 787 532 aliter
811 512 920 545 quam
946 499 1098 544 priores.

84 553 242 600 Quando
266 551 409 585 vocavit
431 550 528 585 Deos
555 557 660 596 pater
683 553 726 584 ad
754 551 932 596 legitimas
963 551 1099 596 epulas,

84 612 119 640 et
142 606 188 639 ad
215 603 398 649 Sipylum,
441 609 481 636 ut
505 603 659 637 vicissim
685 604 787 636 daret
820 603 898 638 Diis
927 616 1098 636 coenam:

84 665 170 692 tunc
187 656 397 701 Neptunum
418 654 520 701 (Ant.
534 656 588 702 2.)
605 655 783 689 desiderio
803 656 855 689 tui
872 656 1100 700 flagrantem,

85 709 143 743 aio
163 715 197 743 te
212 709 375 753 rapuisse
392 708 430 740 in
445 720 556 741 aureo
574 719 703 748 curru,
737 708 782 740 ad
807 720 987 742 summam
1006 706 1100 741 lovis

85 763 233 796 domum
247 788 256 800 ,
286 772 358 806 quo
378 766 412 793 et
435 766 559 804 postea
577 759 807 805 Ganymedes
833 760 932 793 venit
949 758 1026 792 Iovi
1054 759 1100 792 ad

83 815 180 847 idern
198 811 451 846 ministerium.
506 811 706 857 Postquam
733 824 820 845 vero
848 824 923 845 non
951 823 1100 855 conspe-

84 872 161 900 ctus
180 877 237 906 es,
266 876 330 897 nec
350 870 384 896 te
406 864 451 896 ad
467 869 620 896 matrem
639 864 860 898 reduxerunt
880 864 952 904 illi,
979 863 1041 909 qui
1066 869 1100 896 te

85 917 360 965 quaesiverunt,
389 915 479 949 dixit
495 915 626 962 aliquis
641 915 731 949 clam
751 929 792 950 ex
811 916 944 950 invidis
960 915 1100 956 vicinis,

85 970 183 1017 quod
208 968 244 1003 in
269 979 362 1014 aqua
386 968 548 1001 fervente
575 968 695 1012 gladio
722 969 883 1002 membra
915 967 1100 1002 dissecuis-

84 1028 181 1063 sent,
209 1027 245 1055 et
263 1020 301 1053 in
318 1019 451 1055 mensis
471 1019 629 1054 minutas
646 1032 771 1056 carnes
794 1027 873 1055 tuas
899 1019 1101 1055 distribuis-

87 1080 166 1109 sent
187 1079 222 1107 et
239 1072 489 1107 comedissent.

190 1125 272 1174 (Ep.
289 1126 343 1173 2.)
372 1123 465 1158 Mihi
482 1136 568 1158 v·e10
586 1124 783 1158 absurdum
803 1131 872 1166 est,
901 1125 1020 1158 dicere
1038 1123 1101 1157 ali-

86 1192 194 1228 quem
212 1178 375 1212 Deorum
394 1190 468 1211 esse
486 1174 699 1216 helnonem,
734 1177 819 1223 quia
844 1178 1018 1211 damnum
1045 1189 1102 1209 co-

89 1233 239 1266 mitatur
258 1229 384 1263 creblo
403 1242 451 1262 m
445 1228 610 1262 iledicos.
667 1229 702 1262 Si
719 1242 826 1275 quem
844 1227 1030 1263 hominem
1041 1227 1102 1261 Dii

89 1282 384 1322 honoraverunt,
409 1282 477 1315 fuit
494 1278 552 1314 hic
563 1281 753 1315 Tantalus.
790 1281 859 1315 Sed
878 1293 1103 1328 concoquere

88 1347 259 1380 magnam
288 1333 493 1366 felicitatem
520 1345 595 1366 non
623 1334 752 1377 potuit.
821 1333 1018 1367 Saturitate
1047 1345 1103 1366 ac-

91 1387 184 1432 cepit
204 1397 377 1429 magnum
402 1386 598 1425 damnum,
630 1391 671 1419 ut
695 1384 831 1430 Iupiter
855 1386 887 1418 ei
911 1398 1020 1430 supra
1048 1396 1103 1418 ca-

91 1445 156 1484 put
171 1436 398 1482 suspenderit
423 1437 601 1481 lapidem,
637 1450 745 1483 quem
772 1450 915 1483 semper
942 1437 1104 1482 cogitans

91 1491 322 1535 delapsurum
359 1501 433 1523 esse
468 1489 505 1522 in
540 1496 668 1533 caput,
720 1490 866 1523 aberrat
898 1503 916 1523 a
955 1490 1104 1523 laetitia.

92 1542 184 1587 (Str.
194 1540 249 1588 3.)
270 1540 388 1574 Habet
405 1547 524 1575 autem
542 1542 711 1575 miseram
728 1542 840 1575 vitam
859 1548 893 1575 et
912 1553 1105 1576 aerumno-

91 1607 187 1635 sam,
221 1605 300 1627 cum
326 1593 441 1627 tribus
466 1600 637 1639 quartum
663 1594 843 1628 laborem:
884 1606 964 1628 cum
983 1593 1105 1627 Ixione

92 1645 269 1691 implicito
294 1651 414 1684 rotae,
455 1658 535 1679 cum
561 1646 692 1692 Tityo,
732 1647 794 1692 qui
820 1646 964 1680 roditur
988 1659 1005 1679 a
1029 1647 1106 1680 vul-

92 1705 191 1738 ture,
220 1697 319 1743 quod
336 1697 474 1732 furatus
490 1697 590 1731 dedit
612 1698 823 1743 aequalibus
848 1699 920 1733 suis
944 1699 1107 1732 convivis

93 1755 217 1783 nectar
250 1755 284 1781 et
314 1748 556 1789 ambrosiam,
599 1750 636 1782 in
662 1750 792 1795 quibus
819 1751 926 1785 rebus
952 1750 1011 1783 Dii
1041 1751 1107 1784 im-
1134 1766 1135 1790 1

96 1800 355 1835 mortalitatem
375 1807 585 1845 posuerunt.

199 1852 235 1885 Si
254 1852 335 1898 quis
354 1852 487 1886 faciens
505 1853 639 1894 scelus,
665 1859 769 1898 putat
792 1853 825 1886 id
846 1853 964 1887 Deum
986 1854 1109 1893 latere,
1135 1880 1137 1888 ,

257 1903 342 1938 ldeo
361 1903 422 1937 Dii
441 1905 659 1939 remiserunt
675 1905 848 1950 Pelopem
869 1906 914 1938 ad
930 1903 1109 1944 homines,
1136 1936 1137 1940 ,

96 1911 203 1940 errat.

98 1957 155 1992 cui
188 1959 233 1989 ad
262 1956 452 1989 florentem
479 1964 654 1997 aetatem,
692 1970 772 1991 cum
799 1957 933 2001 lanugo
964 1957 1109 2000 nigrum

97 2010 128 2043 ei
157 2014 319 2041 mentum
351 2009 571 2049 coronabat,
612 2009 753 2042 curavit
780 2016 925 2054 paratas
954 2008 1111 2053 nuptias,
1138 2038 1139 2042 ,

99 2063 200 2106 (Ant.
231 2059 284 2105 3.)
328 2066 367 2092 ut
411 2057 561 2094 liaberet
603 2060 775 2106 inclytam
813 2060 1111 2106 Hippodamiam,

98 2113 209 2146 filiam
230 2110 432 2152 Oenomai,
458 2113 551 2157 regis
569 2112 686 2147 Pisae.
740 2112 859 2148 Noctu
877 2120 996 2146 autem
1017 2112 1112 2146 solus

102 2166 147 2198 ad
164 2175 264 2197 mare
283 2164 472 2204 accedens,
500 2165 654 2198 vocabat
673 2165 883 2210 Neptunum
897 2193 905 2206 ,

103 2215 274 2261 apparuit
302 2216 346 2250 ei.
417 2214 518 2249 Dixit
549 2223 668 2250 autem
695 2217 846 2262 Pelops:

104 2266 313 2311 coniugium
350 2267 494 2311 placet,
546 2267 722 2313 impedias
756 2267 897 2304 hastam
934 2268 1115 2303 Oenomai

103 2331 274 2359 aeneam,
301 2331 432 2364 meque
449 2319 487 2352 in
504 2331 612 2354 curru
635 2321 823 2355 celerrimo
848 2323 957 2355 ducas
983 2323 1027 2355 ad
1047 2320 1116 2354 He-
1142 2329 1144 2362 ξ

104 2373 222 2412 liden,
257 2377 292 2404 et
316 2369 406 2404 mihi
430 2372 514 2405 dato
539 2372 748 2414 victoriam,
785 2380 976 2420 postquam
1002 2374 1117 2407 trede-
1143 2367 1145 2407 l

107 2424 176 2457 cim
206 2423 325 2468 procis
358 2423 573 2464 intersectis,
615 2425 736 2459 differt
767 2427 923 2471 nuptias.
959 2424 1039 2473 (Ep.
1064 2425 1117 2472 3.)

1145 2513 1146 2516 Ἰ
1173 2474 1240 2508 tias
1257 2480 1292 2506 et
1310 2474 1471 2506 savorem
1490 2484 1570 2504 cum
1589 2471 1711 2504 nativa
1732 2471 1875 2504 virtute.

107 2475 179 2510 Res
196 2475 396 2520 periculosa
416 2476 575 2520 postulat
592 2476 709 2510 virum
728 2490 802 2511 non
821 2479 1003 2512 timidum.

214 2527 304 2561 Cum
333 2534 452 2562 autem
480 2528 642 2574 alioquin
670 2542 810 2564 necesse
835 2530 880 2565 sit
905 2530 1020 2570 mori,
1056 2541 1119 2563 cur

112 2579 241 2624 aliquis
257 2580 382 2613 sedens
400 2580 435 2612 in
454 2581 610 2615 tenebris
622 2608 630 2619 ,

147 2681 179 2709 2)
199 2681 304 2709 Minor]
325 2682 365 2705 sic
385 2683 434 2705 led.
450 2683 524 2706 ¹56³.
552 2685 579 2707 et
600 2682 727 2707 noct-kmi
757 2683 972 2713 interpretatio.

182 2751 307 2781 hibetur-3
332 2752 380 2776 Ed.
398 2752 472 2775 1558.
492 2753 593 2777 Minus.

115 2792 299 2824 Mfflmwrn.
324 2793 430 2823 Oriza.
458 2793 542 2823 Vm..
566 2793 655 2823 xlx.

726 97 1130 134 INTERPRETATIO
1166 95 1503 131 OLYMPIORUM
1537 93 1749 131 PINDARI.

1124 328 1126 332 ι
1153 300 1217 321 nec
1235 288 1336 329 irrita
1355 289 1423 322 fuit
1439 287 1585 334 petitio,

943 2165 1004 2211 qui
1031 2177 1114 2197 mox
1140 2205 1142 2211 Ι

892 2217 929 2251 Si
957 2217 1020 2250 tibi
1046 2214 1114 2250 hoc
1141 2213 1142 2222 ¹

663 2582 812 2615 obscura
836 2589 977 2616 senecta
1003 2594 1119 2614 mace·
1146 2609 1147 2612 ,

1145 2657 1147 2670 3
1173 2630 1360 2664 delectaris
1396 2628 1617 2662 carminibus
1628 2655 1637 2668 ‚

1004 2688 1073 2713 quae
1093 2690 1120 2705 ιιι
1146 2703 1147 2706 ,

184 2716 260 2739 nnus
280 2716 327 2739 M.
350 2717 428 2740 modo
448 2718 577 2741 laudatae
598 2719 673 2744 'mm‘
690 2718 721 2743 11.
742 2718 826 2741 Parte
841 2719 870 2741 '¹'
897 2726 922 2748 p'
936 2718 970 2742 2⁹
984 2724 1043 2747 ΜΝ
1070 2724 1120 2740 ex·
1146 2753 1148 2778 2
1174 2748 1235 2769 seu
1254 2735 1396 2775 iniuste,
1425 2732 1512 2768 haec
1529 2739 1682 2776 tempus,
1699 2731 1862 2764 omnium
1880 2736 1994 2774 pater.
2013 2740 2086 2761 non
2105 2738 2185 2771 pos-

2092 94 2164 129 194

1155 190 1272 224 retur,
1300 184 1436 228 gloriae
1456 183 1606 228 expers?
1658 183 1735 227 Ego
1761 189 1945 216 certamen
1963 183 2165 227 aggredior,

1154 242 1192 269 tu
1217 237 1391 281 praebeto
1416 242 1558 281 gratum
1584 242 1766 269 eventum.
1829 235 1886 269 Sic
1909 235 1999 268 dixit
2021 234 2165 280 Pelops,

1609 300 1650 320 ac
1668 287 1862 321 laetificans
1872 287 1968 321 Deus
1980 287 2165 332 Pelopem,

1153 340 1252 373 dedit
1285 341 1317 374 ei
1349 353 1495 375 currum
1528 352 1679 373 iureum
1727 346 1762 372 et
1805 339 2001 374 indefessos
2042 352 2165 385 equos.

1154 392 1245 438 (Str.
1272 393 1325 439 4.)
1364 392 1468 452 Cepit
1503 392 1614 437 igitur
1649 391 1809 425 validum
1841 392 2094 433 Oenomaum,
2132 397 2167 424 et

1154 444 1329 488 virginem
1349 446 1559 490 coniugem,
1585 456 1677 490 quae
1697 443 1839 488 peperit
1854 456 1914 477 sex
1931 443 2041 484 filios,
2067 442 2167 488 prin-

1154 495 1248 540 cipes
1268 496 1438 530 virtutem
1457 503 1635 531 curintes.
1689 495 1794 531 Nunc
1820 495 1914 529 inter
1936 496 2093 540 sepultos
2117 495 2166 528 ia-

1154 554 1229 588 cet,
1265 549 1309 581 ad
1334 547 1539 594 Alpheum,
1575 549 1672 593 apud
1699 560 1799 581 aram
1825 547 2167 594 frequentissimam,

1154 606 1189 633 et
1224 600 1377 645 adspicit
1414 601 1657 635 celebritatem
1687 599 1964 645 Olympicorum
2003 598 2167 632 certami-

1153 664 1264 694 num,
1291 652 1353 686 ubi
1370 653 1540 688 velocitas
1559 654 1691 697 pedum
1711 658 1846 691 certat,
1875 659 1909 686 et
1935 652 2039 696 vigor
2060 651 2167 684 robo-

1153 704 1214 739 ris.
1269 703 1394 738 Victor
1411 712 1531 738 autem
1552 711 1674 749 postea
1694 704 1731 737 in
1749 703 1885 737 mellita
1906 703 2166 749 tranquillitate

1155 756 1265 797 vivit,
1298 756 1400 802 (Ant.
1419 756 1473 804 4.)
1502 763 1652 802 propter
1678 757 1851 789 victoriae
1875 756 2048 800 praemia.
2111 754 2167 789 Sic

1154 820 1296 853 semper
1313 809 1349 842 id
1366 810 1503 843 bonum
1523 822 1704 843 summum
1722 808 1873 848 dicitur,
1902 809 2001 854 quod
2024 807 2085 840 illo
2111 806 2168 840 die

1155 860 1350 905 contingit,
1399 874 1472 907 quo
1503 862 1659 895 fructum
1693 859 1912 905 percipimus
1941 859 2168 904 superiorum

1155 913 1336 948 laborum.

1259 965 1319 999 Me
1355 977 1440 998 vero
1478 977 1654 998 coronare
1690 965 1863 998 victorem
1901 963 2058 1010 equestri
2093 964 2169 1008 lege

1154 1017 1305 1051 Aeolico
1333 1016 1494 1050 carmine
1520 1023 1675 1061 oportet.
1739 1016 1891 1051 Confido
1912 1016 2028 1057 enim,
2056 1015 2170 1049 nemi-

1156 1081 1238 1102 nem
1263 1082 1367 1114 posse
1395 1081 1452 1102 me
1477 1069 1627 1103 laudare
1654 1068 1765 1103 alium
1793 1068 1908 1113 magis
1937 1069 2168 1102 excellentem

1155 1121 1304 1155 scientia
1336 1119 1570 1155 honestarum
1603 1133 1725 1155 rerum
1764 1127 1799 1155 et
1830 1120 1993 1166 potentia
2029 1132 2168 1161 eorum,

1157 1174 1220 1220 qui
1237 1186 1334 1207 nunc
1351 1180 1455 1214 sunt,
1482 1186 1589 1219 quam
1609 1173 1820 1207 Hieronem.

1260 1226 1359 1260 Deus
1375 1232 1512 1266 custos,
1541 1237 1759 1260 conservans
1786 1231 1884 1259 tuam
1909 1224 2084 1269 gloriam,
2111 1236 2169 1257 cu-

1157 1284 1214 1311 rat
1231 1284 1310 1313 tuas
1326 1277 1599 1313 sollicitudines.
1654 1277 1721 1311 Hic
1739 1277 1766 1311 si
1784 1290 1841 1311 me
1865 1288 1940 1310 non
1967 1276 2037 1310 cito
2064 1275 2168 1310 desti—

1158 1336 1254 1371 tuet,
1281 1343 1388 1376 spero
1405 1343 1462 1364 me
1484 1330 1639 1363 dulciori
1665 1330 1745 1375 (Ep.
1764 1328 1817 1376 4.)
1840 1328 2000 1362 carmine
2024 1335 2058 1362 te
2083 1329 2171 1361 cele-

1158 1383 1348 1417 braturum
1369 1395 1465 1422 esse,
1494 1395 1574 1415 cum
1600 1382 1637 1414 in
1667 1395 1774 1416 curru
1799 1381 1905 1415 celeri
1933 1382 2100 1414 accedam
2126 1381 2172 1413 ad

1157 1433 1252 1470 lovis
1271 1436 1466 1480 templum,
1495 1434 1640 1467 inventa
1664 1434 1828 1468 materia.
1882 1431 1975 1466 Mihi
1993 1433 2096 1467 Musa
2122 1439 2171 1466 te-

1158 1487 1233 1521 lum
1253 1488 1402 1533 praebet
1419 1486 1694 1521 validissimum.
1748 1486 1821 1521 Alii
1841 1485 1920 1520 aliis
1938 1486 2045 1520 rebus
2063 1484 2174 1518 excel-

1160 1540 1250 1574 lunt.
1305 1540 1494 1574 Summum
1514 1551 1600 1572 vero
1618 1540 1725 1573 decus
1742 1545 1794 1573 est
1822 1550 1960 1582 regum.
2021 1537 2074 1572 Ne
2099 1549 2173 1570 ma—

1160 1592 1237 1624 iora
1269 1598 1432 1637 appetas.
1487 1591 1685 1636 Contingat
1711 1591 1775 1624 tibi
1802 1590 1839 1623 in
1860 1596 1934 1623 tota
1963 1589 2034 1622 vita
2061 1590 2173 1623 excel-

1160 1644 1251 1684 lere;
1280 1643 1370 1678 mihi
1389 1657 1496 1684 vero,
1522 1644 1738 1677 familiarem
1758 1655 1831 1678 esse
1848 1641 2062 1681 victoribus,
2090 1654 2173 1675 con-

1161 1696 1285 1741 spicuo
1305 1709 1369 1742 per
1386 1696 1576 1731 Graeciam
1597 1703 1747 1741 propter
1765 1694 1991 1740 sapientiam.

1583 1797 1674 1838 Ode
1698 1797 1752 1837 ll.

1357 1874 1414 1907 Th
1427 1886 1444 1906 e
1454 1886 1472 1907 r
1481 1886 1499 1907 ο
1508 1875 1552 1907 ni
1578 1874 1807 1917 Aqriyentino
1837 1870 1989 1919 ἅρματι.

1268 1951 1362 1997 (Str.
1382 1952 1432 1998 1.)
1462 1950 1598 1996 Hymni
1617 1956 1807 1994 regnantes
1823 1948 1860 1981 in
1883 1946 2040 1988 cithara,
2068 1961 2174 1995 quem

1167 2001 1318 2035 heroum
1347 2008 1409 2036 aut
1434 2016 1541 2049 quem
1568 2002 1685 2035 virum
1712 1999 2039 2045 interrogabimus?
2094 2000 2176 2035 Pisa

1167 2054 1312 2101 quidem
1331 2052 1443 2093 Iovis;
1471 2054 1704 2100 Olympicum
1720 2066 1807 2087 vero
1824 2059 2006 2086 certamen
2024 2053 2178 2087 instituit

1167 2106 1358 2147 Hercules,
1384 2106 1564 2151 primitias
1579 2106 1778 2151 spoliorum
1804 2105 1900 2139 belli.
1954 2105 2022 2139 Sed
2038 2103 2177 2139 Thero-

1170 2172 1250 2192 nem
1270 2159 1408 2193 sonabo
1427 2164 1576 2203 propter
1602 2158 1791 2191 victoriam
1817 2169 2011 2199 curruum,
2044 2157 2177 2192 iustum

1169 2210 1369 2256 hospitem,
1397 2223 1542 2244 murum
1566 2210 1773 2254 Agrigenti,
1807 2208 1985 2243 nobilium
2011 2208 2181 2254 progeni-

1172 2271 1291 2297 torum
1318 2264 1466 2303 florem,
1507 2268 1684 2296 rectorem
1711 2261 1874 2296 urbium:
1919 2259 2019 2307 (Ani.
2040 2262 2089 2308 1.)
2119 2260 2179 2307 qui

1172 2316 1422 2362 progenitores
1440 2315 1624 2358 defatigati
1643 2321 1867 2360 occuparunt
1881 2325 2019 2347 sacram
2040 2314 2179 2352 urbem,

1172 2369 1303 2402 dictam
1333 2380 1352 2400 a
1379 2368 1489 2401 ssuvio
1513 2368 1728 2411 Acragante.
1796 2366 1843 2400 Et
1867 2364 2179 2399 fuerunt·Siciliae

1173 2422 1314 2461 oculus,
1343 2433 1433 2466 quos
1451 2420 1634 2452 fortunata
1655 2426 1751 2453 aetas
1776 2418 1938 2456 ornavit,
1975 2417 2064 2450 dans
2090 2416 2179 2450 divi-

1276 2524 1309 2559 Ο
1333 2524 1486 2569 Iupiter,
1526 2523 1587 2569 qui
1614 2524 1774 2568 possides
1796 2519 1944 2566 Olympi
1969 2520 2110 2560 sedem,
2149 2525 2184 2551 et

1174 2577 1412 2612 certaminum
1445 2576 1635 2616 verticem,
1678 2582 1712 2609 et
1745 2575 1879 2608 flumen
1905 2569 2107 2617 Alpheum,
2151 2576 2185 2604 et

1684 2628 1838 2671 benigne
1870 2625 2025 2670 patriam
2058 2628 2183 2657 curato

1565 2680 1668 2725 Quae
1685 2692 1770 2712 vero
1789 2680 1878 2711 sacta
1900 2683 1984 2712 sunt
2008 2688 2071 2710 seu
2096 2675 2183 2709 iuste

1174 2684 1254 2728 (Ep.
1279 2681 1327 2729 1.)
1347 2682 1510 2727 posteris.

1618 2784 1665 2817 18
