2341 2973
207 94 280 129 643
792 94 915 132 PHIL.
941 95 1052 130 MEL.
1088 95 1289 131 SCRIPTA
1316 97 1653 134 PHILOLOGICA.
2176 97 2259 134 644-

207 182 304 221 lam,
336 179 575 225 Charybdim,
604 179 887 226 Polyphemum,
915 188 948 215 et
965 179 1203 226 Antiphaten,
1654 184 1694 217 M
1723 197 1743 216 o
1772 184 1783 216 l
1811 195 1845 228 y.

207 232 264 265 Sic
289 232 438 276 quilibet
461 230 567 266 heros
584 231 745 278 habet39)
764 246 846 266 suos
863 231 1001 272 hostes,
1037 245 1055 265 a
1075 233 1204 278 quibus

207 283 405 317 divexatur.
440 283 610 318 Hercules
627 282 752 317 habuit
764 286 956 322 Antaeum,
985 284 1204 328 Geryonem,

209 333 359 372 Cacum;
406 334 546 368 Aeneas
574 335 760 373 Turnum,
802 335 1037 373 Mezentium3
1094 335 1204 368 Caro—

208 385 262 418 lus
280 384 323 419 V.
340 383 543 430 Imperator
559 386 715 420 Turcam
728 412 737 426 ,
764 385 973 419 Pontificem
997 392 1031 419 et
1048 386 1204 420 Gallum.
1359 377 1461 410 Hanc
1482 375 1631 410 herbam
1651 378 1829 412 Homerus
1853 378 1991 411 deeimo
2015 377 2251 424 Odysseaess)

1258 428 1381 462 scribit
1398 429 1515 462 valere
1535 435 1658 462 contra
1679 431 1846 463 veneficia
1859 429 1996 469 Circes,
2024 430 2084 462 sed
2102 429 2254 463 inventu

1259 480 1440 513 difficilem
1468 493 1541 526 esse
1566 481 1790 515 mortalibus.
1857 481 2026 514 Arbitror
2053 480 2254 514 Homerum

1258 531 1455 574 intelligere
1472 544 1536 575 per
1552 543 1629 564 eam
1647 532 1800 566 voluisse
1818 532 2105 577 temperantiam.
2155 531 2255 565 Haec
2272 552 2273 555 =

1260 583 1354 615 enim
1375 583 1501 623 efficit,
1529 595 1573 616 ne
1594 584 1820 627 voluptatum
1838 584 2012 617 illecebris
2029 584 2074 616 ab
2098 581 2255 616 honesto

1260 635 1497 672 deducamum
1526 640 1647 680 estque
1668 635 1780 668 virtus
1795 634 1831 667 in
1849 633 1996 668 homine
2011 646 2105 668 rara.
2144 634 2254 678 Apud

1260 685 1449 718 Platonem
1469 685 1631 719 Socrates
1657 684 1876 720 Charmiden
1900 686 2083 719 levaturus
2110 686 2253 725 morbo,

1260 736 1395 769 indicat
1410 737 1626 777 radiculam,
1661 749 1767 783 quam
1795 738 1868 782 ipse
1892 737 2015 770 itidem
2039 736 2254 780 interpreta-

1260 794 1318 820 tur
1351 789 1646 831 temperantiam,
1690 789 1851 822 alludens
1884 789 2044 823 fortassis
2079 788 2125 820 ad
2160 785 2253 820 hanc

1261 838 1395 882 ipsam,
1430 852 1521 884 quae
1548 847 1695 873 vocatur
1719 840 1830 885 Moly.
1894 840 2005 874 Poeta
2031 839 2069 871 in
2089 838 2252 883 Priapeis

1261 890 1341 922 ioco
1367 891 1536 924 transfert
1564 891 1772 935 allegoriam
1799 891 1929 925 herbae
1956 893 2001 925 ad
2023 902 2165 926 sensum
2191 890 2254 923 ob-

1259 953 1428 974 scoenum
1443 968 1452 981 ,
1480 954 1559 975 cum
1579 942 1697 988 inquit
1712 942 1778 988 ²⁴2)·.

1308 259 1367 293 Vs.
1386 259 1471 295 292.
1507 261 1604 305 ssloly
1625 266 1741 294 vocant
1759 261 1903 302 Superi3
1940 260 2039 301 nigra
2063 261 2176 293 radice
2201 265 2252 294 Ie-

1674 318 1784 345 netur.

336 495 474 528 Venti
502 496 555 528 ab
582 495 743 527 Aeolio
772 502 873 528 utre
907 496 1073 530 emissi.

629 626 762 647 munus.

312 671 448 704 Fabula
466 673 508 703 de
529 672 642 705 ventis
661 673 705 704 ab
731 679 810 704 utre
834 684 898 716 per
922 673 1204 716 imprudentiam

211 721 363 762 emissis,
404 722 671 756 accommodari
696 729 813 767 potest
843 724 887 756 ad
921 724 1206 758 inconsideratos

210 773 388 817 principes
406 773 521 807 nostri
542 774 732 818 temporis,
761 775 822 819 qui
840 775 1051 808 tumultibus
1077 782 1111 808 et
1135 776 1206 808 bel-

209 824 251 858 lis
275 830 448 869 tanquam
472 825 588 859 ventis
612 826 655 858 ab
673 825 800 859 Aeolio
822 832 900 859 utre
926 827 1061 860 emissis
1086 827 1206 860 turba-

209 881 295 908 runt
327 875 573 910 Germaniam.
649 876 741 910 Nam
779 879 1084 922 quemadmodum
1121 878 1207 911 socii

210 926 347 971 Ulyssis
376 927 534 960 resoluto
558 933 637 960 utre
664 935 911 972 tempestatem
937 929 1113 962 inducunt
1140 929 1206 963 sibi

210 978 468 1022 perniciosam:
505 979 553 1010 ita
578 985 612 1011 et
635 976 672 1011 hi
699 980 848 1013 revulsis
876 980 1026 1014 vinculis
1042 981 1206 1025 publicae

211 1030 307 1073 pacis
341 1035 614 1062 commoverunt
638 1030 722 1064 belli
745 1037 992 1076 tempestatem
1018 1038 1052 1065 et
1078 1032 1145 1066 sibi
1173 1039 1207 1065 et

211 1081 348 1126 patriae
365 1080 620 1115 calamitosam.

1331 1008 1400 1032 Hine
1420 1009 1523 1039 legitur
1541 1009 1634 1041 radix,
1661 1010 1693 1034 de
1712 1016 1764 1041 qua
1783 1012 1833 1035 flos
1852 1011 1960 1035 lacteus
1978 1010 2051 1042 exit,

1367 1053 1452 1081 Quam
1471 1059 1520 1076 cur
1538 1053 1616 1083 Moly
1634 1051 1755 1077 vocant?
1790 1054 1913 1078 Mentula
1931 1054 2010 1085 Moly
2027 1053 2087 1078 fuit.

585 1194 593 1203 .
733 1196 761 1203 ..
794 1197 800 1203 ,
1525 1163 1663 1198 Ianus
1691 1176 1768 1197 cur
1795 1163 1983 1199 bifrons.

441 1196 620 1242 Ulyssis
648 1208 763 1230 soc11
791 1208 836 1229 ln
863 1208 977 1230 sues.

312 1274 349 1308 Si
381 1274 651 1308 considerentur
676 1286 794 1308 mores
816 1271 1006 1306 hominum
1032 1272 1190 1317 intempe
1311 1240 1371 1275 Vs.
1391 1241 1476 1275 334.
1504 1244 1645 1276 Dicitur
1663 1244 1806 1285 ancipiti
1819 1244 1990 1285 peperisse
2010 1243 2143 1277 Venilia
2156 1244 2253 1277 Iano.

210 1332 331 1359 ranter
346 1325 564 1365 viventium,
604 1338 678 1358 non
704 1332 754 1359 est
780 1326 992 1364 obscurum,
1037 1324 1123 1370 quid
1151 1336 1206 1358 so-

210 1377 347 1411 ciorum
364 1377 500 1422 Ulyssis
517 1377 702 1410 conversio
719 1377 901 1421 significet.
955 1376 1090 1409 Parum
1110 1376 1203 1409 enim

209 1429 379 1462 differunt
398 1440 417 1461 a
436 1429 557 1462 suibus
578 1426 743 1461 homines
771 1428 957 1472 crapulae,
986 1428 1149 1460 ebrietati
1173 1434 1206 1460 et

207 1480 349 1513 libidini
366 1480 488 1514 dediti.
536 1480 779 1524 Significatum
799 1486 849 1513 est
869 1479 976 1523 igitur
993 1477 1058 1512 hac
1073 1479 1205 1518 fabula,

208 1532 344 1576 Ulyssis
369 1531 483 1565 socios
506 1532 602 1575 apud
627 1531 753 1564 Circen
778 1531 903 1564 vixisse
929 1532 1126 1564 admodum
1151 1531 1204 1563 in-

207 1588 469 1627 temperanter:
520 1582 555 1615 id
585 1584 684 1627 quod
716 1583 823 1615 etiam
852 1580 1055 1625 Xenophon
1087 1582 1205 1616 innuit

206 1634 300 1667 libro
316 1633 434 1678 primo
451 1634 493 1666 de
508 1633 610 1667 factis
628 1640 662 1666 et
677 1634 780 1666 dictis
798 1632 1009 1678 Socratis‘ffl)
1022 1660 1030 1672 ,
1065 1634 1126 1666 ubi
1150 1645 1204 1666 re-

206 1686 275 1718 fert
289 1685 471 1718 Socratem
492 1697 597 1729 saepe
615 1685 693 1718 ioco
716 1685 863 1724 dixisse,
891 1697 926 1718 se
952 1684 1121 1717 arbitrari
1141 1682 1203 1717 ho-

208 1737 320 1770 mines
348 1735 481 1768 idcirco
510 1748 590 1770 sues
617 1736 759 1769 effectos
783 1738 878 1780 apud
905 1735 1050 1775 Circen,
1089 1748 1203 1781 quon-

206 1789 277 1821 iam
309 1788 380 1820 illic
414 1787 616 1820 immodicis
648 1787 734 1821 escis
758 1787 1077 1832 potationibusque
1103 1788 1202 1833 quasi
1230 1819 1231 1830 χ

207 1841 243 1872 in
261 1838 349 1872 hara
367 1838 520 1882 saginati
544 1838 633 1877 sint;
670 1839 833 1884 Ulyssem
856 1851 940 1872 vero
959 1839 1088 1882 partim
1109 1839 1203 1872 Mer-
1359 1840 1482 1881 Picus,
1522 1841 1703 1875 Ausoniae
1728 1853 1807 1881 rex,
1851 1839 1958 1884 periit
1980 1839 2018 1872 in
2047 1839 2251 1879 venatione,

207 1891 295 1924 curii
312 1890 484 1931 consilio,
512 1890 644 1934 partim
670 1889 884 1924 abstinentia
911 1902 972 1924 sua
999 1902 1072 1922 non
1097 1890 1202 1924 fuisse
1227 1868 1231 1942 l
1256 1903 1330 1923 non
1347 1892 1452 1936 longe
1471 1893 1514 1925 ab
1533 1893 1669 1934 insula,
1698 1893 1734 1925 in
1752 1904 1820 1938 qua
1838 1891 1937 1924 Circe
1956 1890 2131 1934 regnavit.
2174 1890 2250 1923 Hac

206 1954 304 1976 suem
322 1943 468 1975 factum.
519 1941 570 1974 Ac
594 1942 735 1975 videtur
754 1941 905 1975 Ovidius
929 1941 1119 1985 depingere
1146 1939 1203 1975 hic
1255 1944 1298 1975 de
1316 1955 1418 1977 causa
1440 1951 1566 1988 poetae
1583 1945 1790 1978 fabulantur
1808 1955 1889 1976 eum
1907 1942 2085 1976 veneficiis
2095 1941 2251 1975 Circaeis

1362 1310 1468 1345 Ianus
1493 1311 1559 1345 fuit
1583 1310 1667 1353 Ion,
1703 1312 1862 1345 Graecae
1887 1318 1921 1345 et
1937 1311 2119 1345 Ausoniae
2139 1313 2253 1356 gentis

1260 1372 1401 1405 parens.
1455 1362 1486 1395 Is
1508 1364 1654 1407 fingitur
1679 1363 1837 1404 bifrons,
1874 1369 2024 1408 propter
2047 1375 2146 1404 eam,
2181 1376 2252 1409 qua

1260 1415 1443 1455 excelluit,
1470 1415 1718 1459 prudentiam;
1747 1422 1798 1449 est
1814 1415 1909 1447 enim
1926 1414 2113 1458 prudentis
2130 1415 2252 1449 videre

1259 1477 1277 1497 a
1296 1472 1394 1510 tergo
1411 1473 1445 1499 et
1460 1478 1478 1498 a
1496 1468 1627 1506 fronte,
1645 1464 1713 1499 hoc
1729 1472 1792 1506 est,
1817 1466 2043 1500 considerare
2058 1467 2253 1511 praeterita

1259 1528 1299 1550 ac
1314 1518 1432 1551 sutura
1445 1545 1454 1559 ,
1483 1524 1517 1551 et
1534 1531 1613 1552 cum
1630 1518 1674 1552 iis
1692 1519 1854 1551 conferre
1872 1517 2087 1562 praesentia.

1406 1644 1538 1678 Picus
1565 1645 1611 1677 in
1638 1657 1763 1677 avem
1793 1644 1862 1678 sui
1890 1643 2104 1678 nominis.

1309 1720 1368 1754 Vs.
1388 1721 1473 1754 396.
1507 1725 1579 1756 Nec
1593 1723 1773 1767 quidquam
1788 1723 1965 1766 antiquum
1980 1719 2027 1765 43)
2047 1722 2148 1760 Pico,
2183 1722 2253 1754 nisi

1677 1775 1767 1806 nomi
1770 1786 1813 1806 na
1830 1777 1960 1806 restant
1970 1771 2029 1818 ⁴¹3).

262 561 424 598 Vs.225.
455 565 542 604 Quos
557 565 646 596 bovis
676 564 820 596 inclusos
846 569 956 607 iet-90,
993 566 1206 599 memorabile

1229 1774 1232 1812 Ι

206 1993 441 2026 temulentum
458 1990 663 2033 hominem,
691 1993 753 2027 ubi
772 1993 820 2026 ait
841 1993 935 2038 (Vss.
951 1993 1027 2028 283
1045 1993 1134 2038 sq.):
1255 2006 1327 2028 esse
1344 2008 1485 2030 versum
1504 1997 1539 2029 in
1557 2009 1658 2029 avem
1677 1995 1730 2029 sui
1748 1995 1917 2028 nominis.
1978 1992 2149 2038 Virgilius
2165 2005 2250 2038 pro-

617 2058 649 2086 et
664 2066 729 2097 qua
747 2054 840 2086 modo
853 2054 972 2096 meula
985 2058 1083 2095 parte
1254 2046 1361 2078 lixam
1379 2045 1471 2081 hanc
1488 2048 1645 2081 fabulam
1664 2047 1868 2091 complexus
1887 2051 1938 2079 est
1954 2045 2067 2079 tribus
2093 2043 2148 2079 his
2170 2056 2254 2078 ver--

258 2104 403 2145 Sumpta
419 2104 502 2136 mihi
516 2103 672 2146 fuerant,
701 2105 760 2138 illa
779 2107 919 2147 vesiiyia
933 2103 1012 2147 feci.
1253 2097 1350 2131 sibus
1364 2099 1411 2144 ¹¹4)
1426 2112 1432 2131 :

206 2161 413 2194 Temulenli
470 2162 562 2194 enim
619 2163 809 2197 imitantur
860 2164 1058 2207 gradiendo
1112 2173 1199 2207 qua·
1356 2166 1454 2197 Picus,
1483 2165 1578 2196 cqufnn
1597 2165 1731 2196 domitor,
1758 2171 1837 2195 quem
1857 2165 1936 2195 capta
1958 2163 2082 2195 cupidine
2099 2163 2221 2189 coniunx

1356 2210 1448 2232 Aurea
1467 2207 1650 2238 percussitff)
1671 2209 1751 2238 virga
1770 2214 1936 2238 versumque
1955 2207 2070 2231 venenis

205 2214 403 2257 drupedes’
448 2225 644 2259 eorumque
672 2226 800 2249 manus
826 2215 917 2248 fiunt
944 2226 1048 2260 quam
1081 2214 1199 2258 pedes'
1355 2251 1433 2275 Fecit
1451 2257 1530 2274 avem
1549 2251 1629 2275 Circe
1649 2250 1809 2281 sparsitque
1826 2250 1966 2274 coloribus
1985 2249 2055 2274 aias.

203 2263 306 2297 Dicta
327 2271 378 2298 est
394 2270 511 2297 autem
530 2264 629 2298 Circe
650 2267 719 2298 filia
738 2266 849 2306 Solis,
877 2267 931 2299 vel
958 2271 1105 2310 propter
1129 2265 1198 2297 exi—

203 2316 311 2349 miam
329 2313 653 2361 pulchritudinem,
681 2318 736 2350 vel
760 2324 908 2362 propter
928 2317 1094 2350 notitiam
1119 2315 1197 2349 her-

201 2368 350 2407 barum,
394 2368 439 2400 ob
469 2380 576 2413 quam
601 2368 833 2413 Aesculapius
865 2370 971 2402 etiam
1005 2369 1119 2401 dictus
1148 2374 1197 2401 est

200 2419 293 2452 filius
314 2418 492 2463 Apollinis
514 2431 575 2453 seu
601 2419 710 2457 Solis;
748 2433 898 2464 cumque
926 2427 1015 2454 esset
1038 2421 1194 2453 formosa

203 2476 236 2502 et
258 2482 385 2513 parum
415 2476 529 2510 casta,
557 2469 722 2505 homines
747 2483 869 2504 amore
894 2478 1065 2517 tanquam
1092 2483 1197 2504 vene—

204 2521 289 2554 ficiis
305 2521 535 2555 dementavit.

1284 2397 1332 2426 4¹)
1352 2397 1431 2423 Hom.
1452 2397 1501 2422 Οὐ.
1521 2398 1564 2429 Χ,
1582 2396 1634 2421 287
1648 2403 1707 2428 sqq.

1283 2457 1331 2486 42)
1351 2456 1442 2486 Priap.
1463 2457 1507 2487 69,
1529 2458 1568 2480 14.

1283 2516 1332 2544 43)
1353 2516 1507 2546 antiquum
1525 2528 1558 2531 —-
1576 2514 1718 2542 restant]
1745 2513 1786 2537 sic
1804 2513 1889 2539 Editt.
1910 2512 2004 2544 1555„
2034 2512 2126 2544 ¹559.;
2163 2512 2246 2538 ovid.

1314 2551 1365 2574 Ed.
1384 2551 1492 2574 Mitsch.
1512 2551 1631 2581 antiqui
1648 2562 1682 2567 —
1700 2550 1805 2574 restat.

1283 2613 1331 2639 44)
1350 2611 1431 2641 Virg.
1453 2613 1520 2635 Aen.
1541 2611 1602 2642 vn,
1626 2610 1782 2635 189-191,

1282 2673 1330 2699 45)
1348 2672 1503 2701 percussit]
1524 2672 1564 2696 sic
1580 2672 1666 2696 Editt.
1688 2671 1783 2701 1555„
1805 2670 1897 2701 1559.;
1935 2669 2014 2701 Virg.
2032 2670 2083 2697 Ed,
2105 2669 2246 2700 Wagner.

1317 2712 1485 2736 percussum.

234 2653 283 2682 39)
303 2654 398 2682 habet]
417 2654 466 2679 Ed.
488 2655 563 2679 1559.
585 2656 670 2680 maie:
696 2657 788 2680 habes.

235 2704 283 2729 40}
304 2705 428 2736 Xenoph.
449 2707 599 2732 Memorat).
621 2708 696 2732 Soc-r.
718 2708 741 2738 1,
759 2708 786 2739 3,
805 2707 830 2732 7.
850 2708 898 2732 Ed.
919 2708 1076 2732 Schneider.
