2341 2973
210 109 279 142 611

208 194 277 228 bit:

210 246 352 278 ficatum
371 242 508 275 Midam
528 248 651 286 utpote
670 249 863 287 tyrannum
883 253 1050 286 coryceos
1070 247 1105 274 et
1121 241 1203 275 sub-

211 294 468 328 auscultatores
487 293 666 326 dimittere
684 293 847 333 solitum,
875 304 939 336 per
957 304 1046 337 quos
1058 318 1067 332 ,
1095 303 1203 337 quae—

212 357 352 390 cunque
370 357 433 389 per
452 356 594 377 omnem
615 344 797 388 regionem
818 343 874 376 vel
890 344 1013 376 fierent
1035 343 1092 375 vel
1106 343 1204 376 dice-

212 402 356 436 rentur,
385 402 633 439 cognosceret,
668 395 839 427 nimirum
855 394 923 427 illis
941 400 1044 427 utens
1062 394 1203 427 aurium

212 448 299 480 vice.
361 447 519 480 Proinde
548 459 627 479 cum
651 446 776 489 vulgus
801 445 1041 478 admiraretur
1070 446 1114 478 ab
1142 445 1204 478 illo

213 497 334 532 resciri
354 498 460 531 etiam
478 510 537 537 ea,
566 508 656 541 quae
675 497 765 528 clam
783 508 823 529 ac
839 496 964 540 procul
981 497 1119 536 fierent,
1149 508 1205 529 oc-

215 549 393 583 casionem
428 548 566 581 fabulae
595 548 789 587 dederunt,
825 554 864 580 ut
888 547 1005 581 Midas
1029 547 1207 580 diceretur

215 600 392 633 auriculas
410 599 500 632 asini
516 596 648 631 habere
660 625 668 638 ‚
696 598 751 630 vel
777 599 874 643 quod
891 599 1029 631 nullum
1060 598 1206 638 animal,

216 657 362 695 excepto
379 662 500 688 mure,
527 649 664 683 acutius
681 649 804 682 audiat
821 661 928 695 quam
946 649 1078 683 asinus.

318 701 389 735 Alii
404 701 560 734 fabulam
579 707 763 745 exponunt
779 702 821 733 de
838 701 917 733 loco
929 727 937 740 ‚
973 706 1007 733 et
1022 700 1123 733 aiunt
1139 699 1208 732 Mi-

216 756 294 786 dam
313 750 478 786 habuisse
497 751 771 798 oppidulumw),
788 751 843 784 cui
858 763 992 784 nomen
1009 750 1099 785 ὄνου
1117 746 1209 794 ὦτα,

217 811 250 837 et
265 804 346 836 ideo
364 803 527 837 incidisse
546 803 584 836 in
606 803 763 836 fabulam
776 829 785 843 ,
822 804 919 848 quod
945 800 1093 835 haberet
1119 801 1209 834 asini

217 867 332 889 aures.

268 947 419 980 Midae
446 946 606 980 famuli
633 958 715 979 vox
741 946 785 978 in
815 945 1082 979 arundinem
1101 945 1159 991 ⁷⁹).

321 1015 460 1059 Regum
491 1026 530 1047 ac
560 1013 763 1058 principum
794 1014 879 1047 vitia
905 1020 1073 1058 teguntur
1107 1013 1212 1053 tiara,

218 1066 285 1100 hoc
302 1073 372 1106 est,
399 1066 589 1110 dignitate,
618 1077 688 1110 qua
704 1065 771 1109 ipsi
791 1072 874 1099 sunt
890 1065 1027 1103 ornati;
1056 1077 1098 1098 eo
1116 1064 1212 1097 enim

220 1118 373 1162 tegmine
400 1129 499 1161 reges
532 1128 571 1149 ac
601 1116 780 1160 principes
814 1129 915 1150 suam
947 1116 1211 1150 deformitatem

221 1169 399 1202 occultant
411 1195 420 1208 ,
454 1180 543 1201 neve
560 1168 745 1202 manifesta
763 1168 850 1200 fiant
867 1180 991 1201 eorum
1010 1167 1096 1200 vitia
1108 1194 1116 1207 ‚
1151 1167 1213 1199 ob-

219 1426 323 1459 facta.
377 1424 528 1458 vocales
547 1424 643 1457 enim
663 1425 856 1458 arundines
874 1422 964 1457 nihil
985 1424 1082 1458 aliud
1108 1423 1216 1467 signi-

220 1478 348 1516 ficant,
383 1476 453 1510 nisi
477 1476 692 1520 scriptorum
717 1476 892 1515 calamos,
926 1475 989 1521 qui
1013 1476 1214 1508 litterarum

222 1528 445 1561 monimenta
477 1527 680 1561 conficiunt.

337 192 446 231 Sunt,
490 191 617 236 quibus
647 191 761 235 placet
794 189 859 223 hac
892 191 1061 234 allegoria
1093 190 1200 234 signi·
1226 203 1229 237 ἶ

788 104 908 139 PHIL.
945 103 1054 138 MEL.
1092 102 1294 138 SCRIPTA
1330 102 1667 139 PHILOLOGICA.

2174 103 2251 140 612

1258 189 1369 223 muris
1394 189 1556 223 adiutum
1582 202 1655 224 esse
1682 201 1770 223 auro
1804 201 1822 221 e
1846 189 1979 233 templo
2004 188 2183 232 Apollinis
2215 194 2254 222 et

1255 240 1414 284 Neptuni
1432 241 1563 274 ablato.
1616 240 1755 274 Deinde
1775 246 1893 274 secuta
1914 239 2152 273 inundatione
2168 251 2250 272 cau-

1257 304 1332 325 sam
1356 291 1518 335 publicae
1544 292 1755 326 calamitatis
1781 292 1818 323 in
1843 291 1944 324 illum
1969 290 2135 323 collatam
2164 302 2250 324 esse.

1258 342 1390 376 Similis
1407 343 1526 376 fabula
1542 349 1661 386 posset
1687 342 1839 385 confingi
1864 343 1907 375 de
1931 341 2146 387 quibusdam
2162 341 2252 374 Ger-

1258 394 1401 426 maniae
1418 393 1640 433 civitatibus‚
1669 395 1766 439 quod
1788 393 1955 426 videlicet
1976 392 2013 425 in
2031 392 2252 427 exstruendis

1261 444 1446 479 moenibus
1463 456 1571 489 opera
1590 452 1816 478 mortuorum
1844 445 1915 478 sint
1934 443 2066 484 adiuti,
2103 443 2186 489 quia
2215 444 2253 476 in

1260 496 1381 529 multis
1406 496 1492 530 locis
1518 495 1733 529 Germaniae
1759 493 1827 528 hoc
1858 502 2021 540 tempore
2046 494 2141 528 muri
2169 506 2253 528 con-

1261 553 1447 580 struuntur
1471 547 1703 580 monimentis
1727 547 1970 591 sepulcrorum
1996 559 2014 579 e
2038 545 2253 579 coemiteriis

1262 597 1399 631 ablatis.

1288 681 1450 716 Thetis
1478 680 1686 727 Nympha
1714 681 1759 714 in
1787 682 1939 716 varias
1966 682 2217 729 formasffl).

1367 750 1512 783 Certum
1531 756 1582 783 est
1606 756 1758 782 matrem
1774 747 1922 783 Achillis
1943 749 2049 784 fuisse
2071 756 2256 794 praestan—

1264 807 1333 834 tem
1352 801 1523 834 feminam
1543 808 1576 834 et
1592 801 1856 835 maritimarum
1876 801 2019 834 urbium
2046 801 2102 834 vel
2124 800 2256 833 insula-

1265 864 1344 885 rum
1371 852 1576 893 dominam‚
1616 850 1779 898 hancque
1803 854 1848 886 ob
1874 863 2017 886 causam
2040 852 2127 896 fingi
2152 853 2257 885 deam

1267 903 1456 937 marinam.
1510 903 1694 948 Quantum
1713 916 1798 936 vero
1820 916 1860 937 ex
1885 904 2005 937 fabula
2034 903 2258 947 intelligitur,

1238 971 1240 978 v
1266 966 1340 987 non
1358 954 1459 988 facile
1478 955 1683 998 persuaderi
1699 955 1834 999 potuit,
1862 961 1900 988 ut
1911 955 2018 988 Peleo
2031 981 2040 995 ‚
2061 952 2259 999 regiThes-

1236 1002 1242 1051 l
1266 1005 1392 1046 saliae,
1420 1006 1581 1039 nuberet.

1634 1004 1757 1051 Itaque
1775 1007 1912 1039 formae
1924 1032 1933 1045 ,
1967 1006 2004 1038 in
2021 1018 2110 1050 quas
2127 1017 2163 1039 se
2180 1017 2260 1039 mu-

1267 1057 1368 1096 tavit,
1394 1056 1594 1101 significant
1610 1057 1790 1102 quandam
1810 1056 1921 1089 animi
1937 1057 2159 1096 varietatem,
2187 1067 2259 1101 qua

1267 1108 1410 1152 nuptias
1436 1108 1529 1141 illius
1550 1108 1738 1141 recusavit.
1799 1107 1988 1151 Euripides
2013 1107 2050 1139 in
2073 1105 2259 1151 Iphigenia

1240 1190 1241 1207 ÷
1267 1159 1389 1193 scribit
1404 1159 1554 1203 insignia
1565 1157 1713 1193 Achillis
1728 1158 1834 1193 fuisse
1851 1171 1976 1192 aureas
1990 1157 2260 1204 Nereidas⁸¹⁸);

220 1226 374 1254 ruuntur
399 1219 458 1252 illa
485 1219 629 1265 quidem
661 1219 863 1259 scrobibus,
904 1220 964 1253 sed
988 1220 1032 1252 ad
1062 1225 1214 1263 tempus,
1240 1210 1241 1249 i

220 1274 334 1305 donec
353 1283 370 1304 e
389 1271 572 1304 scrobibus
590 1277 803 1304 enascantur
820 1282 955 1304 cannae
979 1283 1041 1304 seu
1069 1270 1214 1303 arundi-

219 1334 282 1356 nes
299 1323 457 1363 vocales,
484 1320 552 1355 hoc
571 1328 642 1363 est,
669 1323 782 1355 donec
802 1322 886 1366 ipsis
902 1322 1048 1366 sepultis
1062 1321 1216 1355 existant

221 1374 431 1418 scriptores,
474 1373 535 1418 qui
563 1373 715 1418 posteris
738 1374 896 1417 prodant
920 1373 1038 1417 turpia
1068 1373 1213 1405 illorum
1242 1415 1243 1419 Ἰ

743 1527 789 1560 Ηί
812 1527 906 1560 enim
934 1527 1062 1560 calami
1091 1538 1216 1559 vocem
1244 1544 1245 1568 j

222 1580 343 1618 edunt,
370 1577 407 1611 hi
423 1579 632 1624 loquuntur,
660 1576 697 1611 hi
718 1579 870 1612 efferunt
887 1590 1015 1611 arcana
1034 1578 1217 1612 scrobibus
1243 1569 1246 1592 ⁷

224 1630 362 1662 obruta.

464 1712 522 1745 De
559 1712 703 1746 muris
732 1712 968 1746 Troianis.

277 1781 335 1815 Vs.
353 1781 439 1817 207.
475 1784 550 1815 Non
572 1783 706 1823 impune
719 1780 810 1823 ferai
820 1780 866 1827 so)
878 1807 886 1821 ‚
914 1787 1021 1814 rector
1040 1783 1145 1814 maris
1164 1783 1219 1814 in-

636 1834 719 1877 quit.

1269 1223 1308 1244 ac
1337 1211 1413 1244 fieri
1440 1217 1575 1255 potest,
1602 1216 1641 1243 ut
1663 1216 1855 1254 propterea
1881 1210 1955 1244 eius
1977 1215 2093 1243 mater
2110 1209 2202 1243 dicta
2227 1214 2262 1241 et

1270 1260 1389 1295 habita
1408 1262 1453 1296 sit
1469 1274 1538 1295 una
1559 1274 1599 1295 ex
1614 1261 1840 1296 Nereidibus.

1389 1357 1450 1390 De
1478 1356 1712 1402 Autolyco
1743 1363 1783 1389 et
1810 1353 2141 1389 Philammone.

1322 1424 1380 1458 Vs.
1398 1425 1483 1458 313.
1514 1426 1677 1457 Nascitur
1693 1424 1895 1466 Autolycus,
1919 1422 2051 1465 florium
2068 1423 2263 1465 ingeniosus

1684 1476 1728 1507 ad
1746 1486 1850 1506 omtw.

1371 1534 1567 1578 Autolycus
1584 1531 1693 1566 homo
1713 1533 1858 1566 dolosus
1879 1538 1913 1565 et
1936 1532 2058 1572 furax,
2092 1531 2173 1565 ideo
2200 1532 2266 1565 fin-

1271 1586 1366 1629 gitur
1385 1585 1555 1618 Mercurii
1575 1585 1688 1624 filius,
1712 1583 1794 1629 quia
1815 1583 2015 1616 Mercurius
2039 1582 2077 1615 in
2101 1583 2266 1626 genitura

1245 1668 1247 1687 ἱ
1272 1637 1460 1670 infeliciter
1474 1635 1628 1680 positus,
1655 1635 1865 1680 plerumque
1882 1634 1968 1667 tales
1983 1634 2118 1667 format
2135 1646 2266 1669 mores.

1272 1688 1406 1721 Eadem
1426 1688 1517 1720 ratio
1537 1693 1588 1720 est
1604 1688 1646 1719 de
1664 1684 1916 1720 Pliilammone
1934 1691 2039 1730 poeta
2051 1711 2060 1726 ,
2087 1684 2267 1730 Apollinis

1273 1739 1357 1772 filio.
1411 1738 1502 1772 Nam
1523 1738 1575 1772 sol
1592 1739 1637 1771 ad
1655 1735 1804 1771 honesta
1826 1743 1860 1770 et
1883 1736 2043 1770 liberalia
2067 1737 2183 1770 studia
2209 1750 2267 1771 ex-

1246 1833 1247 1836 *
1274 1791 1358 1823 citat
1375 1796 1497 1830 natos,
1527 1791 1563 1822 in
1582 1802 1734 1834 quorum
1764 1788 1926 1833 genitura
1952 1789 2048 1821 bono
2073 1788 2153 1821 loco
2182 1801 2266 1822 con-

1246 1876 1247 1879 ,
1273 1842 1415 1876 stitutus
1442 1847 1504 1875 est.

328 1891 458 1935 Magna
475 1890 674 1934 respublica
691 1902 765 1924 non
792 1897 864 1924 tam
888 1889 1076 1924 hominum
1107 1903 1218 1935 opera
1246 1890 1247 1894 ’

226 1950 259 1976 et
287 1942 481 1982 industria,
522 1953 630 1986 quam
658 1942 806 1975 numine
831 1943 953 1975 divino
979 1942 1219 1977 constituitur.

225 1993 265 2027 In
292 1994 470 2037 republica
495 2004 581 2026 vero
610 1994 699 2026 bene
726 1994 917 2027 constituta
942 1993 1107 2038 inprimis
1136 2006 1219 2027 con-

227 2051 404 2078 tractuum
425 2051 459 2078 et
475 2056 594 2077 rerum
614 2051 798 2089 pactarum
815 2046 900 2079 fides
917 2046 1132 2090 praestanda
1151 2052 1217 2079 est:

229 2108 382 2142 quorum
403 2103 596 2141 utrumque
612 2103 652 2129 ut
675 2103 801 2141 poetae
826 2097 1086 2141 significarent,
1112 2097 1219 2130 finxe-
1246 2122 1248 2136 ς

228 2154 313 2180 runt
336 2147 429 2180 Deos
462 2148 504 2179 ad
536 2147 793 2181 aedificandam
821 2149 945 2181 urbem
972 2148 1216 2182 Troianorum

229 2198 412 2232 accessisse
429 2204 467 2231 ut
486 2196 707 2233 architectos.
753 2199 891 2233 Deinde
908 2201 1049 2234 eosdem
1070 2207 1219 2245 propter

227 2250 423 2293 neglectam
463 2250 566 2281 fidem
608 2251 766 2297 iurisque
810 2251 953 2285 iurandi
994 2252 1249 2295 religionem‚'

229 2300 398 2334 Troianis
431 2300 623 2333 maximam
654 2302 890 2336 calamitatem
917 2303 1092 2341 attulisse3
1133 2315 1216 2336 nam

228 2351 409 2396 perfidiosi
427 2363 468 2384 ac
490 2351 623 2395 periuri
651 2365 835 2399 nunquam
866 2361 1012 2387 manent
1038 2355 1217 2399 impuniti.

227 2403 335 2437 Extat
359 2403 465 2437 etiam
493 2404 587 2447 apud
608 2403 795 2438 Bocatium
816 2418 890 2438 non
908 2406 1095 2440 invenusta
1114 2404 1218 2440 huius

228 2456 370 2488 {abulae
411 2454 586 2499 expositio
628 2456 673 2488 ad
712 2453 898 2490 historiam
937 2459 1217 2491 accommodata.

228 2506 352 2539 Refert
371 2506 465 2539 enim
483 2505 652 2541 Bocatius
667 2505 912 2541 Laomedonta
932 2508 968 2541 in
990 2509 1217 2543 aedificandis
1245 2532 1247 2546 i

263 2623 311 2652 78)
330 2622 498 2655 oppidulum]
519 2624 559 2648 sic
578 2625 662 2650 Editt.
679 2625 769 2651 1555.:
792 2624 840 2648 Ed.
857 2625 929 2648 1559.
949 2625 1082 2655 oppidum.

264 2665 312 2698 79)
333 2666 419 2690 ovidr
431 2667 496 2692 Met.
509 2667 557 2696 Xl,
577 2668 626 2691 1¹:⁴3
643 2675 701 2698 sqq.

263 2709 308 2739 ΘΟ)
327 2710 420 2742 ferat]
442 2712 482 2736 sic·
499 2712 580 2735 Editt.
597 2713 670 2738 ²555.
683 2729 691 2743 ‚
713 2712 804 2736 t559.:
824 2712 902 2737 Ovid.
919 2712 970 2736 Ed.
984 2712 1093 2737 Mitscn.
1113 2715 1200 2745 seres.
1244 2693 1245 2696 Ἴ

1558 1841 1663 1874 Multi
1688 1847 1805 1873 autem
1832 1839 2062 1884 reperiuntur
2084 1837 2153 1872 hoc
2178 1846 2266 1873 tem-

1274 1905 1360 1938 pore
1382 1892 1513 1926 similes
1529 1892 1622 1925 illius
1638 1891 1801 1936 Autolyci
1820 1889 1912 1937 (Vss.
1929 1890 2004 1925 314
2021 1890 2110 1936 sq.):

1325 1955 1390 1994 Qui
1401 1953 1516 1996 fucere
1533 1957 1687 1986 assuerat
1695 1978 1705 1993 ,
1731 1953 1863 1993 patriae
1881 1963 1943 1984 non
1959 1952 2101 1994 degener
2113 1953 2222 1991 artis,

1327 2006 1478 2039 Candida
1493 2006 1532 2038 de
1549 2005 1676 2047 myris,
1704 2008 1735 2036 et
1751 2005 1790 2036 de
1807 2003 2028 2036 candentibus
2045 2006 2135 2036 atra.

1272 2063 1326 2097 Eo
1350 2064 1527 2110 siquidem
1551 2062 1702 2096 artificio
1719 2059 1809 2094 nihil
1826 2068 1876 2095 est
1898 2061 2081 2102 usitatius,
2105 2071 2267 2106 praeser-

1274 2115 1336 2149 tim
1356 2116 1393 2148 in
1411 2115 1501 2149 aulis
1525 2121 1558 2147 et
1584 2114 1621 2147 in
1649 2113 1788 2147 iudiciis
1815 2113 2035 2154 forensibus,
2068 2112 2201 2158 quique
2228 2111 2266 2145 id

1274 2167 1462 2200 artificium
1481 2165 1615 2210 optime
1633 2172 1786 2205 norunt,
1812 2164 1862 2199 illi
1885 2165 2042 2199 maximo
2066 2163 2104 2197 in
2126 2161 2266 2197 honore

1274 2225 1308 2252 et
1325 2218 1440 2263 pretio
1458 2216 1648 2250 habentur.

1444 2302 1707 2336 Daedalion
1737 2302 1780 2335 in
1811 2301 2094 2346 accipitrem.

1321 2371 1382 2406 Vs.
1393 2371 1479 2406 340.
1509 2374 1589 2407 Cum
1606 2384 1640 2406 se
1655 2372 1848 2406 Daedalion
1864 2381 1951 2404 saxo
1967 2371 2112 2404 misisset
2128 2369 2169 2402 ab
2185 2368 2266 2402 alto.

1373 2431 1605 2466 Daedalionis
1631 2433 1667 2465 in
1695 2431 1900 2476 accipitrem
1925 2429 2044 2463 fabula
2068 2429 2266 2462 detestatur

1272 2483 1439 2516 ferociam
1458 2484 1660 2529 principum
1674 2511 1682 2523 ‚
1710 2483 1769 2529 qui
1791 2482 1886 2527 pacis
1904 2487 1938 2514 et
1963 2479 2092 2526 quietis
2112 2479 2264 2520 inimici,

1273 2541 1444 2580 tanquam
1465 2536 1650 2580 accipitres
1670 2535 1761 2567 bello
1779 2540 1812 2567 et
1831 2533 1936 2566 caede
1953 2536 2170 2575 grassantur.

1304 2658 1352 2688 8¹)
1374 2658 1452 2682 ovid.
1471 2659 1535 2681 Met.
1551 2658 1600 2686 XI,
1616 2657 1663 2681 241
1681 2664 1739 2687 sqq.

1306 2707 1371 2737 Sila)
1393 2709 1513 2739 Euripid.
1533 2709 1617 2739 lphig.
1638 2709 1689 2733 Aul
1718 2707 1769 2732 239
1783 2714 1823 2738 sq.
1849 2707 1898 2731 Ed.
1918 2707 2031 2731 Bai-nes.
