2341 2973
221 95 268 129 67

223 187 257 215 et
287 178 610 217 conservationem,
651 176 962 220 congregationem
989 182 1023 209 et
1045 187 1204 209 commu-

222 231 436 265 nicationem
454 228 519 263 sui.
578 227 714 261 Malum
731 233 781 261 est
798 227 988 261 destructio
1008 233 1041 259 et
1059 226 1204 271 dissipa-

223 283 273 316 tio
289 281 354 316 sui.

325 337 448 371 Musae
467 343 500 369 et
517 333 697 375 Charites,
730 336 767 368 id
789 342 857 375 est,
890 334 1022 368 iustitia
1047 341 1079 367 et
1101 334 1206 367 bene-

223 389 374 422 ficentia.
424 387 539 420 Primi
565 387 677 420 cultus
706 387 935 419 continebant
955 385 1090 430 aliquas
1112 397 1207 418 com-

224 438 521 478 monefactiones‚
548 438 631 482 quia
649 437 834 470 flectebant
851 436 990 469 animos
1008 437 1052 469 ad
1070 436 1206 481 aliquos

225 491 338 523 bonos
354 501 470 522 mores
488 494 521 521 et
538 488 651 521 officia
669 487 820 521 virtutis.

327 547 403 581 Vss.
421 547 594 583 15—17.
623 546 722 590 Quae
743 545 924 579 venientes
940 545 977 577 in
994 545 1119 578 Cadmi
1143 556 1207 577 nu-

226 598 336 642 ptias,
362 598 483 631 dicunt
497 595 683 641 pulchrum
702 597 861 630 verbum.
895 596 1001 641 Quod
1020 593 1207 640 pulchrum

228 655 297 689 est,
332 647 399 681 hoc
425 654 475 681 est
499 654 635 691 gratum
662 645 746 694 etc.]
782 646 917 680 Cadmo
944 648 1024 680 data
1048 652 1098 679 est
1121 657 1210 679 uxor

226 699 443 735 Harmonia;
470 698 519 730 ibi
533 697 629 730 Deae
642 698 786 730 suerunt
803 698 838 730 in
854 710 954 731 sacro
980 696 1152 741 nuptiali,
1177 703 1210 729 et

226 750 350 783 Musae
375 749 576 782 cecinerunt
601 746 868 791 epithalamion.
935 749 1022 784 Ξὶὲαῧ
1047 746 1136 790 Ῐὼὸῐῖ
1162 747 1210 790 ist.

228 802 289 836 δαῧ
312 799 349 843 ist
371 799 503 843 [ieindy.
560 797 779 842 Intelligatur
804 800 957 842 primum
982 800 1024 831 de
1050 796 1209 831 honesto.

226 851 352 885 Nullus
367 848 488 889 homo,
516 850 743 894 quantumvis
759 850 930 882 b::rl›arus
948 856 980 881 et
997 849 1122 887 nialus,
1150 848 1211 893 qui

227 914 302 934 non
336 906 481 944 cogatur
514 900 732 943 approbare,
766 901 869 940 velit,
905 901 1013 939 nolit,
1050 897 1211 939 honesta,

229 952 367 986 etiamsi
387 951 594 985 dissimulat.
635 950 856 996 Ox·idius*‘'³):

367 1010 469 1034 Nomen
489 1008 625 1033 amicitiae
643 1009 759 1032 barbara
777 1010 860 1034 corda
877 1009 976 1032 movet.

227 1051 349 1084 Virtus
374 1051 479 1083 etiam
510 1051 547 1083 in
578 1048 677 1084 hoste
714 1057 764 1084 est
800 1050 1050 1089 admirationi,
1090 1050 1212 1083 etiarn-

229 1102 257 1136 si
276 1108 327 1135 est
342 1101 487 1134 morbus
504 1107 537 1133 et
550 1100 760 1144 perversitas
776 1107 929 1140 ,naturae
953 1100 1051 1140 talis,
1084 1106 1123 1133 ut
1147 1099 1212 1132 im-

228 1152 375 1196 probet,
402 1157 522 1184 tamen
537 1151 621 1183 facit
636 1157 757 1184 contra
775 1151 1037 1185 conscientiam.
1077 1150 1213 1184 Aristo-

228 1201 410 1247 teles²²³):
439 1202 528 1235 Πᾶν
549 1199 664 1236 καλὸν
687 1198 770 1246 ἡδύ.
830 1202 898 1235 Sua
925 1207 1052 1235 natura
1075 1212 1213 1245 semper

229 1259 282 1286 est
298 1251 470 1296 permixta
490 1251 643 1285 suavitas
660 1249 822 1285 honesto.
885 1251 1000 1285 Omne
1024 1250 1212 1284 honesturn

229 1303 268 1336 fit
285 1314 410 1341 suave,
437 1302 474 1334 in
493 1309 666 1347 quantum
685 1301 884 1336 honestum.
945 1302 1044 1335 Mors
1069 1303 1105 1334 in
1127 1301 1213 1341 acie,

230 1364 448 1398 quamquam
466 1359 516 1386 est
532 1353 721 1386 destructio
746 1353 838 1386 illius
865 1353 1058 1393 individui,
1094 1358 1212 1385 tamen

229 1404 342 1438 virtus
359 1403 446 1436 lenit
462 1403 499 1434 in
516 1403 589 1435 acie
605 1403 827 1436 atrocitatem
843 1403 979 1437 mortis.

364 1461 562 1491 Pulchrumque
579 1461 648 1485 mori
665 1461 804 1485 succurrit
822 1461 849 1485 in
867 1461 952 1486 armis
960 1460 1005 1493 ²⁵).

331 1503 391 1537 Vs.
412 1505 469 1538 18.
500 1502 780 1551 Immortalium]
816 1505 850 1537 id
878 1512 946 1545 est,
982 1503 1049 1538 hoc
1073 1516 1215 1538 carmen

232 1555 434 1588 cecinerunt
449 1554 585 1589 Musae.

336 1622 397 1656 Vs.
417 1621 473 1655 19.
501 1619 663 1669 Κύρνος]
693 1623 802 1655 frater
821 1623 876 1655 vel
891 1622 1035 1657 amicus.
1062 1622 1216 1656 Multum

233 1673 341 1706 refert
356 1672 457 1712 scire,
485 1673 543 1717 qui
562 1673 631 1706 sint
646 1679 786 1706 autores
802 1679 1130 1714 monumentorum,
1159 1686 1216 1706 eo-

233 1735 313 1757 rum
330 1723 524 1762 librorum,
551 1723 611 1767 qui
628 1723 810 1755 continent
832 1735 885 1756 res
907 1724 1075 1757 salutares
1101 1731 1134 1757 et
1156 1736 1217 1756 ne-

234 1773 412 1807 cessarias.
462 1772 502 1805 In
517 1772 669 1806 Ecclesia
694 1774 844 1806 multum
871 1775 978 1807 refert
1002 1775 1119 1818 spargi
1144 1786 1216 1807 non

233 1822 418 1858 ἀδέσποτα
435 1824 576 1867 scripta.
629 1825 678 1860 (ξέ
695 1824 732 1867 ist
746 1824 830 1868 nicht
848 1828 906 1869 gut
921 1824 1048 1869 &sicher
1063 1825 1216 1870 {dyteiben

234 1876 298 1909 unb
322 1874 431 1909 {einen
453 1875 584 1910 {Romen
606 1876 734 1918 barba).
794 1873 834 1907 In
857 1875 980 1919 primis
1004 1876 1039 1907 in
1062 1875 1216 1909 Ecclesia

234 1924 385 1957 multum
408 1926 514 1958 refert
538 1925 644 1965 scire,
680 1926 861 1970 quomodo
883 1932 916 1959 et
939 1939 957 1959 a
985 1927 1112 1971 quibus
1135 1939 1217 1970 pro-

236 1976 323 2008 secta
343 1975 387 2008 sit
403 1976 576 2010 doctrina.

337 2041 413 2075 Vss.
426 2042 482 2076 19.
497 2045 557 2077 20.
586 2040 674 2075 Mihi
686 2043 827 2075 docenti
843 2049 1044 2086 apponatur
1063 2043 1214 2086 sigillum

236 2104 341 2136 super
360 2090 424 2125 hos
439 2091 590 2139 versus.]
619 2093 709 2125 Volo
734 2094 862 2126 addere
887 2093 1060 2137 sigillum,
1096 2094 1130 2125 id
1154 2100 1215 2133 est,

235 2156 353 2176 meum
369 2154 513 2176 nomen.

338 2210 414 2244 Vss.
436 2211 494 2245 20.
513 2210 572 2244 21.
609 2208 660 2242 Ne
688 2210 775 2242 clam
801 2210 1032 2252 depravetur,
1058 2220 1102 2241 ne
1127 2209 1213 2243 alius

234 2261 383 2299 inserat,
411 2262 505 2305 quod
524 2259 586 2303 ipsi
608 2260 755 2293 videtur.
815 2260 937 2304 Neque
961 2259 1088 2304 aliquis
1115 2267 1213 2302 puta-

232 2312 284 2345 bit
303 2311 399 2355 peius
416 2317 598 2354 praesente
620 2309 745 2356 buum]
774 2311 806 2342 id
834 2317 902 2349 est,
937 2312 1080 2354 quando
1106 2308 1211 2344 habes

232 2362 363 2406 aliquid
388 2361 493 2399 boni,
533 2373 605 2393 non
639 2372 785 2405 quaeras
818 2361 878 2393 tibi
904 2361 1036 2405 aliquid
1059 2361 1210 2394 «leterius

231 2425 296 2456 pro
314 2413 374 2444 illo
390 2412 496 2445 bons).

262 2559 309 2590 2⁴)
330 2560 406 2583 oxid.
427 2565 459 2582 ex
477 2558 562 2582 Ponto
581 2558 660 2588 epist.
679 2557 724 2587 111,
743 2557 769 2585 2,
793 2557 848 2582 100.

261 2610 330 2640 24³)
351 2609 428 2634 Cons.
448 2609 564 2634 Aristot.
584 2609 694 2633 Rhetor.
717 2608 738 2639 1,
757 2608 783 2639 7,
801 2607 843 2632 24.
863 2609 910 2634 Ed.
928 2609 1019 2634 Buhle.

261 2660 308 2688 25)
329 2659 406 2690 Virg.
426 2661 491 2682 Aen.
510 2658 541 2683 n.
561 2658 619 2682 317.

798 89 920 124 PHIL.
956 89 1068 125 MEL.
1095 88 1296 125 SCRIPTA
1329 89 1663 126 PHILOLOGICA.

2190 95 2236 128 68

1357 175 1416 209 Vs.
1432 177 1492 211 22.
1520 175 1576 209 Sic
1593 176 1835 221 unusquilibet
1851 176 1959 209 dicet:
1990 176 2051 211 Illa
2067 186 2149 213 sunt
2165 192 2240 213 car-

1257 226 1352 259 mina
1365 224 1604 273 Theognidis]
1630 227 1667 259 id
1684 233 1745 266 est,
1775 227 1881 260 dicet:
1909 226 1992 262 Non
2009 230 2090 263 volo
2108 229 2239 264 habere

1258 277 1411 311 deterius
1426 288 1569 310 carmen
1586 289 1692 322 quam
1711 276 1942 322 Theognidis.

1359 336 1419 370 Vs.
1435 336 1495 371 24.
1527 335 1696 369 Nondum
1720 349 1862 380 possum
1885 337 2023 381 placere
2047 338 2243 386 omnibus]

1258 386 1384 421 Nullus
1402 384 1575 430 propheta
1595 393 1755 430 acceptus
1770 388 1806 420 in
1823 387 2029 435 patriam),
2056 401 2162 422 nemo
2181 396 2243 429 est,

1261 438 1321 483 qui
1344 437 1503 470 omnium
1528 437 1667 470 iudiciis
1690 438 1814 481 placet.
1881 439 2052 472 Homines
2075 446 2156 473 sunt
2181 452 2244 472 na-

1261 495 1338 521 tura
1358 488 1500 532 superbi
1528 494 1561 520 et
1585 488 1737 528 morosi,
1771 495 1805 522 et
1830 496 1880 523 est
1906 501 2034 533 magna
2060 490 2245 524 diversitas

1261 539 1493 572 iudiciorum:
1521 545 1707 582 propterea
1725 551 1835 579 unus,
1863 540 2001 574 etiamsi
2023 539 2131 574 habet
2155 542 2245 573 mul-

1261 596 1314 623 tas
1337 590 1456 629 dotes,
1492 595 1612 622 tamen
1635 601 1709 622 non
1737 590 1853 634 placet
1883 591 2059 626 omnibus.
2125 591 2243 635 Scipio

1262 653 1335 674 non
1351 639 1485 684 placuit
1502 640 1666 673 omnibus
1685 646 1748 674 etc.

1363 697 1629 735 Vss.25—27.
1656 699 1780 745 Neque
1790 698 1922 743 Iupiter
1936 701 2051 744 placet
2068 701 2244 740 omnibus,

1263 751 1334 784 sive
1350 750 1527 794 pluendo,
1561 751 1634 784 sive
1657 750 1818 783 faciendo
1846 751 2084 785 serenitatem.

1365 800 1496 834 Volens
1524 813 1727 845 suggeram,
1754 799 1960 849 subiiciam]
1982 801 2200 846 Propositio.

1364 859 1511 894 Vss.27.
1533 860 1593 894 28.
1622 859 1749 904 Qualia
1766 859 1839 903 ipse
1858 857 1985 906 didici]
2013 858 2086 892 Iam
2107 860 2246 893 orditur

1264 917 1465 954 praecepta.

1365 969 1390 1004 I.
1418 970 1652 1014 Praeceptum
1679 971 1722 1003 de
1750 970 1902 1010 iustitia,
1939 982 1983 1003 ne
2007 970 2085 1015 quis
2109 982 2192 1014 opes
2215 978 2249 1003 et

1264 1018 1418 1054 honores
1436 1021 1563 1054 iniuste
1582 1026 1693 1065 paret.
1745 1021 1821 1054 Hoc
1838 1020 1993 1065 pertinet
2014 1022 2059 1053 ad
2084 1021 2248 1066 quintum

1265 1078 1492 1115 praeceptum
1509 1071 1694 1115 Decalogi:
1723 1070 1805 1105 Non
1823 1072 1970 1106 occides.
2013 1069 2249 1105 Callimachus

1266 1121 1301 1153 in
1316 1122 1384 1154 fine
1402 1120 1527 1165 hymni
1554 1123 1598 1155 ad
1613 1122 1815 1166 Apollinem
1840 1121 1948 1156 habet
1972 1120 2038 1156 hos
2062 1134 2182 1156 versus
2207 1124 2249 1155 de

1266 1172 1399 1205 invidia
1411 1172 1475 1218 t²⁶²):

1367 1232 1452 1256 Livor
1471 1231 1509 1255 ait
1528 1231 1634 1255 Phoebo
1655 1231 1748 1255 dicens
1767 1231 1837 1254 clam
1854 1230 1923 1254 talia
1940 1230 1968 1254 in
1985 1236 2098 1255 aurem:

1368 1273 1428 1296 Non
1447 1273 1531 1296 miror
1550 1274 1656 1302 vatem,
1681 1272 1725 1302 qui
1744 1278 1797 1295 uon
1817 1271 1956 1295 effundere
1974 1272 2080 1297 tautum

1369 1315 1511 1338 Sermonis
1526 1315 1624 1338 flumen
1642 1314 1730 1344 possit
1746 1314 1801 1337 vim
1819 1314 1919 1343 pontus
1937 1319 2080 1343 aquarum,

1370 1358 1455 1385 Quam
1474 1362 1599 1386 magnam
1618 1355 1711 1379 voluit.
1753 1355 1825 1379 Pede
1843 1355 1892 1378 sed
1911 1355 2029 1379 detrusit
2045 1355 2144 1386 Apollo

1369 1399 1497 1422 Lis-orem
1515 1398 1622 1421 diceus:
1642 1397 1788 1427 Euphratis
1801 1397 1909 1420 flumine
1927 1402 2026 1428 magno

1370 1441 1437 1465 Plus
1458 1447 1560 1465 coenae
1579 1446 1686 1470 semper
1705 1439 1806 1464 mixtae
1825 1439 1975 1469 sordesque
1993 1440 2135 1464 vehuntur.

1370 1484 1460 1507 Parva
1479 1484 1528 1507 sed
1545 1482 1636 1506 haurit
1653 1482 1713 1512 apis
1731 1482 1827 1506 Cereri
1846 1482 1879 1505 de
1898 1481 2018 1506 fontibus
2038 1482 2145 1513 undam,

1370 1525 1494 1555 Limpida
1513 1526 1544 1548 de
1564 1530 1667 1549 summo
1686 1523 1761 1547 saliit
1781 1529 1848 1554 qnae
1866 1524 1970 1548 vertice
1989 1524 2099 1548 montis.

1370 1569 1455 1593 Livor
1473 1568 1516 1591 ubi
1536 1567 1629 1590 infelix
1647 1568 1758 1597 pereat,
1783 1568 1898 1597 cogatur
1915 1566 2000 1590 abire.

1338 1612 1415 1646 Vss.
1427 1612 1486 1647 29.
1503 1612 1562 1645 30.
1593 1611 1774 1648 nocearis,
1792 1611 1919 1654 sapias,
1939 1610 2040 1656 (ssass'e
2065 1609 2129 1655 bid)
2145 1615 2253 1646 nutet:

1270 1663 1398 1709 meifen)
1424 1675 1496 1695 non
1515 1659 1635 1701 trahe,
1670 1659 1806 1694 attrahe
1830 1661 1992 1704 turpibus
2015 1660 2116 1694 sactis
2140 1659 2254 1694 bono-

1269 1726 1344 1753 res,
1371 1726 1485 1759 neque
1506 1712 1701 1757 potentiam
1716 1738 1724 1751 ,
1751 1711 1900 1755 gloriam
1913 1737 1922 1750 ‚
1948 1723 2063 1756 neque
2080 1711 2252 1760 divitias]

1270 1765 1429 1798 Primum
1456 1769 1684 1808 praeceptum
1713 1769 1782 1802 est,
1808 1774 1853 1795 ne
1875 1762 2004 1796 iniuste
2028 1760 2254 1796 attrahantur

1270 1828 1352 1860 opes
1368 1816 1423 1849 vel
1441 1813 1607 1847 honores.

1371 1875 1412 1910 ΙΙ.
1445 1875 1698 1917 Praeceptum:
1726 1871 1846 1903 Vitato
1866 1870 2043 1904 malorum
2064 1878 2250 1905 consuetu-

1270 1927 1402 1960 dinem.
1454 1923 1697 1967 Salo-noum:
1727 1922 1832 1954 etiam
1862 1921 1964 1965 ponit
1991 1921 2027 1953 in
2054 1921 2249 1967 principio:

1270 1978 1387 2011 Paene
1402 1977 1508 2009 incidi
1528 1976 1563 2007 in
1578 1985 1682 2006 omne
1707 1973 1837 2004 malum
1851 1997 1860 2011 ,
1894 1973 1931 2004 in
1952 1971 2070 2005 medio
2093 1973 2252 2008 multitu-

1270 2028 1372 2061 dinis.
1427 2025 1530 2059 Multi
1547 2029 1824 2066 corrumpuntur
1839 2022 1941 2056 malis
1965 2023 2153 2067 exemplis,
2188 2023 2251 2059 οὐ-

1269 2075 1333 2113 ὃέν
1348 2075 1478 2111 κακίον
1496 2077 1609 2120 κακῆς
1631 2071 1784 2119 ὁμιλίας.
1836 2072 1917 2105 Vita
1942 2074 2093 2108 multum
2116 2074 2250 2119 regitur

1269 2128 1454 2172 exemplis,
1494 2132 1642 2158 naturae
1669 2131 1749 2157 sunt
1772 2135 1949 2168 sequaces.
2005 2123 2104 2165 Item,
2136 2126 2248 2158 bonos

1268 2180 1372 2212 etiam
1393 2177 1501 2223 aliqui
1518 2176 1702 2208 imitantur
1719 2176 1762 2207 ad
1782 2174 1942 2208 meliora.

1368 2237 1514 2271 Vss.31.
1530 2236 1589 2271 32.
1617 2235 1767 2267 Haecita
1785 2235 1884 2274 scito,
1908 2231 2246 2282 adhaereasbonis]

1265 2288 1393 2333 ἔχομαι
1409 2300 1487 2321 cuin
1507 2285 1660 2331 genitivo
1679 2285 1851 2329 significat
1867 2283 2070 2319 adhaerere.

1365 2346 1425 2380 Vs.
1444 2346 1503 2380 36.
1530 2345 1679 2379 Etiamsi
1698 2344 1781 2390 quid
1800 2350 1850 2377 est
1863 2344 2003 2384 mentis,
2031 2349 2149 2377 tamen
2167 2356 2245 2389 per-

1263 2395 1355 2443 des.]
1403 2398 1532 2430 Seneca
1575 2397 1659 2429 citat
1693 2397 1824 2429 dictum
1864 2407 1905 2428 ex
1934 2393 2079 2439 Epicuri
2124 2395 2242 2429 dictis:

1292 2553 1363 2586 2521)
1383 2555 1445 2578 Luc.
1463 2555 1490 2585 4,
1507 2554 1549 2578 24.

1290 2604 1339 2636 26)
1358 2604 1515 2629 callimach.
1540 2604 1633 2634 hymn.
1652 2603 1678 2628 in
1697 2602 1866 2634 appollinem
1887 2602 1935 2627 ¹05
1950 2608 2008 2633 sqq.

1289 2655 1335 2688 27)
1353 2656 1434 2682 Prov.
1453 2655 1480 2686 5,
1501 2655 1540 2680 14.
