2341 2973
124 85 197 122 351

724 75 848 112 PHIL.
877 72 991 109 MEL.
1019 70 1225 107 SCRIPTA
1252 67 1592 105 PHILOLOGICA.

2119 67 2196 107 352

127 173 223 205 1564.
247 173 297 205 8.,
333 169 391 208 23)
414 168 470 197 Ed.
486 164 653 203 francof.
679 163 774 194 1567.
796 163 842 200 8.,
881 161 938 200 24)
963 160 1018 188 Ed.
1045 156 1165 197 Tigur.
1190 155 1284 187 1567.
1307 156 1357 192 8.,
1396 154 1454 195 25)
1478 154 1534 183 Ed.
1560 152 1685 192 Tz'gur.
1711 151 1806 182 1570.
1832 151 1881 190 8.,
1927 151 1982 192 26)
2006 154 2062 183 Ed.
2082 152 2196 185 Fran-

130 216 200 256 cof.
227 214 319 246 1572.
343 214 391 248 8.,
428 210 488 249 27)
511 210 568 239 Ed.
594 207 717 246 Te'gur.
743 205 838 236 1573.
862 205 913 243 8.,

129 259 254 297 Tigur.
280 255 375 286 1581.
398 255 448 292 8.,

128 303 236 334 Gelon.
264 299 359 330 1591.
383 298 438 334 8.,
475 295 532 332 35)
557 296 613 325 Ed.
628 293 737 325 Golon.
763 291 857 323 1597.
881 292 931 328 8.,
961 288 1020 328 36)
1044 289 1100 318 Ed.
1132 283 1249 317 Witeb.
1266 284 1360 316 1598.
1384 285 1435 320 8.,

963 202 1024 242 28)
1045 203 1102 231 Ed.
1129 199 1250 240 Τίς-αν.
1275 198 1370 230 1577.
1393 198 1445 236 8.,
1486 197 1545 236 29)
1568 198 1625 226 Ed.
1650 194 1818 234 Francos.
1843 194 1938 225 1579.
1961 197 2012 235 8.,
2056 196 2115 236 30)
2138 200 2195 231 Ed.

484 252 543 293 31)
567 253 623 281 Ed.
647 249 814 289 Francos.
841 248 934 279 1582.
957 247 1006 282 8.,
1042 244 1100 283 32)
1124 245 1179 273 Ed.
1196 242 1304 273 Colon.
1331 241 1426 271 1585.
1450 241 1499 277 8.,
1537 239 1594 279 33)
1621 241 1677 269 Ed.
1703 237 1826 276 Tigur-
1853 238 1946 269 1587.
1969 240 2020 278 8.,
2056 239 2116 279 34)
2138 243 2194 272 Ed.

1477 282 1533 322 37)
1551 284 1608 312 Ed.
1632 282 1800 322 Francos.
1826 280 1920 312 1599.
1965 283 2016 321 8.,
2061 283 2118 324 38)
2137 286 2195 315 Ed.

125 346 285 382 Illogunt.
316 353 339 371 s.
363 353 389 371 a.
419 341 470 377 8,,
507 340 612 378 quibus
643 337 780 366 addenda
811 344 875 364 esse
904 334 1023 363 videtur
1052 330 1111 371 39)
1142 331 1197 360 Ed.
1221 327 1364 367 Hagan.
1398 326 1496 357 1534.
1533 327 1564 357 8.
1603 336 1693 365 supra
1725 337 1755 364 p.
1778 324 1844 357 *295
1866 336 1912 364 sq.
1940 333 2118 363 memorata;
2155 338 2194 357 ex

124 390 230 427 quibus
252 387 344 415 Editt.
368 386 456 413 hasce
481 383 522 412 14
544 383 573 410 in
597 382 730 409 manibus
754 386 860 408 teneo:
890 376 924 415 1)
950 374 1060 406 Basil.
1086 372 1200 412 1533„
1229 372 1266 410 2)
1291 370 1404 402 Basil.
1423 369 1535 406 1535„
1557 368 1593 409 3)
1609 367 1751 399 Halens.
1768 368 1880 407 1540„
1910 367 1945 409 4)
1961 368 2070 401 Basil.
2088 369 2196 409 1543„

123 431 160 471 5)
184 429 294 461 Basil.
318 428 433 462 1544.‚
461 425 499 466 6)
525 423 646 463 Tigur.
672 422 782 457 1547,
818 421 854 458 7)
879 419 986 449 Basa.
1012 417 1123 455 1551.,
1151 417 1184 455 8)
1214 413 1336 452 Tigur.
1364 413 1478 448 1561„
1509 412 1544 451 9)
1573 412 1695 450 Te‘gur.
1718 412 1832 449 1570„
1867 411 1921 450 10)
1948 410 2070 450 Tt'gur.
2088 412 2196 453 1577„

126 473 184 513 11)
209 471 331 510 Tigur.
356 469 470 506 1581„
513 468 569 504 12)
595 465 710 505 Tigur.
736 464 852 501 1587,
896 462 952 501 13)
976 460 1145 500 Francos.

1166 459 1212 489 ad
1238 457 1300 488 Od.
1324 456 1438 494 1599.,
1484 455 1540 495 14)
1566 453 1728 493 Magum.
1752 467 1775 485 ε.
1799 466 1843 494 a.‚
1877 465 2001 494 quarum
2025 461 2192 486 extremam

128 519 185 548 litt.
208 515 327 554 Mog.,
352 520 466 543 ceteras
489 520 648 546 annorum,
683 510 787 547 quibus
812 507 1005 546 prodierunt,
1030 505 1160 533 numeris
1184 502 1364 540 significabO.

210 561 322 588 Harum
351 558 441 585 Editt.
479 555 555 583 duae
592 554 700 581 classes
730 558 798 580 sunt
827 549 1076 588 distinguendae,
1119 555 1243 585 quarum
1273 545 1369 572 altera
1398 551 1449 571 eas
1479 543 1704 580 complectitur,

1750 550 1826 580 quae
1854 542 2054 570 Melanthonis
2083 542 2195 572 scholia

124 603 299 641 marginalia
328 599 467 638 integra
491 605 585 635 eaque
609 597 636 623 in
662 596 795 633 margine
819 594 937 632 quidem
959 590 1031 621 sola
1054 591 1224 623 continent;
1260 588 1355 616 altera
1378 595 1448 615 vero
1472 594 1539 623 eaS,
1568 594 1644 623 quae
1668 585 1719 613 illa
1740 584 1850 613 scholia
1872 585 1944 613 Mel.
1967 585 2097 624 partim
2119 595 2194 614 mu-

124 651 201 676 tata
231 651 261 674 et
290 654 356 672 cum
387 642 532 671 aliorum
564 637 680 667 scholiis
708 639 737 666 in
768 638 902 675 margine
930 635 1109 674 permixta
1132 632 1289 667 exhibent,
1321 630 1498 666 illorumque
1522 626 1614 656 haud
1637 637 1752 667 pauca
1774 628 1943 658 omittunt.
1986 628 2093 657 Prioris
2116 629 2193 658 clas-

125 691 164 718 sis
187 694 253 717 sunt
276 687 368 715 Editt.
385 683 499 721 1533.‚
522 681 637 718 1535„
662 680 772 714 1547.;
795 681 916 708 alterius
938 688 1008 707 vero
1023 678 1115 706 Editt.
1140 675 1252 713 filogu,
1277 671 1390 709 1540„
1417 669 1522 709 1543„
1546 670 1652 709 1544„
1678 670 1790 708 1551.,
1820 669 1926 708 1561„
1949 669 2061 708 1570.,
2086 670 2193 709 1577.,

126 731 242 768 1581.,
273 729 384 766 1587.,
416 727 509 757 1599.
560 727 655 759 Quam
680 725 715 752 ob
739 733 801 752 rem
826 724 854 750 in
878 722 955 750 notis
979 722 1086 750 criticis
1109 719 1185 748 solas
1208 718 1274 745 illas
1298 721 1359 744 tres
1387 715 1556 743 afferemus.
1587 731 1631 736 —-
1675 715 1721 743 Ex
1745 714 1790 742 his
1819 713 1937 742 scholiis
1968 723 2020 751 ea,
2049 723 2126 753 quae
2148 715 2192 744 nil

125 775 179 804 nisi
201 773 330 811 singulas
354 780 438 801 voces
462 775 562 799 textus
585 769 613 797 in
639 767 773 806 margine
797 766 940 804 repetitas
962 765 1025 793 sine
1049 764 1111 792 ulla
1133 760 1323 790 adnotatione
1347 759 1518 795 continent,
1540 759 1718 786 omittemus.

308 866 356 900 In
392 863 655 909 Georgicon
691 860 881 894 Librum
924 858 947 894 Ι.

230 945 308 978 Vss.
328 945 346 978 1
365 956 444 990 sqq.
462 943 489 985 ¹)
519 943 606 984 Quid
619 940 729 985 faciat
748 936 832 985 ela]
858 936 1080 982 Propositio.

228 996 307 1030 VsS.
324 994 348 1030 5
366 1009 444 1041 sqq.
477 997 553 1034 Vos,
581 1005 598 1026 ο
616 993 811 1027 clarissima
830 987 914 1036 etc.]
937 988 1131 1021 lnvocatio.

231 1047 292 1082 Vs.
311 1047 370 1081 19.
402 1048 543 1092 uncique
560 1057 645 1088 puer
664 1047 871 1077 monstrator
887 1038 1020 1087 aratri]
1051 1039 1133 1072 Tri-

126 1101 318 1148 ptolemus.

232 1151 293 1185 Vs.
318 1150 378 1184 33.
423 1150 496 1190 Qaa
535 1149 627 1182 locas
663 1148 834 1190 Eriyonen
871 1142 958 1192 etc.]
1008 1141 1133 1187 Virgo,

130 1203 273 1239 Chelae.

232 1255 293 1288 Vs.
319 1251 381 1288 35.
424 1258 457 1286 et
478 1252 559 1287 coeli
595 1253 684 1285 iusta
712 1250 790 1293 plus
819 1254 919 1292 parre
949 1242 1133 1292 relinquit]

128 1307 269 1343 Scilicet
294 1306 392 1351 qnod
418 1304 587 1348 Scorpius
612 1304 767 1335 duorum
797 1301 955 1334 siderum
978 1298 1134 1343 spatium

131 1359 338 1398 obtinebat,
368 1357 465 1403 quod
483 1355 631 1388 Libram
652 1360 788 1387 veteres
805 1352 1034 1396 ignorabant.

236 1409 312 1443 Vss.
330 1407 380 1443 50
397 1422 475 1454 sqq.
511 1410 559 1442 At
579 1408 678 1450 prius
705 1403 789 1452 etc.]
817 1402 1035 1437 Discrimina
1057 1399 1134 1434 soli.

239 1461 313 1495 Vss.
334 1461 380 1495 61
403 1473 482 1505 sqq.
511 1472 572 1506 qao
596 1464 744 1501 tempore
765 1458 917 1500 primam
936 1452 1021 1501 etc.]
1050 1452 1135 1485 Am-

131 1515 264 1561 plificat
286 1525 303 1545 a
322 1514 505 1557 figmento.
929 1512 933 1514 “

235 1565 313 1598 Vss.
333 1565 382 1598 67
406 1577 483 1609 sqq.
527 1566 575 1598 At
601 1564 631 1596 si
657 1574 723 1596 non
743 1561 849 1605 faerit
875 1555 962 1604 etc.]
1002 1555 1136 1590 Discri-

131 1629 229 1651 lYllssss
254 1628 436 1660 agrorumu

237 1668 295 1701 Vs.
316 1668 399 1701 100.
432 1667 582 1701 Humida
607 1665 755 1698 solstitia
777 1667 876 1709 (cique
898 1664 1031 1703 hyemes
1056 1660 1136 1704 etc.]

132 1721 394 1765 Tempestates.

236 1771 313 1805 Vss.
334 1771 407 1805 107
425 1783 477 1816 sq.
506 1771 567 1812 Et,
596 1780 696 1815 qaam
717 1772 862 1802 eoeustus
887 1763 972 1813 etc.]
1001 1760 1138 1801 ὑποτύ-

132 1835 248 1863 πωσις
264 1821 308 1870 2).

238 1875 316 1909 Vss.
338 1874 409 1909 118
429 1886 506 1919 sqq.
534 1876 607 1908 Nec
625 1877 737 1906 tamen
757 1868 841 1917 etc.]
871 1868 1062 1903 Excursus.

235 1926 313 1960 Vss.
329 1925 400 1961 126
411 1938 489 1971 sqq.
507 1927 559 1960 Ne
568 1926 706 1969 siynare
715 1925 848 1970 quidem
860 1919 945 1969 etc.]
963 1920 1138 1955 Omnium

136 1989 257 2013 rernm
277 1990 499 2011 commumo.

238 2029 299 2064 Vs.
319 2030 401 2064 137.
432 2030 561 2064 Navita
578 2033 649 2063 lam
667 2029 775 2063 stellis
793 2025 878 2075 etc.]
906 2026 1046 2061 Nautae
1066 2023 1140 2069 pri-

137 2082 189 2115 mi
208 2083 447 2116 observarunt
464 2081 594 2115 stellas.

241 2133 318 2167 Vss.
351 2132 421 2166 145
447 2146 497 2178 sq.
540 2136 624 2167 Tum
654 2135 769 2167 rarZae
802 2143 917 2164 venere
941 2135 1033 2164 artes
1057 2124 1138 2174 eliu]

138 2182 372 2233 imqw'1'12311a.

244 2237 321 2271 Vss.
345 2236 416 2270 160
434 2249 511 2280 sqq.
539 2237 742 2276 Dicendum,
771 2240 801 2269 el
822 2247 906 2281 quae
923 2232 1008 2281 etc.]
1038 2231 1141 2275 Agri-

138 2289 299 2322 colatum
321 2301 420 2321 arma
436 2287 479 2332 3).

179 2444 206 2471 1)
232 2443 382 2471 Versuuin,
404 2440 500 2470 quibus
520 2440 585 2462 haec
605 2439 710 2462 scholia
730 2439 754 2462 in

211 2511 327 2540 ssi-ipsi.
363 2514 446 2540 atque
481 2509 643 2539 principium
671 2511 764 2532 liormn

212 2552 307 2569 eorum
329 2547 428 2575 verba,
449 2544 483 2568 ad
504 2550 573 2574 quae
593 2544 701 2568 scholia
718 2544 781 2568 Mel.
801 2547 945 2576 spectant,
965 2544 1061 2568 adieci.

175 2597 208 2625 2)
234 2592 422 2628 ὑποτύπωσις]
452 2597 490 2620 sic
516 2596 600 2620 leuitt.
629 2595 719 2620 1533..
747 2596 838 2623 15:354
864 2597 912 2622 Ed.
935 2597 1009 2622 1547.
1038 2595 1144 2621 ὑποτυ-

213 2629 322 2658 noio-«⁸15.

176 2684 208 2709 13)
236 2684 293 2706 Hoc
315 2684 401 2707 schol.
430 2683 454 2707 in
484 2684 532 2709 Ed.
562 2684 635 2709 1547.
659 2684 769 2708 exstat.
797 2683 822 2707 in
843 2684 924 2707 Editt.
948 2683 1039 2716 1533..
1070 2683 1144 2708 1:235.

214 2718 299 2741 deese

776 2440 901 2468 margine.
920 2439 1049 2469 apposita
1069 2441 1145 2467 snut.

210 2483 354 2503 nuuncros,
376 2476 473 2505 quihus
496 2475 559 2497 illae
576 2475 660 2497 Eunt.
681 2477 793 2497 carent.
816 2483 847 2498 cx
867 2475 915 2498 Ed.
936 2476 1072 2501 VVaaner.
1094 2474 1145 2497 atl-

796 2517 923 2533 versuum
956 2511 1000 2532 vel
1034 2510 1146 2540 singula
1170 2503 1173 2529 1

1288 852 1367 887 Vss.
1385 853 1454 887 181
1474 865 1552 898 sqq.
1579 855 1665 887 Tum
1680 854 1798 886 variae
1812 853 1960 886 illudant
1976 849 2058 901 etc.]
2076 851 2192 898 Agro-

1186 918 1266 939 rum
1287 911 1414 949 pestes.

1289 956 1368 990 Vss.
1388 956 1460 990 187
1484 969 1562 1002 sqq.
1600 956 1850 999 Contemplator
1877 957 1958 989 item
1985 957 2067 1002 etc.]
2102 955 2193 990 Pro-

1187 1008 1360 1053 gnostica.

1292 1059 1370 1093 Vss.
1392 1059 1465 1093 197
1490 1072 1567 1105 sqq.

1187 1123 1300 1158 νημα.

1289 1161 1367 1196 Vss.
1389 1163 1465 1198 208
1498 1175 1550 1207 sq.
1596 1162 1706 1195 Libra
1738 1162 1808 1194 diei
1836 1157 1922 1206 etc.]
1972 1158 2192 1194 Discrimina

1188 1213 1341 1250 dierum.

1291 1265 1369 1300 Vss.
1387 1263 1463 1300 215
1480 1277 1558 1311 sqq.
1599 1267 1683 1299 Vere
1694 1263 1790 1308 fabis
1804 1264 1893 1297 satio
1909 1258 1992 1309 etc.]
2021 1261 2121 1296 Satio
2142 1263 2194 1296 fa-

1188 1319 1317 1352 barum
1344 1323 1378 1350 et
1402 1317 1505 1351 milii.

1292 1368 1352 1402 VS.
1371 1370 1459 1403 221.
1490 1371 1579 1402 ane
1595 1364 1812 1412 Atlantides]
1842 1364 2032 1408 Vergiliae.

1291 1420 1369 1454 Vss.
1385 1420 1457 1455 231
1478 1433 1530 1465 sq.
1559 1421 1690 1454 Idcirco
1705 1419 1806 1452 certis
1825 1414 1921 1463 etc.].
1940 1415 2048 1448 Ratio
2065 1415 2109 1461 4).

1294 1471 1371 1505 Vss.
1395 1472 1470 1507 233
1496 1484 1573 1516 sqq.
1637 1472 1791 1515 Quinque
1820 1473 1933 1502 tenent
1968 1468 2094 1502 coelum
2130 1469 2195 1500 Zo-

1191 1538 1254 1559 ›tae
1273 1522 1357 1572 etc.]
1385 1523 1493 1556 Ratio
1509 1522 1685 1567 sphaerae
1706 1528 1739 1554 et
1756 1532 1943 1553 zonarum.

1296 1575 1373 1609 Vss.
1388 1575 1468 1611 244
1485 1588 1563 1620 sqq.
1590 1576 1785 1609 Mem—umus
1804 1573 1859 1605 hic
1875 1569 1962 1618 etc.]
1989 1569 2193 1614 Descriptio

1191 1628 1362 1662 siderum.

1293 1678 1458 1714 Vss.260
1467 1692 1544 1724 sqq.
1560 1678 1676 1712 Multa
1690 1677 1808 1721 forent
1817 1672 1902 1721 etc.]
1933 1673 2036 1719 Quae
2055 1674 2195 1717 agenda

1193 1731 1370 1777 agricolae
1393 1732 1512 1770 (lomi,
1540 1742 1619 1763 cum
1650 1741 1714 1774 per
1735 1732 1985 1771 tempestatem
2011 1725 2099 1759 foris
2122 1737 2196 1760 esse

1193 1797 1267 1818 non
1292 1783 1408 1817 liceat.

1295 1834 1373 1869 Vss.
1395 1833 1466 1867 168
1485 1845 1563 1878 sqq.
1601 1834 1728 1876 Quippe
1748 1835 1851 1867 etiam
1864 1830 1966 1875 festis
1982 1826 2065 1876 etc.]
2094 1829 2197 1874 Quae

1193 1887 1291 1922 sestis
1309 1887 1445 1931 agenda
1465 1881 1601 1919 diebus.

1297 1938 1374 1973 Vss.
1391 1937 1466 1973 276
1488 1950 1565 1983 sqq.
1599 1939 1678 1980 Ipsa
1699 1937 1771 1969 dies
1793 1935 1879 1968 alios
1903 1933 1985 1978 etc.]
2017 1930 2098 1977 Ipsa
2124 1931 2198 1966 dies

1196 1992 1415 2039 quandoque
1435 2002 1583 2034 parens,
1610 1988 1828 2033 quandoque
1846 1997 1999 2017 noverca
2020 1990 2084 2018 est.

1297 2043 1375 2077 Vss.
1387 2042 1463 2078 299
1479 2054 1556 2087 sqq.
1572 2041 1689 2084 hyems
1706 2040 1829 2082 iymwa
1843 2038 1957 2071 colono
1968 2036 2048 2082 etc.]
2072 2034 2199 2069 Otium

1195 2095 1411 2142 hybernum.

1299 2148 1375 2182 Vss.
1400 2146 1475 2181 307
1499 2159 1576 2192 sqq.
1623 2147 1709 2179 Tum
1741 2145 1883 2187 yraibus
1918 2142 2001 2188 etc.]
2044 2140 2199 2175 Venatio

1195 2199 1368 2246 hyberna.

1297 2251 1358 2285 Vs.
1374 2250 1460 2285 311.
1500 2251 1590 2292 Quid
1604 2254 1816 2292 tempestates
1831 2248 1913 2293 etc.]
1951 2246 2202 2291 Tempestates

1624 1061 1703 1093 Videt
1733 1059 1819 1093 lecta
1841 1060 1901 1092 dia
1924 1055 2010 1104 etc.]
2055 1055 2193 1105 ἐπιφώ-

1196 2305 1251 2337 vel
1276 2303 1376 2347 signa
1404 2308 1671 2347 tempestatum.

1166 2342 1170 2388 1
1300 2355 1361 2388 Vs.
1380 2355 1466 2388 318.
1496 2357 1618 2389 Omnia
1636 2359 1808 2387 ventorum
1824 2362 2024 2387 concurrere
2042 2348 2128 2398 etc.]
2147 2349 2200 2383 De

1170 2400 1173 2466 ξ
1198 2407 1374 2441 seditione
1397 2414 1457 2439 ant
1475 2408 1580 2440 stulta
1602 2405 1833 2439 multitudine
1852 2405 1921 2437 «lici
1939 2407 2066 2447 potest.

1171 2474 1173 2501 μ
1302 2459 1362 2492 Υε.
1382 2458 1468 2494 329.
1496 2460 1655 2493 Fulmina
1672 2459 1810 2491 virilitur
1826 2455 1906 2500 etc.]
1933 2454 2126 2488 Tonitrua.

1301 2510 1377 2544 VSS.
1392 2509 1466 2544 335
1484 2523 1561 2556 sqq.
1590 2512 1662 2544 11⁰0
1676 2515 1825 2543 metuens
1842 2505 1923 2555 etc.]
1954 2504 2203 2551 Prognostica,

1200 2574 1291 2607 qnae
1310 2569 1538 2607 tempestales·
1558 2562 1718 2595 indicant
1734 2561 1775 2600 Γ’).

1170 2652 1174 2714 l
1234 2666 1265 2693 4)
1285 2666 1342 2689 noe
1362 2665 1449 2690 schol.
1471 2663 1497 2687 iu
1518 2663 1566 2687 Ed.
1589 2662 1663 2686 1547.
1683 2661 1772 2686 deest.

1170 2719 1173 2744 1
1234 2716 1263 2747 5)
1285 2716 1419 2747 indicant]
1439 2716 1488 2740 Ed.
1511 2714 1585 2739 ¹547.
1606 2714 1696 2738 male:
1723 2711 1865 2737 indicavit.
