2421 3005
92 79 136 113 41
425 73 595 109 Lxxvu.

143 165 180 199 Si
201 163 297 197 enim
317 162 416 197 dives
433 175 488 203 es,
513 160 618 195 multi
634 166 713 195 sunt
728 161 791 195 tibi
809 161 931 200 amici3
964 160 993 195 si
1011 172 1095 194 vero

514 224 652 258 pauper
669 225 704 247 es
716 239 725 253 ‚

92 267 166 301 930
195 266 322 305 Pauci;
351 279 426 300 non
444 266 516 299 iam
533 264 698 299 similiter
714 264 788 309 ipse
807 264 863 297 vir
879 264 996 297 bonus
1014 269 1075 298 est.

142 319 297 353 Parcere
315 319 460 365 quidem
479 317 606 351 melius
623 323 693 358 est,
713 323 904 362 postquam
920 328 985 349 nec
1001 327 1097 349 mor-

513 375 614 403 tuum
628 369 727 413 luget

196 421 396 468 Quisquam
407 449 417 464 ‚
445 421 475 456 si
490 433 565 455 non
582 421 680 454 videt
697 433 782 465 opes
798 420 949 454 relictas.

144 473 273 508 Paucis
287 471 478 509 hominum
498 473 609 507 virtus
626 479 660 506 et
683 470 913 517 pulchritudo
933 470 1096 505 obvenit:

195 525 328 559 Beatus
347 532 414 568 est,
443 525 505 572 qui
521 523 609 559 haec
629 524 735 558 ambo
752 524 900 559 sortitus
918 530 980 558 est.

93 575 168 612 935
195 576 331 613 Omnes
357 578 502 624 quidem
535 590 570 611 se
600 577 723 610 colunt
736 576 878 617 simul,
919 574 1098 621 aequales,

511 628 644 675 quique
668 628 706 661 in
730 628 856 661 eodem

197 680 370 715 Habitant
386 682 466 715 loco
480 708 488 722 ,
518 680 650 726 quique
668 679 825 714 seniores
843 683 921 713 sunt
930 678 989 724 76).

143 732 227 767 Non
243 745 388 777 possum
407 745 493 766 voce
515 731 616 766 suavi
636 743 784 772 canere,
812 731 910 765 velut
930 729 1099 768 luscinia;

93 783 168 819 940
195 783 339 818 Etenim
381 783 560 830 superiori
607 790 712 817 nocte
764 784 809 817 ad
869 781 1099 817 comessatio-

502 847 585 868 nem
606 848 667 870 lVl.

141 886 268 932 Neque
285 886 470 920 tibicinem
491 899 637 926 causor;
667 888 729 920 sed
746 898 804 919 me
822 886 955 920 sodalis

195 937 356 979 Deserit,
384 938 583 983 sapientiae
601 950 676 972 non
697 938 874 983 indigens.

144 989 264 1035 Prope
282 990 465 1024 tibicinem
483 1002 609 1024 canam
622 1017 631 1031 ,
659 990 711 1023 illi
728 990 942 1025 constitutus

195 1040 328 1075 Dexter
339 1069 348 1083 ,
373 1042 597 1077 immortales
613 1041 709 1078 Deos
726 1054 888 1088 precans.

95 1091 170 1128 945
197 1092 253 1127 Eo
282 1095 328 1128 ad
352 1094 521 1129 amussim
547 1100 682 1128 rectam
706 1095 821 1135 viam,
863 1099 1031 1127 neutram
1062 1090 1100 1123 in

241 1144 246 1148 ”
512 1152 653 1190 partem

196 1195 398 1236 Inclinans;
426 1203 571 1242 oportet
588 1197 683 1230 enim
702 1210 758 1231 me
777 1203 872 1231 recta
896 1196 1018 1230 omnia
1044 1206 1101 1227 co·

513 1248 639 1292 gitare.

146 1298 307 1331 Patriam
335 1299 473 1332 ornabo
499 1300 633 1332 claram
660 1299 862 1340 civitatem,
897 1311 1012 1344 neque
1037 1310 1101 1342 po-

511 1351 596 1395 pulo

197 1402 396 1436 Attendens
408 1429 417 1443 ,
444 1413 561 1448 neque
580 1401 713 1448 iniquis
731 1401 817 1436 viris
835 1401 1016 1436 obediens.

147 1452 348 1487 Hinnulum
369 1466 410 1487 ex
427 1466 531 1487 cervo
552 1454 607 1487 leo
624 1460 663 1487 ut
679 1453 815 1488 viribus
834 1455 1015 1488 confidens
1027 1481 1035 1494 ‚

95 1502 171 1539 950
186 1505 343 1540 Pedibus
358 1503 680 1550 comprehendens,
699 1506 910 1550 sanguinem
926 1518 999 1539 non
1014 1504 1100 1539 bibi.

147 1556 273 1592 Muros
291 1564 411 1592 autem
437 1558 528 1591 altos
554 1559 796 1592 conscendens
822 1558 1002 1592 civitatem
1026 1569 1101 1591 non

512 1609 666 1654 diripui,

198 1658 424 1706 Iungensque
445 1673 556 1706 equos
575 1673 720 1695 currum
737 1673 812 1694 non
829 1661 1009 1700 inscendi;

146 1711 266 1755 Agens
284 1724 370 1745 vero
389 1724 464 1746 non
481 1712 556 1756 egi,
584 1719 618 1745 et
633 1725 707 1746 non
725 1713 825 1746 finivi
842 1714 987 1747 finiens:

199 1761 422 1810 Faciensque
452 1775 527 1797 non
557 1764 643 1804 feci,
687 1765 890 1811 perfecique
921 1777 997 1798 non
1022 1776 1101 1809 per-

511 1815 644 1849 ficiens.

96 1863 172 1900 955
196 1864 375 1911 Improbis
402 1879 487 1900 vero
511 1867 749 1900 benefacienti
776 1868 847 1901 duo
882 1873 962 1902 sunt
990 1867 1101 1906 mala;

512 1931 596 1952 nam
617 1932 650 1952 se
673 1919 745 1953 suis

200 1968 365 2003 Privabit
391 1969 513 2004 multis
536 1972 654 2012 rebus,
698 1977 732 2004 et
763 1970 876 2014 gratia
907 1970 1006 2004 nulla
1039 1971 1102 2004 ha-

513 2023 662 2063 bebitur,

149 2071 186 2106 Si
204 2084 277 2118 quo
294 2072 441 2107 affectus
459 2085 476 2106 a
495 2085 551 2107 me
567 2073 740 2106 beneficio
759 2085 903 2117 magno,
931 2086 1006 2107 non
1024 2086 1102 2118 gra-

510 2125 597 2158 tiam
617 2123 727 2159 habes
740 2152 749 2165 ,

200 2173 317 2219 Egens
333 2182 475 2210 nostras
491 2176 622 2210 iterum
641 2179 748 2210 adeas
765 2177 904 2210 domos.
939 2207 944 2211 .

148 2224 275 2259 Donec
293 2227 438 2273 quidem
457 2228 531 2273 ipse
547 2229 621 2262 bibi
642 2242 682 2262 ex
698 2229 797 2262 sonte
816 2229 997 2272 profundo
1011 2255 1020 2269 ,

97 2277 173 2313 960
199 2277 326 2313 Suavis
345 2277 434 2312 mihi
451 2280 640 2315 videbatur
653 2308 661 2321 ,
695 2287 727 2314 et
744 2278 893 2325 pulchra
913 2293 984 2314 esse
1001 2293 1101 2327 aqua.

148 2330 261 2365 Modo
279 2343 364 2365 vero
385 2331 455 2364 iam
480 2333 643 2367 turbatus
668 2339 738 2369 est;
776 2344 867 2378 aqua
894 2345 979 2366 vero
1006 2344 1101 2366 com-

513 2384 681 2418 miscetur
708 2384 812 2417 limo:

198 2432 280 2467 Alio
297 2434 396 2468 fonte
417 2434 538 2469 bibam
551 2462 559 2475 ‚
589 2442 649 2469 aut
666 2436 789 2469 fluvio.

129 2567 177 2598 ⁷6)
197 2568 344 2592 Distichon
363 2568 435 2592 hunc
456 2575 568 2593 versum
595 2569 620 2592 ιἰι
641 2569 724 2593 Editt.
747 2569 831 2592 Bekk.
860 2570 886 2592 et
906 2569 1007 2598 Bergk.
1034 2570 1101 2593 sub-

164 2609 284 2633 sequens
306 2609 361 2628 vss.
376 2603 428 2627 937
443 2611 483 2634 sq.

197 2632 343 2669 γηράσκων
360 2634 470 2662 ἀστοῖσι
487 2638 676 2670 μεταπρέπει,
703 2635 769 2662 οὐδέ
786 2645 824 2665 τις
843 2634 929 2662 αὐτὸν

266 2670 398 2703 βλάπτειν
417 2670 480 2697 οὔτ’
500 2672 594 2701 αἰδοῦς
614 2672 674 2697 οὔτε
694 2672 767 2702 δίκης
790 2672 888 2697 ἐθέλει.

163 2706 189 2730 in
209 2707 293 2731 Editt.
312 2708 491 2732 1561—1581
509 2725 514 2731 .
536 2709 652 2733 Brunck.
675 2711 701 2732 et
722 2708 810 2733 Gaisf.
831 2708 856 2732 h.
869 2708 888 2732 l.
909 2707 994 2733 deest.

656 72 1057 108 INTERPRETATIO
1094 70 1477 109 SENTENTIARUM
1515 68 1821 105 THEOGMDIS.

1126 2369 1130 2461 Ι

1127 2676 1131 2738 ι

2106 70 2153 105 42

1202 161 1254 196 Ne
1274 171 1435 206 unquam
1453 159 1595 198 laudes,
1622 157 1722 202 prius
1746 170 1846 205 quam
1870 156 2014 190 noveris
2037 156 2155 190 virum

1564 210 1656 243 clare
1668 236 1677 250 ,

1254 263 1485 310 Appetitum,
1514 268 1548 296 et
1563 262 1712 295 modum
1724 288 1733 302 ,
1762 268 1795 295 et
1813 273 1943 301 mores,
1969 260 2084 306 qualis
2100 260 2154 295 sit.

1153 314 1227 352 965
1253 316 1364 350 Multi
1380 328 1465 358 sane
1483 315 1621 349 fucatos
1636 313 1781 348 fallaces
1797 326 1915 348 mores
1930 310 2103 346 habentes

1256 369 1467 408 occultant,
1494 367 1684 400 induentes
1694 365 1740 413 ⁷⁷)
1760 365 1920 399 animum
1939 364 2121 399 diurnum.

1204 421 1344 456 Horum
1362 432 1447 454 vero
1464 419 1600 453 indicat
1616 418 1778 452 omnium
1797 424 1936 462 tempus
1957 428 2074 450 mores
2099 427 2156 449 cu-

1568 470 1712 516 iusque;

1256 523 1401 558 Etenim
1418 536 1481 569 ego
1500 529 1657 556 mentem
1673 523 1780 566 longe
1799 521 1870 553 iam
1891 524 1988 553 extra
2004 518 2157 562 perrexi,

1206 576 1455 622 Praevenique
1490 576 1641 609 laudans
1660 601 1669 615 ‚
1720 573 1931 618 priusquam
1971 577 2050 604 tuos
2094 582 2156 614 per

1575 625 1697 660 omnia
1718 635 1970 670 cognoscerem
1980 621 2027 668 73)

1440 691 1535 713 nunc
1564 685 1684 712 autem
1707 677 1779 711 iam
1807 676 1908 710 navis
1932 674 2029 708 velut
2052 674 2157 715 longe

1573 730 1728 764 discedo.

1207 783 1309 829 Quae
1328 794 1413 816 vero
1434 781 1548 816 virtus
1563 787 1613 816 est
1628 782 1829 821 bibentem,
1863 778 1939 812 vini
1957 776 2158 822 praemium

1571 832 1785 878 reportare?

1259 886 1372 931 Saepe
1393 896 1477 919 sane
1493 884 1603 919 vincit
1620 892 1654 918 et
1670 885 1786 918 malus
1802 883 1920 916 virum
1938 881 2086 914 bonum.

1206 938 1333 974 Nullus
1351 936 1554 978 hominum,
1573 949 1679 984 quem
1696 943 1888 982 postquam
1902 933 2046 967 tandem
2064 938 2158 964 terra

1572 996 1718 1029 texerit,

1257 1041 1369 1087 Inque
1385 1040 1544 1075 Erebum
1562 1040 1803 1080 descenderit,
1833 1039 2053 1081 domumque
2071 1034 2159 1067 Pro-

1572 1093 1737 1137 serpinae
1749 1119 1757 1132 ,

1157 1143 1231 1178 975
1259 1144 1469 1178 Oblectatur
1480 1144 1546 1190 ⁷9),
1582 1156 1698 1190 neque
1723 1144 1860 1189 lyram,
1892 1152 2008 1186 neque
2034 1138 2158 1172 tibiam

1579 1196 1740 1236 audiens,

1259 1249 1384 1294 Neque
1403 1245 1537 1281 Bacchi
1556 1249 1651 1281 dona
1672 1248 1811 1280 tollens.

1208 1300 1305 1334 Haec
1321 1301 1446 1334 videns
1457 1327 1466 1340 ,
1494 1300 1595 1333 cordi
1611 1300 1700 1333 bene
1718 1296 1941 1344 persuadebo
1952 1321 1961 1334 ,
1989 1299 2029 1327 ut
2046 1291 2138 1324 levia

1260 1353 1407 1392 Genua,
1437 1358 1470 1385 et
1487 1358 1594 1396 caput
1607 1351 1820 1385 intremulus
1837 1348 2032 1393 proferam.

1207 1404 1261 1439 Ne
1280 1402 1369 1437 mihi
1389 1403 1443 1436 vir
1460 1403 1504 1437 sit
1522 1404 1644 1447 lingua
1663 1403 1809 1442 amicus,
1826 1401 1886 1435 sed
1904 1397 2016 1442 magis
2032 1407 2068 1428 re
2084 1394 2158 1438 ipsa

1157 1457 1232 1491 980
1259 1456 1501 1501 Manibusque
1518 1462 1700 1500 properet,
1729 1454 1926 1499 opibusque
1943 1455 2137 1492 utrumque
2151 1472 2158 1483 ,

1207 1509 1333 1555 Neque
1371 1508 1465 1541 inter
1506 1507 1635 1552 pocula
1679 1506 1797 1540 verbis
1841 1516 1957 1537 meam
2001 1504 2157 1533 mentem

1575 1559 1744 1597 oblectet;

1262 1613 1331 1646 Sed
1349 1611 1483 1645 faciens
1499 1617 1683 1656 appareat,
1709 1610 1738 1644 si
1757 1608 1843 1655 quid
1862 1605 1986 1652 possit,
2013 1605 2160 1637 bonum.

1208 1664 1282 1699 Nos
1308 1664 1451 1697 veroin
1477 1663 1642 1696 convivia
1670 1660 1818 1695 charum
1840 1658 2059 1693 declinemus
2085 1654 2160 1688 ani-

1574 1727 1673 1748 mum
1685 1741 1694 1755 ‚
2129 1756 2136 1762 ι

1260 1767 1310 1802 Ut
1340 1774 1526 1812 praeterea
1559 1764 1809 1800 oblectationis
1848 1773 1956 1808 opera
1993 1756 2160 1793 amabiha

1575 1820 1677 1852 ferat.
2136 1859 2142 1864 ”

1157 1870 1233 1905 985
1261 1870 1390 1905 Statim
1425 1871 1520 1904 enim
1562 1877 1733 1915 tanquam
1774 1864 1942 1910 cogitatio
1990 1864 2160 1906 praeterit

1570 1921 1756 1967 splendida
1775 1919 1943 1964 pubertas
1954 1941 1962 1954 ,

1260 1973 1385 2019 Neque
1405 1984 1579 2020 equarum
1597 1975 1750 2018 impetus
1771 1977 1822 2005 est
1837 1968 2008 2005 velocior,
2058 2014 2064 2021 .

1209 2025 1310 2070 Quae
1330 2026 1475 2071 quidem
1494 2026 1609 2059 sirum
1630 2026 1750 2058 serunt
1772 2021 2031 2056 tumultuosum
2057 2028 2092 2047 ιιι
2113 2015 2159 2046 la-

1572 2078 1697 2110 borem
1718 2075 1879 2108 xirorum

1260 2127 1462 2174 Impetuose
1475 2155 1484 2169 ,
1511 2129 1676 2161 sarrisero
1695 2128 1891 2160 oblectatae
1908 2132 2048 2165 campo.

1207 2180 1316 2221 Bibe,
1345 2182 1490 2227 quando
1508 2180 1632 2213 bibant
1649 2181 1731 2221 alii,
1757 2191 1836 2212 cum
1865 2175 2010 2222 quidem
2038 2173 2157 2207 animo

1576 2232 1806 2266 contristatus
1823 2228 1930 2262 fueris
1942 2255 1950 2269 ,

1157 2285 1231 2319 990
1260 2284 1375 2320 Nemo
1390 2282 1580 2317 hominum
1597 2291 1722 2318 noscat
1736 2290 1768 2316 te
1786 2287 1987 2327 gravatum.

1206 2336 1390 2371 Interdum
1409 2336 1552 2382 quidem
1574 2337 1712 2380 p.·.tiens
1729 2333 2015 2370 contristaberis,
2048 2329 2154 2360 intel·-

1577 2389 1735 2433 dumque
1753 2387 1885 2419 faciens

1154 680 1229 716 970
1256 678 1377 713 Mores
1389 693 1396 717 ;

1190 2533 1238 2561 77]
1258 2533 1419 2561 induentes]
1451 2533 1491 2557 sic
1521 2532 1569 2564 (ε
1593 2534 1714 2563 Theogn.
1740 2529 1898 2563 ἐνθέμενοι)
1931 2529 2015 2553 Editt.
2038 2528 2099 2552 1561
2122 2540 2154 2545 »-

1228 2567 1323 2598 1570.;
1352 2567 1436 2591 Editt.
1456 2568 1531 2593 1576.
1544 2585 1552 2598 ,
1574 2569 1648 2593 1581.
1668 2568 1833 2591 induentem.

1189 2620 1236 2650 78)
1256 2621 1471 2651 cognoscerem]
1489 2621 1537 2644 Ed.
1557 2620 1630 2644 1581.
1649 2620 1746 2644 mendo
1763 2621 1892 2650 typogra
1915 2621 2094 2649 cognoscere.

1188 2672 1235 2703 79)
1257 2671 1432 2700 oblectatur]
1448 2671 1488 2695 sic
1504 2670 1549 2702 (=
1562 2672 1680 2701 Theogn.
1701 2671 1842 2703 τέρπεται)
1860 2670 1941 2695 Editt.
1955 2667 2155 2694 ¹³61—1564.-

1227 2706 1318 2737 ¹576„
1344 2707 1436 2737 15&1.;
1462 2707 1511 2732 Ed.
1532 2705 1606 2731 1570.
1628 2707 1794 2731 oblectetur.
