2421 3005
85 2427 87 2429 ’
134 2422 288 2457 colebat.

114 93 191 129 437

112 179 256 215 Persica
279 187 369 215 vox,
408 186 494 219 opes
516 171 706 217 significat.

111 231 187 277 eqo]
222 224 490 273 ἀποσιώπησις.

110 288 304 327 tempestas
316 294 335 315 a
344 281 529 324 Neptuno.

110 333 316 380 increpatio
342 333 388 379 3).

110 388 193 423 aula
219 387 304 432 etc.]
341 385 412 419 Per
436 380 634 418 ἀντίθεσιν
656 381 784 414 irridet
808 379 976 413 Aeolum.

111 440 208 473 enim
226 440 377 472 domum
403 435 544 469 ironice
569 434 680 466 modo
707 433 849 471 aulam,
878 430 989 464 modo
1008 439 1126 461 carce-

110 504 189 526 rem
212 503 278 537 per
302 494 551 532 contemptum
575 493 692 520 vocat.
806 483 884 517 Vss.
905 482 977 517 148
997 494 1049 526 sq.
1074 482 1126 513 Ac

110 545 214 593 veluti
231 555 353 587 mayno
368 538 455 588 etc.]
474 539 679 582 Descriptio
698 535 897 571 seditionis.
966 533 1027 567 Vs.
1040 530 1124 566 152.

109 597 214 630 silent
232 592 319 641 etc.]
347 591 590 638 Eloquentiae
607 591 756 624 fructus.
862 586 924 620 Vs.
945 584 1028 620 156.
1048 585 1124 618 Fle-

111 650 172 683 etit
187 660 288 694 equos
305 644 391 693 etc.]
424 642 632 687 CoaptatiO.
739 639 818 674 Vss.
840 639 913 674 162
931 642 1009 683 sqq.
1034 638 1127 670 Hinc

112 706 213 746 atque
235 700 316 733 hinc
335 697 418 741 etc.]
447 691 700 732 ὑποτύπωσις.
807 690 868 725 Vs.
892 690 976 724 172.
1011 692 1125 731 optata

110 754 290 797 potiuntur
316 747 398 798 etc.]
442 747 562 781 Delati
590 743 746 778 Troiani
778 744 824 776 ad
857 748 1003 787 portum
1030 739 1125 772 Afri-

114 817 208 839 cum.
314 802 375 837 Vs.
401 801 486 836 176.
517 800 696 844 rapuitque
717 800 753 830 in
773 796 801 840 f.
822 790 1025 840 flammam]
1058 789 1126 825 ἇν-

112 853 336 902 τονομασία.
415 853 493 888 Vss.
512 851 585 885 180
602 863 680 896 sqq.
697 852 835 883 Aeneas
849 847 1020 890 scopulum
1039 840 1125 890 etc.]

112 907 295 943 Describit
316 906 520 952 principem
543 915 619 936 non
645 909 718 935 tani
743 902 817 940 sui,
846 912 956 945 quam
976 908 1124 932 suorum

113 973 237 995 curam
265 971 382 1004 agere.
497 956 558 990 Vs.
578 955 663 989 188.
692 952 857 996 Achates]
887 948 1043 984 Achates
1069 959 1127 981 co-

112 1026 189 1047 mes
214 1012 358 1046 Aeneae
388 1009 556 1054 fingitur;
601 1006 692 1052 ἄχος
717 1004 813 1039 enim
845 1004 952 1037 dolor
977 1009 1049 1042 est,
1095 1005 1129 1032 et

111 1066 253 1099 Aeneas
267 1075 411 1108 semper
430 1074 582 1096 suorum
599 1071 724 1093 curam
741 1055 881 1091 habuit.

118 1120 147 1154 0
172 1119 258 1152 ,socii
284 1114 367 1165 etc.]
400 1114 530 1149 Oratio
553 1114 699 1148 Aeneae
725 1107 985 1144 consolationis
1007 1106 1129 1151 plena,

118 1182 190 1217 qua
205 1171 324 1204 bonus
345 1168 516 1213 princeps
532 1178 616 1201 suos
638 1162 808 1198 hortatur
835 1162 880 1195 ad
900 1158 1130 1205 patientiam,
1155 1172 1158 1192 ι
1183 1164 1280 1192 cusat
1297 1159 1378 1203 etc.]
1406 1157 1516 1190 Redit
1540 1157 1585 1189 ad
1612 1153 1816 1188 historiam.

117 1229 153 1257 et
174 1223 301 1256 suadet
322 1219 567 1260 hilaritatem,
603 1217 701 1263 quod
733 1215 804 1248 iam
835 1219 918 1247 ante
953 1217 1009 1245 tot
1033 1209 1129 1243 mala

112 1274 266 1309 feliciter
280 1271 557 1319 superaverint,
583 1271 769 1307 futurum,
798 1272 839 1300 ut
862 1268 1079 1307 exsuperent
1097 1267 1131 1294 et

114 1327 216 1357 illud.
338 1325 400 1355 Vs.
424 1323 513 1356 213.
542 1322 678 1354 Littore
696 1317 806 1351 ahena
823 1313 906 1362 etc.]
945 1311 1132 1360 περίφρα-

116 1386 183 1416 σις.
304 1373 367 1408 Vs.
387 1370 476 1408 215.
512 1372 706 1415 Implentur
729 1366 816 1415 etc.]
853 1362 1130 1410 ἀντονομασία.

626 81 815 117 LXXXIX.
868 76 1157 115 ENARRATIO
1194 72 1438 110 AENEtDos
1473 70 1684 107 VIRGILII.

630 225 689 258 sed
718 227 822 256 motos
850 218 936 267 etc.]
972 220 1127 253 Sedatur
1183 229 1331 261 operam
1357 220 1457 252 dare.

600 275 661 310 Vs.
675 275 759 309 136.
780 274 1031 309 Postmihinon
1045 269 1127 314 etc.]
1182 269 1259 303 Vss.
1280 269 1356 305 327
1370 283 1423 315 sq.
1451 269 1479 302 0
1502 278 1604 313 quam
1626 271 1658 300 te
1675 276 1854 299 memorem
1872 260 1957 310 etc.]
1986 261 2019 294 A
2033 273 2190 306 persona

513 327 594 362 Vss.
620 327 694 362 140
716 340 769 374 sq.
808 328 869 361 illa
895 338 930 360 se
954 327 1054 358 iactet
1089 325 1126 356 in
1152 330 1155 362 ῑ
1181 322 1332 366 virginis
1350 318 1779 366 captatbenevolentiam
1804 315 1954 350 ulterius
1977 313 2193 361 quaerendi.

1038 375 1125 409 Eius
1150 366 1154 422 J
1180 374 1240 408 Vs.
1266 374 1315 408 33
1327 374 1362 411 4.
1398 373 1516 409 Multa
1539 373 1604 406 tibi
1626 370 1710 413 etc.]
1739 369 1771 402 A
1800 368 1999 411 gratiarum
2035 358 2200 400 actione.

968 1052 1128 1088 Vs.198.
1154 1052 1157 1072 ²

2115 68 2190 104 438

830 168 890 202 Vs.
916 165 1001 202 135.
1038 167 1128 207 Quos
1181 163 1368 210 Lycurgus
1392 175 1472 196 cum
1499 162 1668 200 iuvenes,
1707 165 1782 192 tum
1806 157 1964 203 virgines
1988 156 2190 202 palaestrae

1530 212 1622 246 Vide
1646 209 1882 246 Plutarchum
1916 210 1954 243 in
1976 208 2191 255 Lycurg04).

1179 426 1258 460 Vss.
1276 426 1351 461 340
1369 440 1447 474 sqq.
1468 427 1645 468 Imperium
1662 423 1756 456 Dido
1772 423 1855 462 etc.]
1872 419 1986 463 Origo
2005 417 2193 459 Carthagi-

1179 478 1314 512 niensis
1338 480 1451 524 regni.
1557 476 1619 511 Vs.
1638 474 1724 509 349.
1753 475 1884 517 Impius
1908 477 1987 506 ante
2007 471 2087 515 etc.]
2122 468 2193 503 Im-

1180 531 1324 575 pietatis
1340 540 1373 565 et
1391 529 1597 576 tyrannidis
1614 526 1830 571 exemplum.
1923 523 2002 558 Vss.
2021 522 2096 556 353
2114 535 2193 568 sqq.

1180 586 1261 627 Ipsa
1278 586 1336 617 sed
1354 581 1436 631 etc.]
1467 579 1594 620 πάθος
1611 593 1628 614 a
1648 576 1940 614 circumstantiis.
2027 575 2087 609 Vs.
2105 574 2192 609 361.

1183 637 1393 670 Conveniunt
1422 636 1504 678 etc.]
1544 633 1699 667 Animus
1743 631 1857 676 plebis
1900 630 1938 661 in
1981 634 2192 673 tyrannum.

1179 687 1240 722 Vs.
1259 687 1347 724 372.
1387 690 1415 722 0
1435 689 1512 721 Dea
1537 686 1619 730 etc.]
1647 680 1785 723 πάθος.
1935 679 2015 714 Vss.
2041 679 2116 714 373
2139 692 2192 726 sq.

1181 743 1225 774 Et
1250 746 1343 774 vacet
1368 740 1513 774 annales
1528 737 1611 781 etc.]
1640 735 1816 770 Attentio.
1922 732 2000 767 Vss.
2020 730 2096 766 375
2114 744 2193 778 sqq.

1183 795 1252 826 Nos
1280 795 1387 826 Troia
1414 791 1497 834 etc.]
1526 789 1698 824 Narratio
1722 789 1880 822 Aeneae.
2018 784 2079 818 Vs.
2105 784 2193 819 378.

1180 846 1267 879 Sum
1277 847 1356 888 pius
1375 850 1440 878 etc.
1469 842 1602 876 Pietas.
1721 839 1783 874 Vs.
1800 838 1888 873 383.
1918 837 2091 883 Euroque]
2118 835 2193 871 Eu-

1180 909 1242 930 rus
1260 896 1355 930 inter
1372 894 1522 929 orientis
1539 893 1733 928 stationem
1750 898 1784 925 et
1802 890 2087 935 septentrionem
2115 902 2195 922 ver-

1182 955 1294 983 satur.
1350 949 1460 982 Recte
1477 944 1661 991 igitur-'nic
1681 944 1779 987 Euri,
1791 942 1980 982 meminit,
2009 954 2115 987 quern
2141 953 2194 975 se-

1183 1002 1341 1034 cundum
1361 1007 1510 1034 ventum
1530 997 1739 1032 habuerunt
1756 996 1794 1030 in
1805 995 1978 1030 Africam.
2032 992 2193 1028 Vs.399.

1183 1055 1286 1087 Haud
1309 1054 1412 1088 aliter
1432 1050 1518 1099 etc.]
1547 1049 1758 1095 Adaptatio.
1876 1047 1938 1081 Vs.
1957 1046 2045 1083 402.
2073 1048 2195 1086 Dixit,

1182 1111 1213 1139 et
1229 1110 1384 1140 avertens
1400 1102 1486 1152 etc.]
1514 1102 1721 1137 Conclusio.
1774 1100 1836 1135 Vs.
1854 1100 1941 1135 410.
1982 1101 2124 1134 Talibus
2140 1101 2194 1133 in-

1930 1151 2010 1187 Vss.
2025 1152 2099 1186 411
2116 1164 2196 1197 sqq.

1184 1213 1231 1245 At
1246 1214 1357 1246 Venus
1377 1207 1458 1257 etc.]
1478 1207 1713 1242 Homericum
1730 1212 1802 1246 est,
1827 1205 1890 1250 qui
1907 1204 2010 1248 fingit
2028 1204 2197 1249 Ulyssem

1185 1262 1404 1297 circumdari
1432 1261 1564 1295 nebula
1591 1272 1608 1293 a
1629 1259 1796 1292 Minerva
1817 1263 1882 1291 etc.
1936 1256 2066 1302 Odyss.
2087 1255 2123 1290 7.
2150 1256 2196 1299 ⁵).

1156 1321 1160 1336 ¹
1185 1315 1246 1349 Vs.
1264 1314 1351 1349 417.
1390 1315 1504 1349 Thure
1534 1309 1662 1360 calent]
1699 1309 1802 1344 Thus
1830 1309 1867 1342 in
1889 1310 2025 1343 Arabia
2062 1308 2198 1342 crescit.

1157 1340 1161 1408 i
1185 1365 1246 1400 Vs.
1265 1365 1354 1402 425.
1386 1372 1420 1401 et
1444 1367 1641 1402 concludere
1661 1363 1771 1408 fulco]
1803 1361 1944 1395 Alludit
1968 1363 2014 1395 ad
2038 1367 2199 1395 veterem

114 1427 195 1462 Vss.
211 1426 288 1463 223
314 1438 394 1472 sqq.
434 1427 480 1460 Et
503 1426 574 1458 iam
598 1423 684 1467 finis
714 1426 790 1455 erat
808 1420 889 1465 etc.]
917 1417 1041 1452 Iovem
1068 1414 1132 1450 ha·
1158 1418 1161 1457 Ῐ
1186 1431 1341 1459 morem,
1357 1430 1430 1464 quo
1446 1419 1565 1452 sulcus
1577 1417 1776 1450 ducebatur
1792 1421 1895 1448 tanto
1912 1414 2043 1459 spatio,
2062 1420 2199 1460 quanto

116 1481 202 1514 here
220 1491 324 1513 curas
339 1477 588 1514 humanarum
610 1474 894 1519 dlvinarumque
918 1483 1041 1505 rerum
1067 1469 1133 1502 fin·
1158 1458 1162 1501 l
1187 1472 1273 1505 urbs
1298 1472 1420 1504 sutura
1447 1476 1549 1504 esset,

1674 1467 1753 1502 Vss.
1780 1466 1855 1502 428
1879 1480 1931 1512 sq.
1970 1469 2200 1512 immanesque

119 1532 181 1578 git.
234 1531 299 1566 Est
320 1537 443 1566 autem
470 1530 609 1563 alienus
635 1528 735 1561 locus
760 1526 939 1564 insertus,
972 1529 1013 1556 ut
1035 1533 1134 1555 com·
1159 1509 1162 1573 ξ
1188 1525 1364 1559 columnas
1388 1519 1471 1569 etc.]
1499 1522 1653 1561 Portus,
1696 1521 1735 1553 in
1760 1520 1891 1566 quibus
1923 1525 2071 1564 possent
2103 1530 2202 1552 com-

119 1583 267 1619 modius
298 1584 465 1618 ordinem
497 1582 616 1627 operis
652 1592 691 1613 ac
717 1577 891 1612 historiae
920 1575 1134 1609 insinuaret.

1160 1575 1322 1626 {mercia
1367 1575 1446 1608 fieri
1489 1572 1737 1607 mercimoniis
1782 1571 1941 1605 advectis

1981 1578 2015 1604 et
2049 1577 2202 1605 caetera.

118 1637 199 1671 Vss.
215 1636 289 1672 231
303 1649 382 1682 sqq.
410 1636 499 1676 Quid
518 1646 611 1668 meus
629 1633 710 1678 etc.]
739 1628 981 1674 interrogatio
998 1638 1135 1673 propo·
1160 1628 1163 1686 ἰ
1188 1628 1249 1662 Vs.
1268 1627 1355 1662 437.
1380 1629 1407 1662 0
1430 1626 1605 1670 fortunati
1631 1622 1718 1672 etc.]
1753 1623 1948 1657 Paululum
1976 1623 2130 1657 reflectit
2156 1623 2201 1655 ab

121 1688 264 1724 sitionis
278 1688 368 1721 vice.

120 1746 335 1788 guinentum
353 1752 373 1773 a
389 1739 484 1773 fatis.

120 1794 178 1828 Ab
195 1792 382 1838 exemplo,
411 1798 445 1825 et
464 1803 481 1824 a
499 1789 636 1823 minori
662 1790 707 1823 ad
734 1786 863 1820 maius.

121 1849 215 1888 Nos,
242 1851 303 1880 tua
321 1841 407 1892 etc.]
434 1841 655 1888 Applicatio.
769 1839 831 1873 Vs.
855 1835 944 1874 253.
980 1838 1048 1870 Hic
1061 1837 1136 1879 pie-

120 1901 207 1935 tatis
231 1898 313 1943 etc.]
339 1895 579 1930 Exclamatio.

121 1951 337 1997 Respondet
359 1948 497 1994 Iupiter
514 1946 650 1981 Veneri
674 1943 941 1979 inconstantiae
965 1939 1139 1974 obiectio-

123 2015 208 2037 nem
226 2002 381 2036 diluens.
436 1998 500 2032 Est
517 2004 638 2031 autem
656 1997 829 2030 continua
850 1993 1030 2039 quaedam
1056 2003 1139 2024 nar-

124 2055 241 2095 ratio,
270 2065 342 2100 qua
367 2063 509 2086 summa
535 2050 727 2084 Romanae
750 2045 926 2080 historiae
953 2044 998 2077 ab
1015 2043 1139 2076 Aenea

124 2119 241 2154 usque
266 2107 310 2139 ad
336 2105 540 2148 Augustum
569 2100 836 2147 complectitur.

127 2162 214 2196 Inde
224 2161 322 2204 lupae
335 2158 419 2199 etc.]
428 2156 596 2200 Regnum
607 2155 879 2188 Romanorum.
914 2148 992 2183 Vss.
1001 2147 1079 2184 284
1088 2160 1141 2192 sq.

129 2214 295 2249 Phthiam
321 2206 405 2257 etc.]
445 2207 638 2242 Graeciam
670 2204 859 2249 intelligit,
901 2213 994 2248 quae
1020 2201 1141 2234 diruta

128 2271 183 2300 est
204 2277 223 2298 a
243 2263 425 2297 Mummio
443 2260 602 2294 consule.
671 2258 733 2293 Vs.
751 2257 839 2294 286.
868 2258 1042 2291 Nascetur
1064 2252 1142 2296 pul-

132 2319 218 2354 chra
240 2312 323 2363 etc.]
350 2315 404 2348 Re
431 2325 517 2346 vera
541 2319 662 2346 autem
691 2309 844 2345 credidit
867 2321 903 2343 se
928 2308 973 2340 ab
989 2305 1066 2339 Iulo
1086 2316 1143 2337 or-

133 2377 210 2405 tum
235 2369 385 2402 traxisse
413 2365 565 2403 Caesar;
609 2365 655 2398 oh
679 2363 715 2397 id
739 2361 938 2408 impensius
963 2359 1143 2392 Venerem

136 2475 261 2521 quitur
282 2471 475 2507 historiam
500 2471 543 2503 de
561 2470 696 2504 Aenea.

137 2527 238 2571 ctem]
266 2523 312 2560 οὐ
338 2522 411 2571 χρὴ
431 2518 654 2567 παννύχιον.

140 2630 341 2675 Spartanae
366 2628 536 2673 virginis,
565 2633 600 2660 et
618 2623 811 2660 Thraciae.

176 2748 209 2781 3)
229 2749 288 2774 1100
306 2749 392 2774 schol.
413 2747 441 2774 iu
461 2747 546 2774 Editt.
563 2747 657 2777 ¹533„
679 2744 757 2771 1535.
777 2744 864 2769 deest,

456 1686 517 1721 Vs.
535 1686 625 1722 239.
652 1685 822 1724 Solabar,
848 1682 937 1726 fatis
954 1677 1036 1728 etc.]
1066 1679 1135 1713 Ar·
1161 1696 1163 1719 ι
1189 1680 1354 1715 historia.

564 1737 626 1771 Vs.
638 1736 727 1773 242.
752 1737 910 1768 Antenor
924 1734 1035 1778 potuit
1053 1731 1135 1775 etc.]
1161 1736 1165 1773 l
1188 1734 1250 1768 Vs.
1262 1732 1349 1768 443.
1366 1731 1517 1777 siynum]
1533 1732 1762 1765 Portentum.
1806 1728 1868 1762 Vs.
1883 1727 1970 1763 446.
1982 1730 2128 1763 Sidonia
2138 1729 2205 1761 Di-

968 1784 1030 1818 VS-
1047 1781 1135 1818 250·
1161 1778 1164 1814 l
1189 1786 1247 1830 clo]
1274 1785 1392 1825 Dido,
1421 1784 1515 1817 (licta
1541 1782 1712 1822 Sidonia,
1743 1794 1761 1814 a
1778 1781 1933 1820 Sidone,
1961 1793 2053 1826 quae
2079 1779 2205 1813 civitas

685 1892 748 1927 Vs.
765 1891 853 1927 261.
881 1892 950 1924 Hic
969 1890 1033 1923 tibi
1055 1887 1138 1931 etc.]
1164 1899 1167 1940 g
1192 1887 1330 1929 πάθος,

968 2095 1030 2130 Vs.
1053 2092 1142 2130 275.

410 2417 490 2453 Vss.
511 2416 589 2453 297
608 2429 686 2462 sqq.
715 2418 809 2450 Haec
834 2417 886 2449 ait
902 2413 985 2458 etc.]
1016 2411 1145 2444 Prose-

800 2465 864 2500 Vs.
883 2462 972 2499 305.
998 2476 1060 2509 per
1085 2474 1146 2496 no-

758 2518 838 2553 Vss.
862 2515 938 2552 315
959 2530 1012 2563 sq.
1047 2527 1148 2550 arma

138 2577 350 2623 Spartanae]
384 2575 481 2609 Miro
503 2574 654 2608 consilio
678 2571 781 2615 fingit
802 2570 956 2605 similem
980 2567 1146 2602 habitum

864 2621 1024 2656 Instituit
1050 2620 1148 2654 enim

1416 1678 1576 1713 Vs.441.
1592 1680 1709 1712 Lucus
1726 1679 1763 1711 in
1782 1678 1864 1710 urbe
1880 1672 1964 1722 etc.]
1983 1672 2203 1711 ῖοποθεσία.

1191 1839 1351 1883 primum
1375 1836 1467 1870 fodit
1491 1835 1649 1869 metalla.
1741 1831 1802 1867 Vs.
1823 1832 1910 1867 457.
1933 1833 2097 1878 Bellaque
2117 1828 2204 1878 etc.]

1440 1888 1503 1922 Vs.
1520 1886 1609 1922 465.
1645 1888 1805 1931 larqoque
1828 1886 1999 1919 humectat
2021 1884 2101 1929 etc.]
2131 1882 2206 1928 Hy-

1193 1943 1355 1988 perbole.
1485 1940 1548 1975 Vs.
1567 1939 1656 1974 468.
1685 1941 1759 1972 Hac
1785 1939 1940 1982 Pleryqes
1961 1934 2048 1984 etc.]
2083 1935 2207 1979 Fingit

1194 1995 1375 2028 Homerus
1396 2005 1522 2027 omnes
1540 1992 1724 2026 Troianos
1744 1991 1789 2024 ab
1806 1989 1946 2023 Achille
1972 1989 2049 2022 soio
2073 1988 2205 2031 fugari,

1195 2048 1356 2081 Graecos
1380 2045 1424 2079 ab
1447 2045 1616 2079 Hectore.
1723 2041 1785 2077 Vs.
1803 2042 1890 2077 482.
1919 2043 2013 2076 Diva
2035 2042 2103 2075 solo
2122 2039 2206 2084 etc.]

1196 2099 1259 2133 Vis
1285 2098 1456 2132 invidiae.
1570 2097 1632 2130 Vs.
1648 2094 1737 2130 485.
1769 2097 1856 2130 Tum
1879 2106 1955 2128 vero
1973 2093 2053 2138 etc.]
2082 2089 2208 2130 πάθος

1196 2165 1216 2186 a
1237 2149 1528 2185 circumstantiis.
1583 2148 1663 2182 Vss.
1681 2146 1756 2182 489
1774 2160 1826 2193 sq.
1848 2149 2001 2193 ansque
2019 2147 2110 2180 acies
2125 2144 2208 2188 etc.]

1167 2174 1171 2231 l
1197 2204 1394 2243 Memnon,
1424 2202 1509 2247 quia
1527 2202 1573 2234 ab
1593 2200 1733 2234 oriente
1749 2205 1911 2239 venerat,
1934 2199 2100 2232 Aurorae
2116 2196 2209 2230 filius

1199 2256 1306 2290 fuisse
1338 2255 1483 2299 legitur.
1560 2252 1760 2287 Historiam
1794 2258 1914 2285 autem
1941 2249 2150 2284 Memnonis
2176 2253 2210 2280 et

1198 2310 1428 2343 Amazonum
1475 2305 1556 2338 vide
1600 2306 1698 2350 apud
1742 2304 1921 2349 Quintum
1968 2302 2111 2336 Calabr.
2148 2298 2209 2346 5“).

1199 2361 1260 2394 Vs.
1278 2359 1366 2394 496.
1394 2361 1529 2403 Reyina
1551 2360 1596 2392 ad
1620 2358 1781 2401 templum
1801 2357 1886 2401 etc.]
1926 2352 2209 2399 Comparatione

1200 2413 1355 2458 explicat
1380 2412 1537 2444 sormam
1561 2410 1730 2444 Didonis.
1837 2408 1898 2441 Vs.
1918 2405 2005 2441 507.
2034 2408 2119 2439 Iura
2145 2405 2208 2436 da-

1200 2468 1257 2500 bat
1274 2461 1357 2511 etc.]
1387 2462 1556 2497 Officium
1583 2463 1689 2507 regis.
1797 2459 1858 2494 Vs.
1878 2457 1966 2492 514.
1996 2457 2211 2502 Laetitiaque

1201 2513 1375 2564 metuque]
1405 2514 1444 2548 ln
1470 2528 1508 2548 re
1533 2527 1628 2548 nova
1664 2521 1699 2547 et
1728 2512 1837 2546 dubia
1864 2510 2029 2554 adiungit
2051 2509 2124 2542 sere
2146 2506 2212 2542 hos

1236 2612 1268 2644 4)
1290 2611 1429 2636 Plutarch.
1450 2609 1511 2634 vlta
1527 2606 1652 2640 Lycurgi
1671 2607 1747 2632 c.14.

1238 2655 1270 2688 5)
1291 2656 1371 2679 Hom.
1391 2654 1442 2680 0d.
1460 2653 1523 2684 VH,
1538 2654 1568 2676 14
1583 2659 1643 2682 sqq.

1239 2699 1290 2731 δι)
1315 2699 1435 2729 Quintus
1455 2698 1576 2723 Calaber
1595 2695 1678 2726 poeta
1702 2697 1778 2716 saec.
1791 2691 1840 2716 VI.
1866 2689 1984 2722 scripsit
2002 2688 2213 2719 paralipomena

1277 2734 1404 2762 Homeri.
1701 2763 1751 2800 28
1778 2760 1799 2780 ξ
