2341 2973
213 100 260 133 83

210 183 379 229 sapienti,
423 181 535 214 multo
568 179 744 213 difficilius
775 186 825 214 est
848 180 886 213 in
912 180 1066 213 amicitia
1091 181 1215 225 depre-

213 235 370 269 hendere
396 231 579 265 hominem
608 231 837 275 perfidiosum
870 238 933 265 etc.
1001 229 1042 263 In
1072 237 1215 275 pectore

211 287 363 320 existens
383 296 497 317 vanus
516 281 625 316 habet
647 283 810 317 dolosum
837 295 908 316 cor.
960 281 1036 315 Hoc
1053 281 1148 316 Deus
1165 283 1216 315 fa—

212 338 259 371 cit
279 335 486 369 hominibus
512 334 758 373 facetissimis,
788 333 1085 374 insidiosissimis,
1114 335 1215 367 dolo-

213 385 494 426 rificentissimis,
523 385 792 419 molestissimis.
826 384 922 417 Inter
943 385 1064 417 onmia
1091 386 1215 429 depre-

213 438 369 472 hendere
395 438 535 477 fucum,
563 436 729 475 insidias,
762 437 979 480 imposturas
1007 437 1153 471 alterius
1178 437 1215 469 in

214 496 358 534 pectore
376 488 552 522 difficilius
572 494 623 521 est
639 499 748 532 quam
772 487 808 519 in
826 498 928 522 aurO.

318 540 396 574 Vss.
415 538 498 575 125.
524 539 607 574 126.
642 538 766 583 Neque
797 539 910 582 possis
940 551 1043 572 nosse
1074 551 1215 573 sensum

215 592 298 631 viri,
325 591 534 636 priusquam
554 589 661 622 fueris
681 595 858 633 expertus,
886 590 975 623 sicut
993 588 1113 637 muli.]
1142 590 1216 623 Sie-

216 650 255 676 ut
280 648 421 687 oportet
445 653 577 687 equum
602 641 709 684 longo
735 647 897 685 tempore
922 642 1125 686 explorare,
1169 642 1214 674 ita

216 706 290 727 non
310 699 425 738 potest
444 691 594 725 iudicari
610 691 727 725 subito
744 693 786 725 de
805 692 940 727 amicis.

322 744 380 778 Vs.
404 743 486 778 127.
516 743 598 777 Non
623 743 735 787 possis
760 744 935 777 coniicere
962 750 1132 789 tanquam
1164 756 1217 776 ve-

217 795 318 828 niens
334 796 379 828 ad
398 807 471 827 rem
496 792 710 841 recentem]
740 794 888 829 Versus:

261 853 357 902 ΓΏρα
376 854 477 901 ἐρᾶν,
507 852 587 899 ὥρα
604 852 644 888 δὲ
660 856 807 901 γαμεῖν,
837 854 916 901 ὥρα
935 852 973 888 (Ῡέ
992 855 1218 889 πθπαῦσθαι.

216 914 256 948 ld
273 921 342 955 est,
371 920 422 947 est
440 914 615 959 quaedam
633 920 772 947 matura
793 921 886 948 aetas
904 916 946 947 ad
965 927 1123 947 amorem
1136 941 1144 953 ,
1174 916 1217 947 ad

220 965 424 1009 coniugium
446 971 479 998 et
497 965 670 999 desinere.

322 1016 382 1051 Vs.
404 1017 487 1052 128.
512 1016 623 1060 Saepe
641 1016 741 1049 ideae
756 1017 914 1056 formae,
950 1017 1083 1061 species
1107 1023 1218 1049 exter-

218 1081 288 1103 nae
311 1067 493 1112 decipiunt
516 1066 705 1113 mentem]
743 1067 954 1113 {mancha-tei)
979 1067 1126 1112 santam)
1160 1069 1219 1103 fan

221 1123 311 1156 einen
330 1119 502 1163 {menschen
524 1119 588 1154 itte
606 1120 746 1163 macheu.

324 1170 400 1204 Vss.
424 1169 507 1205 129.
528 1170 609 1204 130.
646 1167 753 1214 Illrjz'
785 1166 938 1214 ἀρετὴν]
967 1167 1038 1201 Vll.
1069 1169 1218 1202 Praece—

220 1229 323 1268 ptum
343 1223 385 1255 de
403 1221 662 1254 mediocritate.

320 1273 404 1307 Non
437 1278 537 1316 optes
569 1272 740 1305 excellens
770 1282 843 1304 esse
881 1270 1059 1313 potentia,
1103 1283 1218 1316 neque

219 1325 366 1369 opibus,
393 1324 452 1357 sed
470 1321 610 1356 homini
627 1323 671 1356 sit
686 1334 853 1367 praesens
877 1319 1054 1368 fortuna]
1091 1320 1129 1354 ld
1155 1329 1218 1361 est,

218 1373 266 1410 τὰ
293 1371 462 1421 παρόντα
488 1373 627 1421 στέργε.
687 1372 894 1407 Praesentia
919 1372 1004 1404 boni
1030 1373 1216 1406 consulito.

217 1427 283 1463 §2330
306 1425 402 1471 stebet
425 1428 486 1461 bag
512 1426 555 1460 im
572 1424 780 1470 evangetio?
834 1422 954 1457 Nolite
979 1436 1051 1456 esse
1077 1424 1216 1457 solliciti

215 1479 259 1511 de
274 1477 442 1518 crastino,
468 1477 619 1510 sufficiat
637 1489 698 1509 sua
722 1476 791 1508 diei
818 1474 961 1508 afflictio
972 1474 1037 1520 ⁷¹⁴),
1062 1475 1217 1509 feramus

217 1528 440 1574 praesentia,
469 1534 502 1560 et
518 1534 611 1560 recle
626 1528 841 1560 collocemus
860 1526 1073 1570 praesentia.

325 1579 402 1613 Vss.
424 1580 507 1613 131.
534 1579 618 1614 132.
653 1577 742 1612 VIII.
767 1578 820 1611 De
845 1577 1065 1622 parentibus.
1118 1575 1217 1611 Nihil

216 1631 310 1663 inter
326 1629 490 1664 homines
505 1631 632 1663 melius
660 1636 710 1664 est
733 1636 834 1673 patre
862 1635 896 1661 et
921 1635 1052 1667 matre,
1089 1629 1215 1673 quilius

217 1694 322 1716 curae
341 1688 392 1716 est
406 1688 527 1715 sancta
542 1679 708 1727 iustitia.]
738 1678 888 1713 Thales:
917 1677 1016 1713 Nihil
1033 1680 1144 1724 pluris
1165 1681 1215 1713 fa-

217 1734 328 1766 cimus
346 1739 426 1778 post
443 1733 557 1765 Deum
579 1744 685 1778 quau·
707 1738 880 1775 parentes.

318 1783 394 1818 Vss.
414 1784 486 1817 133
503 1797 579 1828 sqq.
608 1782 665 1817 IX.
694 1783 801 1816 Recte
824 1782 1039 1820 faciendum,
1059 1788 1092 1814 et
1109 1794 1212 1814 even-

215 1842 270 1869 tus
296 1835 374 1868 Deo
400 1836 717 1868 commendandus.
785 1833 954 1867 Subditus
979 1840 1052 1865 esto
1078 1832 1155 1865 Deo
1182 1840 1213 1865 et

216 1898 278 1919 ora
296 1899 388 1920 eum.
449 1886 568 1919 Etiam
597 1886 682 1919 boni
707 1884 840 1918 liabent
864 1891 1010 1917 eventus
1033 1885 1213 1918 adversos.

213 1936 354 1970 Tamen
375 1938 535 1981 regulare
554 1943 623 1976 est,
652 1938 747 1982 quod
774 1935 968 1969 moderatis
996 1941 1029 1968 et
1053 1935 1156 1968 rectis
1181 1942 1213 1968 et

214 1989 437 2032 regularibus
455 1988 610 2022 consiliis
627 1989 846 2032 respondent
870 1987 957 2020 boni
985 1992 1151 2027 eventus,
1180 1993 1214 2019 et

216 2039 350 2072 atrocia
376 2040 505 2072 scelera
532 2038 665 2072 habent
690 2045 835 2073 eventus
861 2045 895 2072 et
910 2050 1045 2082 poenas
1063 2044 1212 2071 atroces.

215 2090 297 2134 (per
311 2090 416 2123 falsas
431 2091 590 2135 speeies).
652 2087 816 2124 Μάταιοι
838 2086 979 2135 μάταια
1003 2086 1213 2136 λογίζονται

214 2138 278 2175 διὰ
297 2139 510 2184 ἐπιθυμίας.
564 2141 717 2185 Quidam
733 2142 829 2174 dono
855 2141 952 2174 dedit
977 2151 1071 2172 novo
1096 2139 1211 2172 aulico

213 2192 416 2235 speculum,
444 2192 501 2224 ille
520 2204 555 2225 se
573 2198 675 2224 antea
696 2205 770 2224 non
785 2192 926 2224 viderat
940 2191 978 2223 in
995 2190 1150 2235 speculo,
1178 2197 1211 2223 et

214 2254 293 2276 cum
312 2242 485 2286 inciperet
512 2242 719 2276 insolescere
746 2249 893 2287 propter
919 2242 1072 2274 formam
1097 2254 1210 2282 suam,

214 2305 323 2339 quam
340 2293 378 2326 in
395 2293 538 2338 speculo
560 2301 809 2337 conspexerat,
846 2293 970 2326 incidit
988 2293 1024 2326 in
1042 2304 1208 2335 magnam

212 2344 464 2384 calamitatem,
492 2344 527 2376 id
551 2350 614 2384 est,
640 2357 754 2378 novus
774 2345 907 2378 aulicus
923 2350 974 2378 est
997 2346 1209 2392 πολυπραγ-

211 2392 374 2439 μονικός.
429 2396 477 2432 (ξε
499 2396 556 2441 bat
588 2396 651 2431 niet
675 2396 918 2441 ansgui-ichen,
958 2396 1016 2431 mit
1038 2395 1102 2430 viel
1127 2396 1208 2439 tbun

211 2453 275 2480 etc.
313 2453 347 2480 et
371 2453 493 2491 postea
518 2447 643 2480 incidit
673 2447 709 2479 in
736 2448 964 2481 calamitates.
1009 2447 1126 2491 &abet
1143 2446 1208 2491 sein

214 2497 264 2532 bie
281 2497 396 2534 Qetssz

314 2557 463 2580 Aeternum
483 2558 574 2587 gemat
594 2557 642 2579 illc
663 2556 762 2582 miser,
789 2556 944 2585 pastoribus
963 2558 1041 2579 aulae

385 2598 436 2626 Qui
457 2599 559 2627 primus
578 2598 649 2622 mala
669 2598 739 2621 dona
759 2598 840 2620 (ledit,

239 2689 287 2718 72)
308 2690 403 2715 Matth.
417 2691 432 2711 ἒ
463 2689 503 2713 32,

797 93 918 128 PHlL.
956 93 1067 128 MEL.
1104 93 1306 128 SCRIPTA
1341 92 1676 130 I'HILOLOGICA.

2213 95 2262 130 84

1374 182 1408 218 Ξ
1429 182 1490 216 mie
1507 184 1632 217 merben
1650 183 1712 217 mir
1729 180 1805 227 aud)
1823 180 1968 226 castigitt
1983 206 1993 223 ,
2021 189 2115 217 menn
2132 183 2195 218 mit
2221 184 2265 215 ad

1268 233 1366 266 aulas
1392 233 1525 275 tomen,
1553 241 1646 268 menn
1673 244 1751 269 mem
1775 235 1875 269 ciuem
1900 233 1950 267 ein
1976 233 2117 278 &megel
2142 234 2268 279 hringet

1268 286 1335 320 nub
1353 284 1406 327 lest
1421 285 1513 320 einen
1532 283 1718 329 anlauffen,
1747 287 1813 320 unb
1844 283 1984 329 besdyeist
2007 284 2053 329 jn.
2114 284 2168 318 De
2189 285 2269 318 tali-

1270 336 1333 368 bus
1357 336 1536 380 loquitur,
1571 337 1613 368 de
1641 335 1848 380 irregularia
1877 336 2096 368 tentantibus
2121 343 2268 380 propter

1270 399 1324 419 res
1349 387 1473 425 falsas,
1509 388 1569 421 ῠαέ
1594 388 1679 422 einer
1703 388 1839 430 metuet.
1875 390 1909 422 e&
1934 388 2038 422 metbe
2064 386 2109 430 im
2137 392 2268 432 germen

1270 440 1335 472 uni>
1351 442 1453 482 gerctt
1471 437 1564 483 nicht.
1618 438 1810 482 Pompeius
1836 444 1949 471 tentat
1974 438 2204 479 irregularia,
2234 442 2268 472 εὗ

1269 494 1372 534 gerett
1389 489 1432 532 im
1450 489 1543 534 nieht.
1597 489 1652 522 Sic
1669 489 1774 522 etiam
1792 488 1953 535 luliusffi)
1965 516 1974 528 ,
2015 492 2083 524 bem
2101 488 2139 531 ist
2156 489 2188 532 so
2205 490 2268 524 vie!

1270 542 1335 575 unb
1361 539 1392 582 so
1420 541 1515 585 longe
1537 545 1668 585 gemtem
1694 545 1807 582 trouu,
1835 541 1887 576 bis
1912 542 1973 576 bas
1997 544 2032 576 es
2057 544 2190 585 geraten
2218 540 2266 583 ist.

1270 591 1326 624 Sic
1340 591 1560 629 Alcibiades,
1589 592 1748 631 Cassius,
1776 592 1908 625 Brutus
1925 598 1959 624 et
1976 592 2034 624 alii
2063 591 2166 625 multi
2192 597 2266 623 ten-

1271 649 1393 676 tarunt
1410 643 1640 686 irregularia,
1668 645 1733 679 nub
1753 642 1789 686 ist
1808 642 1882 688 ineu
1902 642 1984 689 nicht
2000 647 2143 688 getaten.

1373 702 1432 736 Vs.
1454 703 1537 736 133.
1569 701 1708 750 Lueri.]
1729 702 1765 735 Id
1787 709 1856 741 est,
1879 714 1999 736 rerum
2017 703 2267 739 secundarum,

1271 753 1402 786 scilicet
1420 754 1540 800 aliquo
1559 755 1667 787 modo
1679 782 1687 795 ,
1714 758 1748 790 eg
1765 755 1824 790 fan
1840 751 1941 790 tinem
1957 752 2082 798 ftomen
2100 753 2166 789 mol
2186 753 2268 797 ηἱίβε

1271 809 1375 840 roten.

1376 864 1453 898 Vss.
1482 862 1618 899 135—
1638 865 1720 899 138.
1748 864 1864 899 Nemo
1888 863 2075 898 hominum
2105 863 2178 908 agit
2207 863 2269 896 ali-

1273 915 1356 960 quid
1371 943 1379 955 ,
1405 916 1517 949 sciens
1531 944 1539 957 ,
1568 929 1613 949 an
1631 923 1777 950 eventus
1800 917 1844 951 sit
1865 917 2004 950 futurus
2028 915 2188 960 placidus
2214 915 2268 947 vel

1273 967 1517 1007 turbulentus,
1546 968 1579 1000 id
1598 976 1666 1008 est,
1699 975 1845 1002 eventus
1868 980 1972 1012 saepe
1999 967 2102 1000 aliter
2125 967 2268 1005 cadunt,

1274 1030 1379 1062 quam
1400 1032 1462 1052 nos
1485 1020 1748 1059 existimamus,
1781 1032 1854 1053 non
1880 1030 2021 1063 semper
2043 1024 2189 1052 eventus
2214 1029 2269 1051 re—

1272 1071 1450 1111 spondent
1468 1071 1599 1104 nostris
1617 1071 1783 1105 consiliis.
1836 1071 1948 1114 Saepe
1964 1076 2095 1115 putans
2110 1082 2145 1104 se
2164 1068 2269 1102 alicui

1273 1120 1405 1153 malum
1424 1123 1538 1153 tacere
1552 1149 1560 1161 ,
1587 1123 1723 1155 bonum
1740 1122 1844 1162 facit,
1873 1128 1906 1155 et
1922 1119 2100 1168 econtra.]
2128 1120 2267 1154 Tamen

1273 1173 1424 1204 tenenda
1445 1179 1493 1205 est
1515 1173 1656 1217 regula,
1688 1179 1783 1206 recte
1807 1173 2009 1206 faciendum
2032 1184 2125 1212 esse,
2157 1178 2191 1204 et
2215 1177 2267 1203 ta-

1272 1235 1354 1255 men
1389 1225 1534 1256 tandem
1572 1231 1676 1257 erunt
1709 1224 1796 1257 boni
1833 1230 1867 1257 et
1894 1224 2075 1268 regulares
2109 1228 2269 1262 eventus,

1273 1273 1410 1307 etiamsi
1430 1275 1651 1319 aliquamdiu
1666 1283 1748 1309 sunt
1765 1275 1880 1319 asperi
1897 1282 1930 1308 et
1947 1275 2098 1308 adversi.
2152 1273 2268 1307 Econ-

1272 1330 1325 1357 tra
1350 1326 1436 1358 mali
1461 1324 1642 1360 habebunt
1667 1328 1811 1359 tandem
1835 1338 1916 1360 suas
1938 1338 2093 1370 poenas,
2128 1324 2268 1358 etiamsi

1243 1391 1246 1402 v
1272 1388 1408 1419 poenae
1428 1377 1648 1422 aliquamdiu
1665 1378 1892 1411 disseruntur.

1373 1435 1432 1469 Vs.
1454 1436 1537 1470 136.
1566 1437 1600 1476 ἐς
1617 1435 1716 1476 τέλος
1732 1435 1820 1483 εἴτ’]
1849 1435 1887 1468 Id
1911 1442 1981 1475 est,
2007 1447 2094 1468 num
2121 1441 2267 1468 eventus

1271 1486 1409 1519 futurus
1437 1487 1479 1520 sit
1506 1488 1684 1531 placidus,
1714 1488 1748 1521 id
1768 1494 1836 1528 est,
1862 1499 1934 1520 non
1960 1487 2079 1519 omnia
2101 1486 2267 1519 omnihus

1270 1543 1352 1570 sunt
1383 1539 1576 1582 possibilia.
1645 1539 1825 1572 Socrates:
1858 1539 2012 1583 Oportet
2038 1537 2166 1582 spebus
2192 1549 2266 1570 non

1269 1588 1416 1623 ulterius
1442 1590 1612 1629 transire,
1653 1603 1759 1636 quam
1786 1590 1936 1635 pedibus
1959 1602 2148 1634 possumus
2168 1601 2267 1622 scan-

1270 1641 1363 1673 dere.

1239 1661 1244 2004 1
1269 1692 1418 1725 ininuui.

1419 1641 1557 1674 Tamen
1577 1642 1710 1676 multae
1737 1648 1818 1676 sunt
1846 1642 1933 1675 tales
1956 1642 2075 1674 fatuae
2100 1653 2178 1685 spes
2202 1638 2266 1673 ho—

1370 1751 1446 1786 Vss.
1466 1751 1549 1786 141.
1576 1751 1658 1787 142.
1685 1752 1760 1787 Nos
1784 1750 1947 1786 homines
1963 1752 2075 1786 multa
2097 1764 2187 1785 vane
2209 1764 2267 1784 co-

1267 1802 1418 1845 gitamus
1436 1802 1524 1836 nihil
1541 1804 1707 1843 scientes,
1735 1803 1795 1837 Dii
1815 1804 1936 1837 omnia
1952 1803 2088 1837 faciunt
2102 1815 2165 1837 sua
2189 1815 2266 1838 sen-

1269 1852 1410 1901 tentia]
1437 1856 1508 1891 {Este
1526 1859 1560 1890 cg
1577 1855 1650 1900 juen
1671 1854 1779 1900 gefelt.

1370 1914 1446 1948 Vss.
1472 1914 1543 1948 143
1566 1929 1617 1960 sq.
1654 1916 1694 1948 X.
1736 1915 1789 1947 De
1822 1915 1899 1947 iure
1933 1911 2081 1958 hospitii
2116 1920 2150 1947 et
2183 1926 2265 1959 sup-

1268 1962 1410 2009 plieum.

1369 2016 1495 2049 Nullus
1528 2016 1734 2048 mortalium
1772 2028 1924 2061 usquam
1955 2013 2134 2060 hospitem
2171 2016 2264 2049 deci-

1266 2066 1365 2110 piens
1392 2065 1534 2114 latuit,]
1570 2067 1603 2100 id
1632 2073 1702 2105 est,
1737 2066 1832 2099 Deus
1854 2066 1958 2110 punit
1983 2079 2062 2106 eos,
2105 2062 2167 2112 qui
2189 2079 2262 2100 non

1265 2124 1408 2151 servant
1426 2118 1500 2150 iura
1520 2117 1665 2162 hospitii
1683 2124 1716 2151 et
1732 2117 1943 2162 supplicum.

1236 2195 1240 2230 ί
1316 2176 1423 2223 ΒΙῃδ)
1442 2176 1562 2216 ἱκέτας
1579 2175 1739 2218 ἀδικεῖν,
1768 2175 1883 2212 ἱκέται
1899 2174 2029 2223 ἱεροίτε
2045 2174 2108 2211 καὶ
2126 2173 2249 2224 ἁγνοί.

1264 2235 1301 2269 Id
1322 2244 1394 2274 est,
1422 2250 1495 2269 non
1525 2238 1656 2271 afficias
1683 2237 1811 2270 iniuria
1839 2237 2033 2281 supplices,
2069 2236 2152 2282 quia
2177 2245 2259 2270 sunt

1263 2288 1374 2321 sancti
1392 2294 1425 2320 et
1442 2288 1539 2322 casti.
1593 2288 1747 2332 Supplex
1763 2287 1858 2333 beist,
1885 2290 1939 2324 bet
1955 2287 2012 2333 std)
2029 2288 2063 2323 ἰη
2080 2289 2165 2333 gaab
2191 2291 2257 2324 nub

1262 2340 1393 2384 unssnab
1411 2340 1525 2385 etgibt.
1579 2339 1627 2372 Ut
1652 2352 1730 2372 cum
1755 2340 1874 2385 aliqua
1898 2340 2021 2372 civitas
2046 2340 2085 2372 fit
2107 2340 2256 2384 supplex

1234 2426 1236 2442 Δ
1262 2390 1491 2434 imperatori,
1526 2390 1720 2435 imperator
1746 2392 1850 2425 debet
1870 2391 1902 2424 ei
1925 2401 2089 2435 parcere,
2122 2390 2181 2424 ille
2204 2397 2254 2424 te—

1262 2448 1366 2474 netur
1388 2441 1550 2485 mitigare
1577 2455 1743 2486 poenam.
1801 2442 1974 2481 Econtra‚
2009 2441 2050 2486 sie
2072 2440 2154 2485 scien
2175 2442 2252 2488 aud)

1260 2492 1396 2538 febutbig
1412 2493 1479 2528 eine
1504 2492 1608 2537 sitaffe
1631 2504 1668 2538 6²¹
1693 2494 1806 2529 [eiben.
1868 2493 1928 2526 Est
1950 2492 2068 2536 imago
2094 2492 2156 2525 filii
2171 2492 2250 2528 Dei.

1232 2563 1234 2587 ,¹
1259 2544 1369 2577 Filius
1387 2543 1450 2576 Dei
1479 2551 1525 2578 est
1552 2557 1617 2589 pro
1642 2545 1744 2579 nobis
1769 2543 1903 2590 ἱκέτης,
1932 2544 2079 2588 supplex
2101 2550 2246 2578 aeterno
2277 2562 2278 2570 κ

1230 2679 1234 2706 ⁸·
1291 2688 1337 2718 75)
1358 2688 1440 2711 lulius
1462 2688 1575 2712 (¹aesar.
