2341 2973
159 88 234 126 263

160 177 246 209 bent
265 173 379 219 poetis
396 174 556 207 laborem
575 180 724 219 propter
738 173 872 209 Iovem.
925 174 1031 219 Apud
1049 172 1157 207 Aeto-

161 228 216 261 los
232 226 269 259 in
286 225 465 260 sacrificiis
478 225 654 266 Oenidae,
677 224 812 261 Thebis
829 237 938 272 eques
955 224 1074 259 Iolaus
1091 223 1158 258 ho-

160 289 288 311 norem
305 275 431 318 habet,
459 277 610 312 Perseus
631 277 668 310 in
685 276 804 322 Argo,
833 277 960 311 Castor
975 283 1009 310 et
1028 277 1158 311 Pollux

161 330 206 362 ad
232 328 426 367 Eurotam;
469 331 547 372 (Ep.
563 330 615 371 2.)
639 330 699 362 sed
726 329 762 362 in
785 328 921 373 Aegina
950 328 1015 362 filii
1036 328 1158 369 Aeaci,

161 379 224 426 qui
255 379 309 414 bis
339 380 466 414 urbem
496 380 647 414 Troiam
685 387 959 426 expugnarunt,
998 380 1157 425 primum

161 431 323 464 comitati
352 431 563 472 Herculem,
598 438 721 476 postea
757 432 913 466 Atridas.
975 431 1009 466 O
1040 432 1159 472 Musa,

161 494 258 516 nunc
284 494 352 527 ago
374 495 498 517 currus
523 495 588 527 per
611 484 738 527 planos
764 495 927 529 campos3
969 483 1045 524 dic,
1079 483 1159 529 quis

163 533 348 578 Cygnum,
378 534 457 580 quis
472 534 662 567 Hectorem
681 535 871 576 occiderit,
899 534 979 581 quis
993 535 1159 568 Memno-

160 597 265 626 nem,
309 586 435 619 ducem
461 583 679 630 Aethiopum
711 587 905 627 audacem,
948 586 1027 632 quis
1056 586 1159 620 Tele-

161 634 274 681 phum
311 636 554 670 vulneraverit
588 649 651 671 sua
686 635 808 678 hasta,
849 638 888 671 in
932 638 1011 683 ripa
1051 637 1160 672 Caici.

163 690 253 728 (Str.
273 687 325 731 3.)
352 686 406 720 Illi
430 688 612 728 videlicet,
642 689 704 735 qui
728 689 883 734 patriam
904 688 1039 723 habent
1056 688 1160 734 Aegi—

161 750 260 773 nam.
319 738 447 773 Turris
472 739 543 773 iam
569 740 655 773 olim
679 741 727 775 eis
754 747 912 776 extructa
938 748 1008 781 est,
1051 753 1159 787 quam

164 790 244 824 altis
261 789 454 825 virtutibus
475 793 683 827 ascendunt.
737 793 855 827 Habet
879 799 914 827 et
933 793 1055 837 lingua
1080 804 1159 826 mea

163 842 295 876 multas
325 842 492 887 sagittas,
527 855 656 877 sonare
685 845 776 878 circa
807 845 865 878 illa
895 851 1056 889 tropaea.
1116 843 1162 877 Et

161 905 259 928 nunc
297 892 335 926 in
365 894 460 928 bello
497 895 743 929 testimonium
788 903 839 930 est
882 896 1023 930 virtutis
1057 895 1162 940 Aegi-

162 952 360 986 netarum,
406 945 525 981 Aiacis
565 947 689 981 civitas
727 947 909 989 Salamis,
963 948 1107 981 defensa
1141 959 1160 980 a

164 997 285 1032 nautis
312 999 411 1040 (Ant.
430 998 482 1041 3.)
508 998 545 1031 in
571 998 705 1032 exitiali
728 999 842 1033 imbre
860 1006 894 1033 et
910 999 1085 1044 grandine
1109 998 1162 1031 in-

164 1049 445 1084 numerabilium
464 1049 637 1084 virorum.
690 1050 759 1083 Sed
784 1051 1034 1095 gloriationem
1058 1050 1163 1084 silen-

166 1102 218 1135 tio
243 1101 417 1145 mergito;
445 1099 534 1135 haec
560 1108 594 1135 et
616 1101 676 1134 illa
696 1102 823 1136 tribuit
845 1101 998 1147 Iupiter,
1028 1101 1163 1146 Iupiter

166 1153 328 1186 omnium
354 1153 534 1188 dominus.
588 1153 770 1186 Victoriae
799 1161 942 1194 amant,
977 1160 1018 1186 ut
1044 1153 1164 1192 mella,

166 1204 369 1238 victoriales
387 1202 553 1249 hymnos.
607 1205 748 1249 Pugnet
773 1212 806 1238 et
831 1205 920 1239 alius
947 1211 1090 1239 strenue
1114 1205 1164 1237 la-

166 1257 323 1297 borans,
365 1258 444 1299 (Ep.
462 1256 515 1302 3.)
538 1262 577 1290 ut
595 1256 802 1297 Cleonicus,
834 1257 971 1291 discens
993 1269 1103 1302 genus
1127 1256 1163 1288 in

167 1307 436 1342 certaminibus.
509 1307 593 1342 Non
628 1308 847 1353 extinguitur
881 1321 1032 1353 magnus
1062 1309 1165 1341 labor

166 1359 351 1399 virorum,
377 1370 492 1404 neque
518 1360 692 1393 memoria
716 1367 924 1404 sumptuum
946 1361 1063 1393 bonae
1090 1358 1165 1403 spei

169 1410 265 1444 acuit
283 1422 418 1444 curam.
472 1409 598 1444 Laudo
623 1418 657 1444 et
671 1409 831 1457 Pythea,
864 1412 958 1445 inter
976 1411 1166 1446 instructo-

169 1474 224 1496 res
250 1461 421 1495 idoneum
456 1474 579 1506 regere
608 1463 716 1503 ictus,
759 1463 924 1497 manibus
951 1470 984 1496 et
1016 1461 1166 1496 consilio

167 1513 383 1557 pollentem;
411 1511 642 1558 apprehende
666 1514 703 1547 in
730 1527 924 1555 coronam,
952 1522 986 1548 et
1002 1515 1165 1548 villosam

172 1565 316 1597 mitram
330 1591 339 1605 ‚
367 1571 400 1598 et
416 1565 518 1598 mitte
538 1572 718 1599 recentem
737 1563 926 1611 hymnum.

570 1657 661 1698 Ode
698 1657 777 1698 VI.

225 1732 510 1776 Phylacidae,
539 1734 749 1776 Pythone,
780 1732 1115 1775 Euthymem‘ffl).

267 1810 355 1849 (Str.
381 1809 429 1849 1.)
465 1808 669 1843 Secundum
698 1809 840 1843 calicem
868 1809 1088 1849 carminum,
1133 1815 1171 1842 ut

172 1858 209 1890 in
233 1859 421 1900 convivio,
449 1860 638 1904 ponimus,
672 1873 738 1905 pro
766 1862 846 1896 filiis
870 1860 1080 1906 Lamponis.
1130 1859 1170 1893 In

172 1909 317 1946 Nemeis
351 1911 446 1944 enim
480 1912 640 1956 primum
676 1912 820 1946 calicem
853 1913 938 1954 tibi,
978 1926 998 1946 0
1023 1911 1170 1957 Iupiter,

174 1963 382 2005 posuimus,
417 1970 561 2008 accepto
591 1964 680 1997 flore
709 1964 882 1999 coronali.
949 1964 1054 1999 Nunc
1085 1964 1170 1997 alte-

173 2024 255 2047 rum
277 2014 314 2046 in
343 2012 476 2047 Isthmo
508 2015 573 2049 tibi
609 2016 800 2060 Neptuno,
840 2022 872 2049 et
908 2014 1169 2062 quinquaginta

175 2064 410 2107 Nereidibus,
446 2078 523 2099 cum
555 2067 640 2100 vicit
671 2067 792 2101 iunior
814 2065 1038 2112 Phylacides.
1092 2067 1170 2100 Uti-

176 2127 262 2149 nam
291 2123 323 2150 et
352 2117 495 2150 tertium
523 2118 667 2151 calicem
692 2117 768 2152 Iovi
794 2118 979 2152 Servatori
1001 2118 1107 2151 liceat
1131 2117 1170 2150 in

175 2167 313 2212 Aegina
340 2167 451 2201 libare
470 2167 513 2210 13)
542 2182 619 2203 cum
645 2170 875 2204 carminibus.
935 2172 1034 2213 (Ant.
1055 2168 1104 2216 1.)
1132 2168 1168 2203 Si

177 2220 257 2264 quis
281 2226 427 2263 sumptu
449 2226 481 2251 et
504 2220 625 2254 labore
650 2222 821 2262 laetatus,
857 2220 997 2255 divinas
1020 2220 1170 2254 virtutes

176 2270 336 2313 perficit,
371 2277 402 2303 et
429 2270 459 2303 ei
483 2270 581 2305 Deus
605 2273 795 2307 amabilem
822 2272 973 2317 gloriam
1000 2272 1106 2312 serit,
1142 2272 1170 2306 is

210 2403 257 2435 12)
283 2403 329 2428 Sic
353 2405 421 2429 haec
454 2405 511 2429 Ode
537 2405 563 2429 in
588 2405 671 2429 Editt.
688 2406 779 2437 1558„
804 2408 877 2431 1563.
897 2406 1031 2437 inscripta
1050 2409 1108 2439 est3
1142 2408 1170 2431 in

243 2438 321 2462 Pind.
341 2439 425 2463 Editt.
446 2440 576 2463 Francof.
596 2439 687 2471 1542„
715 2441 905 2471 nasi1.1556.;
932 2443 965 2466 Η.
984 2442 1076 2471 steph.
1094 2442 1169 2467 1566.

245 2475 273 2496 et
292 2473 319 2496 in
333 2474 434 2504 ueynii
456 2474 570 2504 interpr.
590 2474 673 2498 tertio
691 2475 793 2499 nomini
813 2476 922 2500 additur
940 2472 1054 2509 μάτρῳ,
1073 2483 1169 2501 avun-

245 2508 329 2534 culo:
353 2510 381 2531 at
401 2508 427 2531 in
447 2508 529 2534 Editt.
549 2509 684 2538 nocetur,
704 2510 807 2539 Bergk.
826 2510 928 2540 legitur
948 2511 1048 2534 haecce
1066 2510 1169 2534 inscri-

247 2541 318 2570 ptio:
339 2541 483 2574 ψυλιικίδᾳ
497 2541 632 2575 ,Αἰγινήτῃ
651 2544 824 2576 παγκρατίῳ,
844 2545 1020 2573 Phylacidae
1046 2546 1169 2576 Aeyine-

243 2576 293 2599 tae
304 2578 468 2606 pancratio.
509 2579 585 2602 llaec
603 2578 661 2602 Ode
675 2578 722 2601 Vl.
742 2578 768 2601 in
787 2578 829 2601 his
848 2579 954 2603 duabus
968 2578 1051 2603 mitt.
1070 2580 1168 2611 signa-

244 2610 305 2633 tur:
334 2610 393 2635 Ode
405 2611 441 2635 V.

209 2658 386 2720 13¹).blai¹p'are]
405 2660 454 2695 {sic
477 2663 527 2690 Ed.
546 2663 621 2689 1563.
651 2665 679 2689 et
702 2663 832 2689 Boeckhti
857 2664 988 2697 interlin:
1023 2667 1072 2692 1⁴:11.
1093 2667 1166 2692 1558.

257 2702 263 2720 1
317 2703 332 2719 ι,

747 86 872 123 PHIL.
909 86 1023 123 MEL.
1054 85 1258 122 SCRIPTA
1292 83 1633 125 PHILOLOGICA.

2137 93 2213 130 264

1213 185 1385 208 ancoram
1408 173 1490 207 iecit
1515 175 1561 208 ad
1584 185 1763 209 summam
1789 174 2071 218 beatitudinem,
2097 190 2117 212 a
2132 177 2212 212 Deo

1211 223 1351 259 honore
1375 225 1543 261 donatus.
1588 226 1814 272 ,Hoslmores
1834 226 1967 261 babens
1993 234 2094 272 optat
2111 230 2214 264 Cleo-

1211 276 1282 310 nici
1300 277 1413 318 filius,
1441 283 1619 311 senectam
1637 284 1671 311 et
1688 284 1856 312 mortem.
1907 277 1984 322 Ego
2005 286 2124 314 autem
2145 293 2210 315 oro

1211 328 1357 369 Parcas,
1381 335 1421 362 ut
1435 335 1519 362 vota
1537 326 1637 362 chari
1653 327 1811 364 hominis
1829 335 2037 375 sequantur.
2066 332 2211 377 (Ep.1.)

1211 378 1285 413 Iam
1298 406 1308 421 ,
1337 392 1357 413 0
1375 378 1542 421 Aeacide,
1570 379 1663 422 dico,
1690 379 1782 414 mihi
1798 380 1852 415 ius
1871 380 2108 416 clarissimum
2125 395 2212 424 esse,

1213 431 1395 465 accedenti
1417 431 1455 464 in
1468 429 1562 465 hanc
1576 431 1730 466 insulam
1743 459 1753 473 ,
1781 433 1994 477 adspergere
2011 445 2074 468 vos
2094 435 2211 469 laude.

1213 482 1304 516 Sunt
1326 489 1447 516 autem
1471 483 1606 516 multae
1638 489 1673 516 et
1696 484 1836 528 amplae
1861 483 1941 517 viae
1957 483 2131 519 laudandi
2148 484 2212 519 ho-

1213 540 1313 568 nesta
1337 534 1430 568 facta
1461 535 1555 568 ultra
1578 533 1724 575 Nilum,
1766 541 1800 568 et
1826 535 1919 568 ultra
1945 535 2213 580 Hyperboreos.

1213 585 1287 620 Nec
1310 585 1383 619 ulla
1408 592 1460 620 est
1483 592 1556 619 tam
1578 585 1766 619 barbarica
1794 585 1939 627 civitas,
1968 593 2031 620 aut
2055 588 2212 633 peregri-

1213 648 1281 670 nae
1317 637 1488 682 linguae,
1532 649 1624 683 quae
1654 649 1729 670 non
1762 637 1917 670 audierit
1950 637 2050 672 Pelei
2079 640 2214 680 laudes,

1215 690 1305 731 (Str.
1322 691 1374 730 2.)
1404 700 1520 734 neque
1542 700 1634 734 quae
1651 687 1769 722 Aiacis
1789 694 1851 721 aut
1868 688 1981 732 patris
1998 689 2122 726 laudes
2138 703 2214 725 non

1215 739 1390 779 audierit,
1417 752 1523 786 quem
1545 739 1715 774 Hercules
1737 752 1816 773 cum
1840 738 1981 784 Argivis
2003 741 2049 774 ad
2063 742 2215 776 Troiam

1215 791 1316 825 duxit
1330 791 1465 826 socium
1483 798 1631 837 propter
1648 791 1908 825 Laomedontis
1927 791 2108 828 delictum.
2149 792 2214 827 Ce-

1216 843 1268 887 pit
1292 849 1411 876 autem
1430 843 1628 888 Pergama,
1663 850 1698 876 et
1722 843 1852 876 occidit
1878 842 2036 877 Coorum
2061 851 2215 890 gentem,

1217 901 1251 928 et
1271 895 1465 929 bubulcum
1487 895 1605 928 monti
1638 895 1825 940 aequalem
1849 894 2055 940 Alcyonea‚
2090 897 2216 931 inven-

1216 952 1293 979 tum
1311 946 1349 979 in
1365 944 1547 991 Phlegris;
1575 958 1639 979 nec
1656 947 1816 991 pepercit
1832 946 1932 980 arcui
1945 958 2023 982 sun.
2047 950 2146 991 (Ant.
2162 950 2214 990 2.)

1216 996 1358 1031 Vocans
1376 1004 1495 1031 autem
1513 997 1749 1031 Telamonem
1767 999 1813 1031 ad
1830 997 2089 1042 navigandum,
2113 1011 2217 1045 prae-

1219 1048 1363 1083 conium
1388 1049 1474 1082 facit
1500 1049 1667 1083 omnibus
1691 1049 1976 1084 convivantibus.
2029 1049 2131 1084 Iubet
2156 1063 2217 1084 au-

1218 1106 1289 1133 tem
1305 1099 1482 1133 Telamon
1500 1100 1709 1140 Herculem,
1735 1106 1888 1134 stantem
1915 1100 1954 1133 in
1972 1101 2064 1145 pelle
2090 1101 2219 1142 leonis,

1218 1151 1375 1196 incipere
1397 1151 1608 1185 libationem
1630 1151 1786 1185 nectaris
1801 1178 1810 1191 ,
1836 1157 1870 1184 et
1886 1151 2036 1186 tradidit
2054 1153 2085 1186 ei
2106 1165 2216 1197 pocu-

1219 1203 1293 1236 lum
1310 1214 1472 1237 aureum.
1527 1202 1698 1237 Hercules
1717 1208 1835 1236 autem
1852 1203 2004 1237 tendens
2020 1215 2149 1238 manus
2164 1203 2218 1237 in-

1219 1253 1330 1288 victas
1353 1255 1400 1288 ad
1421 1254 1578 1295 coelum,
1607 1254 1697 1288 dixit
1712 1251 1801 1287 haec
1822 1254 1950 1287 verba:
1989 1254 2028 1288 Si
2044 1267 2218 1301 unquam,

1219 1304 1372 1350 Iupiter,
1407 1318 1505 1339 meas
1529 1318 1652 1350 preces
1667 1305 1821 1338 libenter
1839 1305 2027 1346 audivisti,
2068 1309 2147 1349 (Ep.
2163 1306 2218 1352 2,)

1220 1368 1316 1390 nunc
1344 1357 1410 1389 tibi
1444 1357 1606 1401 supplico
1644 1356 1753 1390 sacris
1788 1355 1973 1400 precibus,
2013 1362 2054 1389 ut
2087 1358 2218 1390 fortem

1220 1408 1333 1442 filium
1357 1409 1417 1442 des
1439 1406 1523 1441 huic
1548 1407 1759 1445 Telamoni;
1795 1406 1864 1450 ipsi
1888 1418 1974 1440 vero
1997 1407 2154 1450 tribuas,
2178 1414 2219 1442 ut

1220 1459 1369 1492 feliciter
1384 1460 1490 1492 fatale
1507 1465 1647 1503 tempus
1669 1458 1849 1503 perficiat,
1878 1464 1912 1491 et
1928 1457 1974 1492 sit
1997 1458 2030 1492 ei
2042 1459 2218 1493 fortitudo

1222 1511 1375 1550 invicta,
1417 1517 1452 1543 et
1476 1510 1667 1544 comitetur
1697 1515 1731 1542 et
1755 1515 1901 1542 maneat
1925 1509 2087 1552 animus,
2128 1510 2220 1545 sicut

1223 1561 1294 1602 illi,
1320 1573 1428 1607 quem
1445 1561 1643 1595 circumdat
1658 1559 1745 1594 haec
1761 1560 1863 1605 pellis
1885 1560 2018 1602 leonis,
2047 1574 2153 1607 quern
2181 1562 2220 1595 in

1223 1613 1342 1657 primo
1372 1613 1566 1646 certamine
1595 1613 1633 1645 in
1657 1611 1793 1647 Nemea
1824 1611 1948 1646 occidi.
2016 1612 2114 1647 Haec
2138 1625 2219 1647 cum

1224 1664 1387 1704 dixisset,
1413 1663 1510 1698 misit
1534 1664 1565 1696 ei
1580 1663 1715 1708 Iupiter
1737 1662 1895 1708 aquilam
1910 1688 1919 1703 ,
1944 1663 2070 1697 ducem
2086 1663 2221 1700 avium.

1224 1715 1346 1760 Quare
1367 1715 1450 1759 [ipse
1476 1715 1579 1748 valde
1602 1715 1754 1748 laetatus
1778 1720 1850 1755 est,
1885 1716 1975 1757 (Str.
1991 1715 2043 1758 3.)
2069 1722 2104 1749 et
2130 1715 2220 1749 dixit

1224 1766 1394 1800 Hercules
1418 1772 1457 1799 ut
1480 1772 1595 1800 vates:
1637 1765 1717 1799 Erit
1743 1765 1809 1799 tibi
1830 1765 1943 1806 filius,
1977 1779 2084 1812 quem
2116 1767 2221 1812 petis,

1225 1823 1257 1850 et
1276 1829 1358 1851 eum
1376 1829 1395 1850 a
1414 1824 1603 1862 conspecta
1623 1829 1688 1851 ave
1708 1817 1899 1851 nominato
1914 1818 2044 1851 fortem
2060 1818 2221 1859 Aiacem,

1225 1868 1421 1902 terribilem
1439 1868 1476 1901 in
1497 1868 1654 1913 proeliis.
1703 1868 1760 1901 Sic
1775 1869 1888 1909 fatus,
1915 1868 2086 1903 consedit.
2127 1867 2221 1903 Mihi

1225 1932 1310 1953 vero
1335 1921 1484 1964 longum
1513 1926 1621 1960 esset,
1657 1931 1782 1953 omnes
1808 1919 1959 1953 virtutes
1986 1917 2117 1954 horum
2137 1932 2220 1954 nar-

1224 1983 1317 2006 rare.
1369 1971 1462 2004 Veni
1486 1971 1601 2011 enim,
1639 1982 1660 2003 o
1679 1970 1804 2010 Musa,
1831 1976 1871 2003 ut
1894 1970 2120 2015 dispensator
2144 1972 2220 2006 lau-

1225 2024 1311 2057 dum
1325 2020 1543 2067 Phylacidae
1568 2028 1602 2055 et
1617 2019 1777 2065 Pytheae
1806 2027 1839 2054 et
1854 2019 2104 2067 Euthymenis.
2156 2023 2222 2057 Di-

1225 2080 1324 2107 cetur
1338 2080 1457 2107 autem
1474 2071 1693 2112 brevissime,
1717 2072 1886 2116 Argolico
1903 2085 2016 2108 more.
2058 2075 2156 2117 (Ant.
2167 2075 2219 2117 3.)

1223 2125 1400 2158 Tulerunt
1438 2125 1532 2158 enim
1561 2123 1729 2157 victorias
1760 2136 1801 2157 ex
1831 2125 2041 2168 pancratio,
2083 2132 2154 2160 tres
2179 2126 2217 2160 in

1226 2174 1381 2217 Isthmo,
1416 2182 1451 2209 et
1482 2175 1569 2209 alias
1603 2174 1640 2207 in
1669 2174 1831 2216 Nemeis‚
1866 2176 1929 2209 filii
1965 2183 2001 2210 et
2036 2177 2217 2212 avunculi.

1225 2227 1377 2272 Qualem
1409 2238 1495 2260 vero
1523 2233 1655 2261 sortem
1685 2224 1905 2272 hymnorum
1929 2228 2152 2263 reduxerunt
2179 2229 2218 2262 in

1224 2277 1365 2312 lucem?
1400 2277 1444 2311 Et
1462 2278 1581 2322 rigant
1598 2278 1774 2312 familiam
1791 2276 2109 2324 Psalychiadarum
2134 2292 2217 2313 rore

1225 2329 1455 2369 Gratiarum,
1483 2335 1517 2362 et
1543 2336 1704 2373 regentes
1731 2331 1879 2364 domum
1900 2328 2091 2365 Themistii
2115 2328 2218 2365 habi-

1224 2387 1303 2414 tant
1323 2380 1510 2424 Aeginam.
1580 2379 1747 2427 Lampon
1774 2394 1859 2415 vero
1884 2381 2044 2416 tribuens
2068 2381 2217 2427 diligen-

1224 2431 1311 2465 tIam
1341 2432 1441 2465 omni
1471 2432 1635 2477 negotio,
1675 2433 1830 2467 maxime
1856 2439 2049 2467 veneratur
2080 2433 2215 2467 dictum

1224 2483 1384 2524 Hesiodi,
1409 2490 1442 2517 et
1459 2483 1538 2518 filiis
1553 2491 1689 2525 narrat,
1717 2484 1797 2532 (Ep.
1815 2484 1868 2531 3.)
1887 2496 2019 2518 ornans
2038 2484 2214 2529 patriam:

1223 2541 1257 2567 et
1289 2533 1416 2568 charus
1446 2533 1666 2580 hospitibus,
1705 2535 1987 2569 mediocritatem
2017 2541 2135 2570 mente
2163 2548 2215 2571 se-

1223 2591 1340 2627 ctans,
1384 2593 1417 2620 et
1449 2587 1733 2621 mediocritatem
1768 2587 1945 2626 retinens,
1992 2599 2058 2621 nec
2091 2587 2213 2632 lingua

1222 2643 1321 2670 extra
1336 2644 1492 2671 mentem
1512 2645 1674 2683 vagatur.
1728 2638 1868 2672 Dixeris
1885 2650 1966 2672 cum
1984 2639 2078 2672 inter
2102 2636 2213 2672 athle-

1221 2694 1275 2723 tas
1299 2701 1390 2731 esse,
1422 2695 1462 2724 ut
1493 2690 1586 2724 inter
1609 2690 1744 2734 lapides
1774 2696 1887 2724 cotem
1911 2689 2076 2726 Naxiam.
2143 2689 2214 2723 Po-
