2341 2973
153 129 229 166 247
737 124 858 160 PHlL.

157 227 237 260 gere
273 213 449 257 sagittam.
520 211 579 245 Tu
616 223 700 244 vero
732 212 855 251 Musa,
899 216 1070 255 tanquam
1108 209 1151 242 ab

158 279 243 300 arcu
262 265 406 298 mittens
423 262 588 307 sagittam
603 289 612 303 ‚
646 264 714 296 duc
729 269 874 296 ventum
894 262 1089 295 secundum
1109 262 1153 293 ad

160 318 278 352 istum.
333 314 431 361 (Ant.
449 315 503 360 2.)
532 314 624 349 Nam
644 320 771 359 poetae
800 320 834 347 et
858 314 1066 358 eloquentes
1085 319 1155 345 tra-

160 370 249 403 dunt
267 367 406 411 egregia
425 367 516 399 facta
534 378 658 399 eorum
671 392 680 405 ‚
709 366 771 411 qui
788 366 944 398 fuerunt.
997 363 1156 398 Bassidis

161 432 234 454 non
253 420 349 453 deest
367 418 582 451 celebratum
600 429 730 461 genus,
767 416 823 449 cui
852 415 998 460 proprie
1023 413 1157 448 vehant

164 470 326 505 encomia
344 469 527 504 Pieridum
547 469 718 507 cultores,
746 480 786 501 ac
811 473 960 512 possunt
986 468 1157 511 praebere

164 522 322 557 carmina
359 522 401 554 de
435 520 599 565 gloriosis
632 519 744 553 factis.
814 519 905 554 Nam
932 519 968 551 in
994 519 1158 551 miranda

164 572 331 620 Pythone
350 572 448 616 pugil
463 572 547 604 vicit
565 570 716 611 Callias,
744 577 876 605 cestum
896 577 1020 604 tenens
1037 570 1159 613 alliga·
1185 591 1186 595 =

167 633 241 659 tum
263 625 427 657 manibus
445 636 485 656 ex
509 635 548 656 ea
573 623 729 662 familia,
768 621 847 667 (Ep.
864 623 917 669 2.)
947 634 1078 656 canens
1093 620 1160 654 La-

168 684 274 710 tonae
291 675 406 720 gnatis
424 676 468 708 ad
480 674 674 708 Castalium
694 675 830 707 fontem
848 673 988 718 vesperi
1003 673 1041 706 in
1058 678 1161 706 coetu
1187 676 1188 679 ’

168 728 396 765 Gratianum
431 733 465 760 et
489 726 586 760 fulsit
609 724 763 760 Isthmus
786 726 822 758 in
846 725 1026 758 trieterico
1055 723 1161 758 sacri-

168 780 248 815 ficio
264 778 479 818 vicinorum,
507 784 541 811 et
555 776 750 811 honoravit
761 776 910 810 Calliam
929 788 992 821 per
1003 774 1161 820 Neptuni
1187 782 1189 820 ἰ

168 832 365 877 templum,
392 837 427 864 et
442 828 552 863 herba
572 829 685 863 leonis
709 841 789 863 eum
813 828 986 861 victorem
1011 837 1162 860 corona·
1187 832 1188 838 ¹

999 879 1092 925 (Str.
1109 878 1162 924 3.)
1188 922 1190 934 ‚

169 885 222 918 vit
256 884 320 918 sub
352 882 500 916 vetustis
525 881 706 915 montibus
731 879 922 914 Phliuntis.

170 936 261 971 Sunt
290 941 409 969 autem
442 934 536 967 latae
568 933 646 965 viae
679 933 824 966 laudum
859 931 1036 975 Aeginae,
1079 929 1161 975 quia

170 987 346 1022 Aeacidae
366 998 534 1029 magnum
553 986 658 1018 decus
676 984 707 1017 ei
728 984 944 1016 addiderunt
970 980 1163 1027 praeclaris

170 1039 282 1072 factis.
316 1037 453 1070 Volitat
474 1049 536 1081 per
555 1043 685 1069 terram
705 1041 737 1067 et
756 1047 856 1067 mare
875 1046 1008 1066 nomen
1025 1045 1163 1071 eorum,

171 1097 206 1124 et
230 1089 395 1134 prosiluit
420 1100 530 1133 usque
556 1088 598 1120 ad
616 1084 834 1130 Aethiopas,
870 1092 1060 1130 postquam
1090 1095 1163 1115 non

173 1148 224 1176 est
240 1153 401 1174 reversus
419 1139 610 1178 Memnon,
640 1138 768 1184 quibus
788 1137 911 1170 incidit
928 1148 1034 1181 grave
1053 1141 1163 1168 certa-

170 1205 272 1231 men,
301 1205 378 1225 cum
392 1189 546 1225 Achilles
563 1191 779 1224 descendens
797 1202 837 1222 ex
857 1200 976 1228 curru,
998 1187 1099 1234 (Ani.
1111 1186 1163 1232 3)

171 1245 332 1278 Aurorae
351 1243 462 1276 filium
483 1242 658 1275 interfecit
683 1239 782 1274 hasta
810 1240 973 1273 terribili.
1034 1240 1082 1273 At
1106 1250 1164 1270 ve-

172 1303 263 1330 teres
281 1293 372 1328 hanc
393 1295 500 1327 latam
526 1293 621 1325 viam
649 1292 899 1336 ingrediuntur
926 1291 962 1323 in
987 1290 1164 1323 laudatio-

171 1348 297 1386 nibus,
327 1358 434 1391 quam
463 1351 495 1378 et
519 1356 582 1389 ego
607 1344 644 1376 in
669 1342 735 1376 hac
761 1342 993 1376 meditatione
1022 1352 1164 1386 sequor.

172 1399 344 1432 Praesens
373 1408 456 1430 cura
482 1395 638 1429 maxime
664 1395 842 1428 excruciat
867 1394 1041 1426 animum.
1096 1392 1163 1425 Sed

172 1450 315 1489 fluctus,
341 1448 403 1494 qui
419 1447 576 1481 volvitur
594 1448 638 1480 ad
656 1447 757 1480 navis
782 1448 909 1490 pedem
923 1472 932 1485 ,
959 1451 999 1478 ut
1023 1443 1166 1482 dicitur,

173 1501 328 1535 maxime
343 1500 463 1533 turbat
479 1498 653 1533 animum.
707 1497 783 1541 Ego
813 1503 932 1530 autem
959 1494 1165 1529 voluntario

173 1554 280 1586 dorso
307 1551 449 1585 subiens
476 1550 657 1595 geminum
687 1562 796 1589 onus,
833 1549 914 1581 veni
939 1559 1089 1593 praece,
1132 1552 1167 1578 et

174 1603 242 1638 hoc
260 1603 426 1649 quintum
442 1603 547 1636 decus
565 1614 672 1646 supra
693 1601 820 1644 viginti
850 1600 930 1645 (Ep.
948 1599 1000 1645 5.)
1027 1610 1069 1631 ex
1093 1609 1166 1630 cer-

174 1654 369 1689 taminibus
393 1666 524 1693 narro,
568 1665 658 1698 quae
684 1652 876 1684 nominant
905 1662 1025 1689 sacra,
1069 1650 1164 1693 quod

174 1706 368 1740 Alcimidas
383 1705 483 1738 addit
499 1704 632 1749 inclyto
649 1703 783 1747 generi.
838 1702 922 1736 Sors
939 1708 1056 1735 autem
1079 1702 1166 1733 dua-

175 1759 238 1791 bus
255 1756 398 1790 coronis
415 1756 612 1801 Olympicis
634 1756 729 1799 apud
746 1753 840 1788 Iovis
862 1754 979 1787 lucum
1006 1764 1071 1785 nos
1094 1751 1167 1796 pri-

174 1809 287 1846 vavit;
336 1808 518 1841 Melesiam
556 1819 640 1840 vero
675 1806 827 1841 similem
865 1803 1036 1850 delphino
1073 1803 1166 1843 dico,

173 1861 262 1894 saltu
280 1867 313 1894 et
326 1872 499 1893 manuum
515 1859 648 1892 robore
666 1857 903 1902 aurigantem.

564 1960 655 2001 Ode
677 1959 775 2000 VII.

448 2038 608 2081 Soyeni
641 2034 891 2080 Aeqinetaess).

278 2110 368 2156 (Str.
389 2110 439 2155 1.)
467 2110 561 2143 Audi
585 2109 740 2148 Lucina,
776 2108 938 2142 ministra
955 2107 1166 2147 Parcarum,

172 2161 319 2195 Iunonis
337 2161 426 2201 filia,
455 2161 607 2204 genitrix
623 2173 836 2205 puerorum:
872 2159 948 2193 sine
971 2165 1005 2192 te
1029 2171 1093 2192 nee
1113 2159 1167 2192 lu-

173 2226 270 2253 cem,
297 2225 361 2246 nec
385 2219 546 2251 noctem,
574 2225 637 2245 nee
656 2212 780 2245 Heben
804 2217 902 2245 tuam
929 2222 1089 2244 sororem
1114 2209 1166 2242 vi-

173 2266 307 2299 demus.
359 2264 442 2298 Non
467 2276 590 2297 omnes
614 2263 721 2297 simili
741 2264 849 2295 modo
868 2262 1038 2295 vivimus:
1067 2261 1165 2294 aliud

173 2316 293 2359 iugum
321 2316 410 2349 alios
440 2321 581 2359 separat
607 2328 624 2347 a
648 2314 879 2347 beatitudine.
948 2313 1016 2347 Sed
1048 2320 1163 2347 tecum

172 2367 263 2400 filius
279 2365 513 2406 Thearionis,
542 2366 671 2398 virtute
696 2366 886 2405 excellens,
914 2365 1090 2408 gloriosus
1108 2376 1164 2397 ca-

172 2419 270 2451 nitur
289 2418 382 2452 inter
399 2418 562 2452 victores.
623 2416 724 2461 (Ant.
746 2417 793 2461 1.)
822 2417 969 2449 Habitat
985 2417 1080 2449 enim
1105 2428 1163 2449 ur-

172 2470 252 2502 bem
273 2470 532 2508 Aeacidarum,
560 2474 739 2501 amantem
767 2469 987 2507 carminum,
1015 2468 1078 2514 qui
1102 2480 1163 2500 vo-

173 2520 250 2553 lunt
267 2532 387 2565 regere
404 2521 563 2554 animum
589 2519 827 2564 experientem
856 2519 1062 2553 certamina.
1126 2518 1162 2552 Si

212 2640 257 2667 lt]
278 2639 327 2662 uis
347 2639 519 2665 nominibus.
551 2638 647 2668 quibus
666 2638 731 2661 haec
753 2637 810 2661 Ode
830 2637 854 2659 in
876 2637 958 2661 Editt.
977 2638 1066 2664 155⁸..
1090 2637 1161 2660 1503.

243 2676 287 2697 ent
307 2674 457 2703 inscripta.
491 2673 516 2696 iu
543 2673 680 2698 omnibus,
714 2677 781 2701 quas
799 2672 915 2698 contuli.
950 2673 1032 2697 mitt.
1053 2671 1162 2694 Pindari

241 2708 351 2731 additae
371 2711 434 2730 sunt
453 2708 503 2731 hae
523 2714 622 2731 voces:
649 2704 726 2730 παιδὶ
748 2703 912 2738 πεντάθλῳ,
932 2712 998 2735 quas
1013 2706 1162 2730 uocet-hius

244 2743 340 2765 vertit:
365 2748 455 2771 puero
474 2743 691 2772 quinquertium·

895 123 1006 158 MEL.
1040 122 1241 158 SCRIPTA
1276 122 1611 157 PHILOLOGICA.

2131 124 2207 161 248

1178 220 1182 227 ’
1207 210 1286 256 quis
1311 222 1366 243 res
1390 207 1559 242 honestas
1583 208 1691 252 gerit,
1736 207 1841 241 affert
1866 209 2054 243 materiam
2082 210 2206 246 Musis.

1208 262 1298 296 Nam
1337 261 1486 294 virtutes
1521 273 1673 304 magnae
1706 260 1782 294 sine
1816 260 2055 302 carminibus,
2097 263 2207 296 relin-

1210 319 1370 359 quuntur
1389 312 1426 344 in
1446 312 1612 346 tenebris.
1666 311 1820 345 Unicum
1841 309 1910 345 hoc
1935 313 2117 357 speculum
2143 313 2208 348 sci-

1210 377 1289 398 mus
1308 363 1532 408 egregiorum
1554 363 1750 396 factorum:
1784 364 1889 397 unico
1911 366 2019 397 modo
2038 363 2207 409 pulchrae

1211 416 1406 449 memoriae
1425 427 1528 448 causa
1548 415 1719 447 celebrari
1740 415 1910 449 carmine.
1966 416 2047 461 (Ep.
2067 416 2118 462 1.)
2145 416 2208 450 Sa—

1212 467 1349 512 pientes
1375 472 1510 499 norunt
1535 472 1681 499 ventum
1709 466 1829 499 triduo
1857 473 1937 511 post
1959 468 2101 505 venire;
2144 479 2209 500 nec

1212 518 1303 552 lucri
1320 517 1515 562 cupiditate
1533 518 1677 551 solvunt
1702 517 1845 558 navim,
1881 531 1955 552 non
1982 518 2208 553 considerato

1214 576 1333 603 vento,
1388 568 1496 603 Dives
1515 575 1548 602 et
1562 580 1699 613 pauper
1717 568 1823 602 simul
1845 582 1957 615 prope
1978 567 2209 615 sepulchrum

1185 628 1187 639 ¹
1214 620 1391 655 habitant.

1186 666 1188 671 ’
1315 671 1393 717 Ego
1421 671 1558 718 Ulyssis
1587 671 1801 716 sapientiam
1834 671 1998 706 existimo
2033 672 2210 706 maiorem

1214 725 1345 757 factam
1394 736 1467 758 esse
1508 723 1667 757 carmine
1710 723 1901 757 Homerico
1921 749 1930 764 ,
1981 736 2090 769 quam
2131 723 2210 757 fuit.

1216 776 1304 820 (Str.
1323 774 1377 820 2.)
1396 774 1489 809 lnest
1505 775 1598 808 enim
1618 775 1750 820 species
1768 775 1905 809 volucri
1924 775 2094 819 figmento
2112 786 2212 807 men-

1216 827 1401 860 daciorum
1414 854 1425 868 ,
1453 839 1492 860 ac
1509 827 1682 871 sapientia
1701 827 1832 871 decipit
1848 827 2086 861 sermonibus.
2125 825 2212 859 Vul-

1216 891 1279 923 gus
1304 878 1398 911 enim
1428 877 1535 912 habet
1561 891 1700 911 caecam
1729 885 1898 912 mentem.
1966 878 2003 912 Si
2024 877 2212 911 veritatem

1216 930 1406 970 sciremus,
1440 942 1514 963 non
1541 937 1688 974 propter
1712 942 1811 962 arma
1837 930 1948 963 iratus
1968 929 2059 964 Aiax
2081 929 2213 962 fixisset

1188 978 1190 1015 l
1217 981 1254 1014 in
1278 981 1497 1025 praecordiis
1515 982 1627 1015 latum
1649 994 1790 1022 ensem,
1825 981 1886 1027 qui
1913 987 2059 1026 excepto
2074 978 2212 1014 Achille

1218 1033 1542 1077 praestantissimus
1568 1033 1661 1066 inter
1684 1035 1790 1066 duces
1819 1035 1863 1066 ad
1880 1033 2032 1066 Troiam
2058 1038 2110 1066 est
2131 1043 2214 1076 pro-

1217 1085 1340 1117 fectus.

1321 1135 1422 1180 (Ant.
1445 1134 1499 1180 2.)
1542 1135 1612 1169 Sed
1648 1136 1773 1169 fluctus
1809 1135 1936 1168 mortis
1973 1134 2214 1168 communiter

1219 1187 1386 1220 omnibus
1404 1187 1520 1226 venit,
1549 1189 1683 1221 cadunt
1702 1186 1837 1231 pariter
1858 1186 2034 1230 ignobiles
2052 1193 2086 1220 et
2110 1186 2214 1219 nobi-

1218 1239 1284 1277 les;
1328 1238 1397 1272 illis
1422 1244 1539 1271 autem
1565 1236 1681 1272 honos
1704 1238 1894 1279 tribuitur,
1936 1250 2091 1284 quorum
2117 1237 2214 1271 Deus

1218 1291 1341 1323 laudes
1356 1296 1462 1334 auget
1481 1291 1632 1324 mortuis
1650 1290 1765 1324 sociis.
1820 1289 1928 1322 Venit
1943 1289 2037 1322 enim
2053 1287 2215 1335 Pyrrhus

1219 1342 1264 1374 ad
1288 1339 1466 1385 Delphos,
1509 1348 1543 1374 et
1575 1341 1665 1375 iacet
1692 1341 1727 1373 in
1753 1339 1892 1386 Pythiis
1922 1341 2076 1385 campis,
2118 1346 2214 1385 post-

1219 1405 1326 1438 quam
1364 1392 1491 1425 evertit
1515 1391 1635 1425 Ilium:
1680 1392 1741 1425 ubi
1765 1398 1798 1425 et
1825 1391 1885 1424 alii
1913 1391 2041 1425 Graeci
2063 1403 2215 1436 magnos

1219 1444 1359 1477 labores
1383 1443 1553 1477 tulerunt.
1616 1441 1776 1489 Pyrrhus
1808 1455 1892 1476 vero
1925 1443 2109 1477 discedens
2140 1455 2215 1476 non

1219 1495 1326 1528 rediit
1343 1495 1379 1527 in
1397 1494 1544 1539 Scyrum
1558 1521 1567 1534 ,
1595 1497 1655 1528 sed
1676 1495 1771 1528 venit
1791 1494 1826 1526 in
1843 1492 2036 1540 Ephyren,
2065 1494 2146 1539 (Ep.
2160 1493 2214 1539 2.)

1220 1553 1255 1579 et
1271 1546 1494 1592 aliquamdiu
1512 1546 1548 1578 in
1564 1546 1733 1582 Molossia
1754 1547 1935 1590 regnavit,
1973 1552 2008 1579 et
2025 1546 2216 1590 posteritas

1220 1598 1294 1632 eius
1310 1598 1458 1631 retinuit
1474 1610 1636 1641 regnum.
1687 1597 1763 1642 Ipse
1782 1609 1867 1630 vero
1890 1598 1935 1630 ad
1951 1595 2112 1642 Delphos
2132 1609 2215 1642 pro-

1220 1650 1330 1684 fectus
1346 1656 1415 1689 est,
1443 1661 1484 1682 ex
1502 1649 1612 1683 Troia
1634 1647 1814 1683 advehens
1836 1648 1969 1693 spolia:
2003 1648 2065 1682 ubi
2087 1648 2125 1682 in
2151 1661 2216 1693 pu-

1220 1714 1286 1745 gna
1307 1700 1470 1734 sacrificii
1488 1700 1543 1733 vir
1560 1701 1705 1746 quidam
1726 1700 1844 1744 gladio
1862 1700 2006 1742 impulit
2028 1712 2217 1734 occurren-

1221 1759 1303 1786 tem.
1373 1751 1464 1796 (Str.
1487 1752 1540 1798 3.)
1574 1750 1705 1797 Delphi
1729 1758 1848 1785 autem
1874 1749 2033 1796 hospites
2058 1751 2216 1796 graviter

1221 1804 1399 1841 tulerunt;
1427 1804 1487 1837 sed
1510 1804 1622 1837 fatum
1648 1802 1715 1837 hoc
1743 1805 1774 1836 ei
1802 1804 1959 1837 dederat.
2014 1803 2217 1847 Oportebat

1221 1855 1315 1888 enim
1333 1867 1453 1899 regem
1473 1867 1514 1888 ex
1528 1855 1693 1889 Aeacidis
1722 1855 1759 1888 in
1785 1855 1918 1898 templo
1934 1852 2111 1899 Delphico
2141 1866 2215 1888 esse

1220 1906 1479 1951 speculatorem
1504 1906 1541 1939 in
1566 1907 1708 1951 pompis
1731 1906 2000 1940 sacrificiorum.
2068 1905 2124 1938 Ad
2152 1906 2217 1939 bo-

1221 1971 1304 1991 nam
1330 1970 1472 1991 causam
1499 1958 1565 1991 tria
1588 1959 1695 1991 verba
1726 1957 1924 1997 sufficiunt,
1965 1969 2030 1990 nec
2061 1958 2216 1991 mendax

1222 2010 1317 2043 testis
1334 2009 1512 2053 praesidet
1530 2010 1692 2053 negotiis.
1752 2008 1904 2042 Difficile
1923 2015 1975 2042 est
1990 2007 2079 2042 mihi
2097 2009 2215 2043 dicere

1221 2062 1315 2095 viam
1333 2060 1505 2094 virtutum
1525 2061 1679 2095 filiorum
1700 2066 1842 2093 tuorum
1856 2086 1865 2100 ,
1902 2073 1923 2093 o
1945 2061 2081 2105 Aegina
2109 2067 2143 2094 et
2158 2059 2215 2095 lu-

1220 2112 1331 2157 piter,
1360 2112 1460 2157 (Ant.
1477 2112 1529 2159 3.)
1557 2125 1649 2158 quae
1669 2112 1857 2156 splendent
1881 2124 1923 2145 ex
1949 2113 2058 2145 domo
2082 2118 2214 2147 vestra.

1220 2163 1287 2197 Sed
1309 2164 1449 2209 requies
1468 2163 1504 2196 in
1528 2164 1627 2196 omni
1650 2164 1772 2197 labore
1796 2163 1908 2198 dulcis
1935 2170 2004 2205 est,
2041 2169 2076 2198 et
2099 2163 2213 2198 mellis

1220 2222 1255 2249 et
1282 2215 1411 2248 florum
1438 2213 1586 2249 Veneris
1618 2216 1762 2250 satietas
1793 2222 1855 2249 est.
1924 2215 2061 2250 Natura
2091 2222 2212 2249 autem

1218 2266 1347 2311 singuli
1365 2265 1582 2307 differimus,
1610 2268 1703 2301 nacti
1720 2267 1810 2301 alius
1824 2267 1930 2300 aliam
1951 2267 2074 2302 vitam.
2115 2266 2212 2300 Ean-

1218 2320 1298 2352 dem
1327 2330 1401 2350 rem
1431 2318 1579 2362 adipisci
1604 2331 1727 2352 omnes
1754 2319 1973 2364 impossibile
2006 2324 2069 2353 est.
2138 2318 2211 2353 Nec

1218 2382 1360 2414 possum
1389 2369 1523 2409 dicere,
1565 2371 1620 2404 cui
1645 2372 1775 2415 adepto
1799 2377 1910 2404 totam
1939 2369 2211 2411 beatitudinem,

1217 2423 1328 2455 fatum
1349 2421 1555 2465 praebuerit
1571 2423 1733 2456 stabilem
1754 2423 1873 2456 finem.
1935 2421 2019 2455 Tibi
2041 2422 2104 2455 dat
2126 2434 2209 2455 con-

1217 2472 1415 2506 venientem
1451 2473 1675 2513 felicitatem,
1719 2474 1799 2519 (Ep.
1817 2473 1869 2517 3.)
1901 2479 1936 2506 et
1956 2473 2207 2517 suscipientem

1216 2524 1401 2557 audaciam
1429 2536 1501 2556 nou
1525 2526 1684 2559 destituit
1710 2524 1910 2569 prudentia.
1973 2523 2050 2568 Ego
2079 2522 2208 2569 hospes

1215 2588 1313 2615 sum,
1354 2587 1427 2607 non
1460 2577 1638 2624 misci-0¹²)
1670 2574 2005 2620 reprehensionem:
2052 2576 2206 2610 laudabo

1185 2690 1188 2764 ἱ
1251 2707 1296 2737 12)
1317 2713 1369 2730 non
1400 2704 1509 2737 adfero]
1541 2706 1581 2729 sic
1607 2706 1655 2729 Ed.
1687 2704 1782 2734 ¹56³.;
1819 2705 1867 2730 Ed.
1896 2705 1972 2731 1558.
2003 2711 2055 2729 non
2091 2704 2206 2735 auserem

1283 2741 1409 2765 floeckhii
1428 2741 1560 2771 intel-pn:
1587 2740 1682 2771 procul
1702 2745 1833 2764 amovens
1855 2750 1885 2762 =
1905 2740 1982 2766 Pind.
2002 2736 2122 2771 ἀπέχων.
