2341 2973
152 102 225 138 167

152 195 248 223 extra
272 186 392 220 omnia
412 184 527 224 mala,
553 180 756 216 exhilarans
774 181 935 215 animum
956 179 1099 213 iuventa
1124 184 1158 211 et

152 239 288 274 divitiis
313 237 368 270 vel
393 248 430 269 re
453 233 658 282 familiari]
691 234 789 267 Haec
814 239 865 267 est
888 231 1080 275 descriptio
1104 230 1157 264 iu-

156 291 295 325 cundae
326 288 432 321 vitae.
506 286 610 320 Mens
635 298 722 320 sana
748 286 785 318 in
811 296 962 328 corpore
985 295 1087 322 sano,
1124 288 1158 315 et

152 349 336 388 praeterea
355 339 565 373 sufficientia
579 350 701 371 rerum
716 337 998 370 necessariarum
1012 361 1021 375 ,
1048 335 1098 367 ita
1118 339 1158 367 ut

151 392 243 427 nihil
273 391 445 425 debeatur
480 390 577 430 aliis,
622 390 681 423 sed
704 395 743 422 ut
769 393 970 432 congruant
998 386 1157 419 rationes

153 443 288 489 accepti
306 449 340 476 et
362 442 518 487 expensi.

257 495 335 529 Vss.
356 492 636 529 1123—1129.
671 487 741 536 Μή
757 503 803 535 με
823 487 974 537 κακῶν]
1005 489 1059 523 Ne
1084 501 1157 521 me-

154 547 332 581 mineritis
356 546 535 579 malorum
562 554 747 581 meorum,
781 554 904 586 passus
925 554 1003 575 sum
1026 540 1159 574 scilicet

154 600 260 640 talia,
292 598 409 644 qualia
433 597 594 641 Ulyssem,
636 594 698 640 qui
725 593 907 627 descendit
930 593 967 626 in
989 604 1158 636 magnam

156 653 304 685 domum
327 648 511 686 Plutonis⁷
546 647 582 680 id
611 652 681 686 est,
718 647 763 678 ad
790 645 935 679 inferos.
995 644 1160 678 Evadens

155 703 258 743 inde,
288 700 349 746 qui
368 699 545 732 interfecit
561 699 653 731 duro
672 709 774 737 aere,
802 697 838 729 id
857 703 928 736 est,
951 697 1079 735 armis,
1108 695 1161 728 iu-

157 753 327 787 venculae
348 751 470 785 uxoris
495 762 579 784 suae
596 749 794 794 Penelopes
822 760 972 792 procos,
1008 747 1161 792 sapiens,

156 806 192 839 id
210 811 280 845 cst,
307 805 503 849 prudenter
517 814 592 836 rem
611 813 748 846 gerens.
802 799 880 845 Ipsa
908 799 1040 833 mansit
1063 798 1163 831 domi

158 858 254 902 apud
282 869 404 889 carum
429 855 561 894 filium,
601 855 715 887 donec
738 852 854 892 venit,
889 852 943 884 vel
967 850 1163 890 descendit,

159 909 291 944 scilicet
313 908 479 953 Ulysses,
516 907 558 939 ad
584 905 761 939 terribiles
785 904 935 948 angulos
959 904 1015 936 vel
1040 914 1163 947 specus

160 968 296 1000 terrac,
324 960 360 992 id
378 965 448 998 est,
477 959 522 991 ad
545 958 690 991 inferos.
742 956 859 989 Locus
884 956 1092 1000 desumptus
1114 959 1165 987 est

161 1025 202 1046 ex
217 1011 408 1046 undecimo
428 1009 608 1055 Odysseae
627 1008 795 1048 Homeri,
831 1013 953 1052 estque
970 1006 1164 1041 sententia:

160 1064 237 1108 Ego
255 1076 337 1097 vere
355 1063 425 1096 dici
440 1074 584 1106 possum
597 1060 810 1093 Homericus
827 1059 970 1104 Ulysses
982 1086 991 1098 ,
1019 1065 1073 1091 tot
1090 1069 1165 1090 ma-

160 1117 202 1150 lis
220 1122 378 1149 vexatus.
432 1114 500 1148 Sed
518 1114 664 1159 quando
682 1111 815 1156 largius
834 1111 918 1144 bibo
932 1138 941 1152 ‚
969 1117 1053 1144 tunc
1078 1109 1166 1142 ohli-

161 1168 277 1202 viscor
293 1166 454 1200 omnium
473 1166 653 1199 malorum
680 1171 744 1198 etc.

261 1229 339 1263 Vss.
367 1227 462 1263 1129
486 1240 538 1273 sq.
582 1227 628 1261 Εἶ
650 1222 853 1272 πίολιιαι3)]
891 1223 928 1257 Si
953 1223 1058 1262 bibo,
1092 1234 1168 1254 non

162 1295 247 1318 curo
264 1286 537 1327 paupertatem,
566 1291 658 1324 quae
682 1276 807 1320 affligit
833 1275 993 1315 animos,
1026 1286 1092 1307 nec
1117 1273 1169 1306 vi-

160 1348 233 1375 ros,
262 1334 324 1380 qui
340 1330 429 1365 mihi
445 1331 678 1370 maledicunt,
707 1329 802 1362 iuxta
822 1328 927 1361 illud:
957 1327 1061 1362 Nunc
1081 1338 1169 1370 pau-

161 1399 226 1432 per
243 1397 375 1418 cornua
397 1382 557 1428 sumit9).
613 1383 672 1419 (ἕο
695 1379 813 1425 vergist
837 1381 926 1415 einer
956 1380 1036 1415 alleg
1065 1377 1169 1420 scine&

164 1440 266 1480 Icibss,
304 1440 378 1472 obet·
405 1435 560 1471 bemeinct
589 1437 650 1470 bas
678 1433 827 1468 truncfcn
855 1433 973 1468 (ξ’[εηῠ.
1033 1429 1167 1461 Vinum

165 1489 340 1524 exhilarat
358 1501 418 1521 cor
442 1486 611 1520 hominis.

266 1550 344 1585 Vss.
373 1550 464 1583 1131
486 1561 538 1594 sq.
576 1543 698 1593 Ἀλλ’]
734 1544 803 1578 Sed
829 1544 1021 1577 amabilem
1048 1543 1172 1576 iuven-

164 1612 238 1639 tam
256 1603 427 1647 deploro,
456 1612 547 1646 quae
566 1611 623 1632 me
645 1597 794 1637 deserit,
830 1604 861 1630 et
887 1597 1037 1641 deploro
1062 1595 1174 1628 mole-

166 1663 258 1691 stam
277 1659 493 1689 senectutem
509 1679 518 1691 ,
547 1663 640 1697 quae
665 1646 923 1695 sul›sequitur.]
959 1648 1066 1681 Tales
1091 1653 1175 1680 sunt

167 1705 431 1741 melancholici.
501 1704 561 1739 θα
594 1702 734 1737 bcmeint
764 1700 823 1744 offt
854 1701 960 1742 einer,
1005 1702 1067 1735 bas
1092 1697 1175 1741 {eine

167 1759 306 1797 ffituttet
322 1756 407 1802 nicht
425 1756 516 1801 mebt
533 1756 601 1790 eine
620 1754 717 1799 junge
732 1752 822 1795 &mu
842 1751 889 1795 ist.

271 1819 348 1853 Vss.
367 1817 465 1851 1133
481 1830 533 1862 sq.
576 1811 715 1859 Κύρνε]
744 1811 783 1844 ln
803 1812 970 1846 omnibus
987 1811 1090 1844 malis
1109 1810 1176 1843 ini-

168 1872 219 1905 tio
239 1878 291 1905 est
309 1869 610 1906 succurrendum,
637 1866 732 1898 iuxta
757 1864 862 1897 illud:

274 1929 421 1959 Principiis
441 1929 535 1953 obsta:
561 1931 626 1950 sero
646 1923 782 1948 medicina.
801 1924 933 1954 paratur,

346 1973 412 1997 Cum
432 1972 504 1995 maia
522 1977 572 2001 per
592 1970 691 2000 longas
710 1967 856 1992 invaluere
874 1964 1026 1997 moras¹⁰).

169 2016 281 2065 quue
304 2017 529 2055 faciendum,
565 2014 662 2048 utin
689 2013 825 2046 morbis
853 2011 1034 2056 corporis,
1069 2009 1118 2043 sic
1140 2009 1178 2043 in

173 2071 313 2106 morbis
347 2069 459 2102 animi
489 2081 566 2101 cum
601 2065 867 2110 cupiditatibus.
938 2062 1057 2096 Omne
1083 2061 1177 2095 enim

172 2124 309 2158 malum
329 2121 431 2154 initio
452 2119 647 2154 sanabilius
667 2124 738 2158 est,
767 2129 874 2163 quam
895 2128 973 2149 cum
993 2114 1064 2158 egit
1083 2114 1180 2146 radi-

175 2189 254 2216 ces,
298 2180 332 2207 et
367 2185 446 2206 cum
480 2178 643 2216 tempore
676 2169 840 2203 accrevit.
902 2166 942 2200 ln
968 2165 1179 2210 corporibus

175 2227 321 2275 quando
339 2231 468 2258 natura
486 2235 559 2256 non
577 2229 692 2268 potest
708 2223 850 2254 vincere
874 2219 1041 2252 morbum
1054 2244 1063 2258 ‚
1089 2217 1180 2250 disfi-

176 2280 252 2314 cilis
269 2284 330 2311 aut
347 2278 533 2322 desperata
553 2282 603 2309 est
621 2273 825 2307 medicatio.

278 2330 465 2363 Finiamus
509 2333 571 2360 aut
610 2337 870 2370 componamus
912 2320 1055 2355 initium
1094 2320 1180 2353 mali

179 2382 425 2428 praesentibus
443 2379 584 2417 amicis,
620 2378 653 2410 id
683 2384 754 2415 est,
788 2376 933 2421 quando
959 2372 1093 2419 aliquid
1116 2384 1181 2405 nos

214 2514 246 2539 Ἀ)
265 2510 300 2534 Εἰ
320 2510 434 2540 πίημκιἸ
457 2507 497 2530 sit:
517 2507 565 2530 Ed.
583 2505 656 2528 1580.
677 2505 703 2526 et
723 2503 843 2528 'rhem-vn.
865 2501 948 2526 Editt,
973 2506 1059 2530 snpra
1084 2506 1109 2529 p.
1124 2499 1181 2523 5—

250 2548 274 2570 8.
302 2544 478 2567 enumeratae
504 2543 586 2571 atque
611 2538 717 2568 Gaisf.;
753 2537 837 2560 Editt.
865 2536 968 2564 neith,
995 2535 1097 2565 Bergk.
1114 2530 1180 2565 Ἐμ-

252 2581 361 2611 πίομαι,

217 2624 249 2652 9)
271 2622 349 2647 ovid.
371 2622 430 2644 Art.
450 2620 530 2643 amat.
545 2618 565 2643 l.
585 2617 661 2646 239.,
679 2615 723 2639 ubi
743 2621 810 2639 vero
831 2615 891 2638 loco
917 2620 994 2638 nunc
1021 2613 1046 2636 in
1066 2612 1117 2636 Ed.
1136 2611 1182 2635 ni-

253 2659 329 2688 pout.
346 2656 446 2683 iegitur
466 2656 544 2678 tunc.

222 2703 267 2729 10)
288 2699 367 2725 ovid.
387 2698 497 2722 nemeti.
518 2702 604 2720 amor.
618 2696 648 2718 91
670 2701 710 2724 sq.
731 2693 797 2726 (Vs.
811 2693 854 2717 92.
873 2692 921 2716 Ed,
941 2691 1047 2722 Bipont.
1067 2696 1117 2722 pro
1135 2690 1182 2714 in-

255 2737 376 2761 valuere
395 2733 503 2756 exhibet
521 2729 730 2760 conr-aluere).

748 94 871 129 PHIL.
902 92 1013 127 MEL.
1042 90 1246 126 SCRIPTA
1273 88 1611 124 PHILOLOGICA.

2139 88 2211 124 168

1208 177 1323 222 angit,
1365 182 1506 210 mature
1533 183 1679 210 utamur
1704 175 1809 208 amici
1834 175 1997 210 consilio.
2052 175 2213 220 Quaera-

1208 242 1288 263 mus
1304 228 1464 262 remedia
1482 228 1593 261 ulceri
1609 227 1790 267 nascenti,
1824 227 1879 260 vel
1897 229 1994 273 quod
2012 227 2082 260 iam
2101 226 2214 260 nasci-

1209 287 1288 321 tur,
1316 286 1509 325 antequam
1529 280 1676 313 morbus
1696 280 1927 313 confirmatus
1944 285 2007 313 est.
2060 278 2216 313 Utilissi-

1210 345 1309 365 mum
1327 337 1559 377 praeceptum
1576 331 1613 364 in
1630 331 1794 376 regendis
1812 331 1973 365 moribus
1991 336 2027 364 et
2047 330 2216 365 sanandis

1212 384 1324 417 animi
1348 383 1496 416 morbis.

1313 434 1390 469 Vss.
1414 432 1511 468 1135
1529 447 1582 480 sq.
1615 431 1750 481 Ἐλπὶς]
1783 434 1938 480 Querela
1957 435 2001 467 de
2017 433 2217 468 mutatione

1214 486 1375 520 omnium
1393 498 1515 520 rerum
1532 492 1566 519 et
1582 486 1772 530 praecipue
1789 485 2033 520 humanorum
2052 485 2219 519 consilio-

1213 551 1293 571 rum
1307 565 1317 579 ,
1344 539 1521 572 factorum
1539 544 1573 571 et
1588 549 1730 571 morum
1752 538 1788 570 in
1806 538 1906 583 peius
1918 565 1927 578 ,
1964 544 1997 571 et
2013 538 2111 583 quod
2128 534 2220 570 nihil

1213 590 1392 636 reliquum
1411 590 1456 624 sit
1473 590 1510 622 in
1525 590 1630 623 rebus
1646 586 1814 623 humanis
1829 596 1971 634 praeter
1986 601 2097 634 spem.
2134 588 2220 633 Spe-

1214 654 1338 676 ramus
1365 642 1460 675 enim
1484 642 1611 675 melius
1636 641 1732 681 sore,
1780 642 1843 675 sed
1871 641 1991 674 omnia
2016 647 2100 675 sunt
2125 641 2220 673 dete-

1215 693 1326 727 riora.
1395 693 1583 728 Nestorem
1611 693 1773 727 scribunt
1794 693 1863 726 tria
1890 690 2080 726 hominum
2104 692 2221 726 secula

1216 745 1394 789 attigisse,
1423 746 1563 791 qualem
1583 745 1641 778 ille
1659 744 1696 777 in
1722 745 1884 778 moribus
1906 744 2145 778 mutationem
2170 743 2222 775 vi-

1217 797 1329 837 derit,
1355 809 1455 830 senes
1471 797 1628 842 cogitare
1647 803 1807 841 possunt.

1321 847 1408 892 Spes
1429 849 1525 889 sola,
1563 849 1720 893 optimus
1737 847 1834 881 Deus
1858 847 1952 881 inter
1975 845 2142 881 homines
2167 858 2223 880 su-

1218 906 1356 944 perest,
1396 900 1529 934 scilicet
1560 901 1642 946 quia
1674 912 1816 945 semper
1841 912 2026 944 speramus
2048 899 2126 932 fore
2149 910 2224 931 me-

1218 951 1298 985 lius.
1354 951 1567 996 Congruunt
1589 953 1654 986 ista
1682 965 1761 985 cum
1779 952 1958 991 Hesiodo,
1995 951 2091 996 apud
2116 962 2223 996 quem

1220 1015 1299 1036 cum
1320 1003 1458 1049 reliqua
1483 1005 1576 1036 mala
1602 1016 1643 1037 ex
1667 1004 1786 1048 pixide
1810 1004 2001 1037 Pandorae
2024 1002 2226 1035 evolassent

1221 1061 1255 1087 et
1284 1055 1378 1087 inter
1410 1067 1521 1099 genus
1551 1053 1750 1089 humanum
1785 1056 1943 1100 dispersa
1977 1060 2113 1094 essent,
2150 1053 2226 1088 sola

1222 1106 1309 1151 Spes
1336 1106 1373 1138 in
1394 1107 1507 1139 fundo
1533 1108 1621 1139 dolii
1643 1107 1883 1153 remansitss).
1949 1107 2021 1139 Alii
2043 1105 2104 1139 Dii
2129 1106 2228 1139 dese-

1221 1164 1340 1192 rentes
1358 1155 1523 1192 homines
1539 1159 1777 1193 discesserunt
1794 1158 1831 1191 in
1848 1159 1998 1192 coelum.
2058 1156 2228 1192 Discessit

1223 1216 1258 1243 et
1278 1210 1383 1244 Fides
1406 1223 1538 1254 magna
1562 1210 1658 1251 Dea,
1690 1211 1849 1244 discessit
1871 1217 1905 1244 et
1926 1210 2105 1244 Modestia
2134 1210 2230 1243 inter

1223 1260 1400 1296 homines.
1465 1262 1562 1296 Haec
1587 1263 1646 1296 ille
1669 1263 1757 1296 dixit
1782 1274 1845 1296 suo
1874 1269 2057 1307 ternpore,
2092 1268 2228 1308 quanto

1223 1314 1338 1359 magis
1360 1312 1449 1347 haec
1472 1316 1516 1348 ad
1539 1321 1661 1348 nostra
1687 1321 1865 1359 tempora.
1923 1313 2043 1347 Etiam
2067 1312 2231 1347 Charites

1225 1372 1358 1398 terram
1376 1366 1630 1405 deseruerunt,
1658 1367 1694 1399 id
1712 1373 1783 1407 est,
1808 1365 2072 1405 benevolentia,
2100 1365 2232 1398 caritas

1227 1424 1261 1450 et
1283 1417 1478 1462 gratitudo.

1329 1468 1406 1502 Vss.
1434 1468 1529 1503 1139
1546 1482 1598 1515 sq.
1632 1467 1780 1515 ‘'Opzot]
1816 1468 2021 1502 Iuramenta
2050 1480 2126 1502 non
2157 1480 2232 1502 am-

1227 1521 1320 1565 plius
1344 1520 1438 1554 inter
1462 1519 1627 1555 homines
1649 1528 1732 1554 sunt
1756 1521 1868 1561 iusta,
1897 1532 2015 1567 neque
2041 1520 2233 1567 quisquam

1228 1579 1412 1607 reveretur
1433 1580 1466 1607 et
1490 1579 1683 1607 veneratur
1700 1573 1796 1607 Deos
1819 1573 2063 1614 immortales,
2106 1573 2142 1605 id
2169 1579 2234 1613 est,

1229 1625 1428 1658 reverentia
1449 1638 1532 1669 erga
1554 1625 1668 1658 Deum
1691 1632 1725 1658 et
1743 1623 1926 1658 hominem
1948 1625 2086 1658 sublata
2106 1630 2170 1658 est.

1332 1676 1409 1710 Vss.
1437 1677 1529 1711 1141
1551 1690 1603 1722 sq.
1640 1675 1859 1724 Εὐσεβέων]
1895 1676 2046 1711 Piorum
2069 1676 2234 1710 virorum

1231 1741 1341 1773 genus
1359 1729 1551 1763 extinctum
1570 1735 1640 1768 est,
1677 1728 1711 1761 id
1739 1734 1810 1768 est,
1844 1729 2000 1763 mundus
2023 1728 2097 1761 iam
2120 1728 2236 1773 reple—

1232 1788 1287 1815 tus
1305 1787 1356 1814 est
1374 1781 1493 1825 impiis
1516 1787 1550 1814 et
1566 1780 1745 1815 sceleratis
1763 1778 1981 1814 hominibus.
2038 1780 2166 1826 Neque
2187 1780 2237 1813 le-

1233 1846 1291 1877 ges
1308 1839 1369 1866 aut
1385 1833 1577 1873 iustitiam,
1612 1845 1728 1878 neque
1753 1832 1924 1876 pietatem
1948 1838 2166 1876 agnoscunt,
2199 1831 2235 1864 id

1234 1892 1303 1925 est,
1332 1898 1397 1919 nec
1422 1886 1458 1918 vi
1482 1883 1665 1918 coherceri
1692 1891 1840 1928 possunt
1865 1882 2050 1924 homines,
2081 1895 2146 1916 nec
2172 1894 2235 1918 sua

1234 1944 1360 1983 sponte
1379 1944 1528 1982 propter
1545 1948 1705 1969 amorem
1728 1935 1870 1969 virtutis
1894 1941 1988 1968 recte
2012 1936 2148 1969 faciunt
2171 1933 2237 1970 ho—

1234 1990 1359 2023 mines.
1414 1988 1665 2032 lux-enalis¹‘··'):

1409 2048 1534 2071 Oderunt
1553 2052 1668 2078 peccare
1688 2045 1750 2069 boni
1769 2044 1881 2069 virtutis
1899 2050 2011 2076 amore,

1408 2091 1533 2115 oderunt
1552 2096 1670 2121 peccare
1689 2089 1754 2113 mali
1772 2089 1921 2113 formidine
1939 2094 2054 2120 poenae.

1339 2136 1407 2168 Sed
1441 2136 1509 2167 iam
1541 2148 1582 2167 ου
1613 2141 1758 2167 ventum
1786 2139 1856 2173 est,
1891 2141 1931 2167 ut
1954 2146 2071 2180 neque
2094 2134 2236 2170 virtutis

1236 2200 1360 2227 amor,
1394 2200 1459 2220 nec
1481 2199 1619 2231 poenae
1646 2193 1760 2219 metus
1781 2183 1970 2220 coherceat
1994 2192 2029 2220 et
2054 2187 2236 2220 contineat

1236 2240 1412 2273 licentiam
1440 2244 1474 2272 et
1491 2239 1722 2283 petulantiam
1742 2238 2016 2282 flagitiosorum.
2070 2238 2167 2272 Sicut
2185 2239 2237 2273 in-

1236 2292 1313 2337 quit
1328 2290 1521 2324 luvenalis:
1557 2290 1675 2323 Omne
1693 2291 1727 2323 in
1746 2290 1935 2335 praecipiti
1953 2296 2025 2324 stat·
2040 2290 2238 2338 vitium¹²)‚

1235 2356 1299 2377 nec
1317 2344 1407 2376 ultra
1431 2355 1501 2388 quo
1521 2342 1590 2375 iam
1612 2343 1884 2387 progrediatur,
1911 2340 2018 2375 habet
2030 2342 2089 2388 ¹⁴).

1275 2452 1319 2482 11)
1342 2452 1453 2476 Hesiod.
1474 2453 1566 2482 Opera.
1586 2454 1612 2476 ct
1633 2453 1697 2476 vies
1716 2452 1840 2476 fixo—98.

1271 2496 1316 2527 12)
1337 2497 1411 2519 Duos
1432 2496 1578 2525 sequentes
1598 2502 1699 2519 versus
1718 2495 1790 2525 apud
1809 2494 1965 2518 Iuvenalem
1985 2499 2038 2518 non
2063 2493 2172 2523 inveni;
2189 2500 2237 2519 eo-

1306 2538 1364 2554 runi
1384 2530 1460 2560 prior
1480 2531 1581 2558 legitur
1601 2531 1627 2554 in
1647 2531 1755 2554 Horatii
1774 2531 1864 2559 Epist.
1879 2529 1899 2558 1,
1922 2529 1962 2557 16,
1981 2528 2023 2553 52.

1274 2574 1319 2602 13)
1338 2574 1432 2597 lux-en.
1453 2575 1508 2596 Sat.
1531 2574 1553 2597 1.
1577 2573 1632 2596 149.
1654 2573 1695 2597 ed.
1718 2571 1848 2601 Ruperti:

1409 2608 1494 2631 Omne
1514 2608 1539 2630 in
1561 2607 1703 2637 praecipiti
1724 2607 1816 2630 vitium
1836 2605 1922 2629 stetit.

1274 2653 1319 2679 14)
1339 2658 1388 2675 nec
1405 2652 1520 2674 nttra—
1534 2652 1638 2679 habet]
1658 2652 1724 2674 hacc
1743 2651 1828 2673 verba
1846 2649 1917 2678 apud
1932 2648 2026 2674 luven.
2041 2649 2059 2674 1.
2077 2649 2095 2675 Ι.
2116 2655 2169 2673 non
2189 2654 2237 2672 re-

1308 2687 1467 2717 periuntur,
1493 2687 1541 2709 sed
1563 2687 1589 2710 in
1609 2686 1688 2710 ovid.
1709 2685 1782 2708 Fast.
1799 2684 1819 2711 Ι,
1841 2684 1896 2707 196.
1917 2683 1972 2707 sic:

1412 2721 1464 2744 Vix
1485 2721 1574 2746 ultra,
1600 2727 1652 2751 quo
1673 2720 1723 2743 iam
1744 2718 1955 2749 progrediatur.
1981 2719 2070 2743 habet.
