2341 2973
210 98 282 135 751

218 189 336 220 Potius
353 198 450 232 quam
467 184 571 227 litem]
599 182 811 228 Divertitffl)
830 195 865 217 se
885 182 1029 215 tandem
1053 181 1096 213 ad
1124 191 1204 224 pre-

213 250 279 272 ces.
384 236 444 269 Vs.
462 234 522 269 44.
547 236 617 270 Sed
634 236 891 278 ctesiphonem]
921 233 1131 265 Parasceue.

423 320 533 352 Actus
549 317 590 352 II.
618 318 729 352 Scena
748 317 805 351 III.
833 318 981 361 Argum.

315 384 483 431 Ctesipho
518 386 667 419 fratrem
701 386 843 425 laudat,

213 440 355 485 agitque
370 438 503 483 gratias
520 437 655 470 absenti
675 448 739 479 pro
758 441 902 480 accepto
920 436 1106 470 beneficio.

313 489 374 524 Vs.
403 490 434 523 1.
471 490 541 522 Abs
568 484 704 534 quivis-J
744 486 934 531 Spargitur
968 488 1004 520 in
1033 499 1206 532 personas

210 605 341 637 nempe
359 593 404 625 ad
419 604 524 637 quem
542 590 677 622 fructus
694 589 798 624 redit.

210 645 300 689 fiee]
326 643 472 677 Summa
497 641 618 675 fratris
643 641 816 674 laudatio.

214 692 385 741 tarit32).]
414 693 498 726 Veri
517 692 628 737 patris
647 691 852 736 descriptio.

427 778 535 812 Actus
554 776 595 811 II.
623 777 735 810 Scena
753 776 812 811 lV.
840 777 989 821 Argum.

313 848 578 891 Colloquuntur
600 846 736 884 fratres,
764 845 882 889 agitur
899 846 941 878 de
959 845 1108 890 pecunia
1128 846 1207 878 red-

213 901 327 933 denda
345 897 486 936 lenoni,
513 903 546 930 et
563 898 720 940 paranda
739 909 862 930 coena.

316 950 376 984 Vs.
399 950 431 983 1.
463 949 525 982 Ubi
539 949 595 982 ille
610 946 690 994 est.]
718 945 914 993 Aeschinus
937 954 1056 980 servat
1081 948 1207 980 adver-

214 1015 272 1036 sus
291 1003 456 1034 lenonem
477 1000 695 1043 superbiam.
800 998 860 1033 Vs.
878 999 912 1033 6.
940 1001 993 1032 Ne
1010 1001 1062 1039 id,
1090 1012 1209 1033 assen-

212 1051 342 1100 tandi]
377 1054 625 1086 Assentatores
654 1062 773 1083 coram
798 1051 959 1083 laudant.

212 1107 285 1139 Hoc
306 1105 391 1139 milii
413 1100 530 1149 dolet]
568 1101 766 1135 Insinuatio
791 1101 953 1135 beneficii
987 1101 1023 1134 in
1048 1102 1208 1146 periculo

215 1156 347 1189 collati.
450 1152 512 1187 Vs.
532 1154 589 1186 10.
617 1154 777 1187 Stultitia
800 1154 877 1198 est]
909 1152 1124 1187 Extenuatio
1150 1154 1209 1186 de-

215 1207 300 1241 licti.
406 1205 466 1239 Vs.
486 1205 544 1241 12.
571 1206 675 1239 Mitis
697 1205 775 1249 esL]
805 1204 857 1237 Ex
881 1203 1121 1238 debacchante
1145 1204 1210 1239 sci-

214 1259 295 1292 licet
312 1264 346 1291 et
362 1263 516 1290 austero.
622 1255 681 1289 Vs.
701 1254 757 1290 15.
782 1258 897 1290 Etiam
913 1257 1056 1301 manem]
1083 1255 1210 1290 Incon-

217 1316 353 1344 stanter
370 1321 388 1341 a
408 1309 536 1341 lenone
555 1307 703 1341 dictum.
773 1307 834 1341 Vs.
851 1308 913 1343 20.
941 1310 1038 1341 Intus
1056 1308 1209 1352 oblecta]

215 1361 373 1395 Honesta
399 1360 435 1392 in
458 1372 495 1392 re
518 1359 613 1403 turpi
634 1356 865 1403 periphrasis.
919 1359 1049 1393 Servus
1073 1359 1210 1404 magni-

218 1413 280 1446 fice
301 1412 472 1458 loquitur.

446 1488 554 1523 Actus
571 1487 628 1523 ΙΙΙ.
657 1489 767 1523 Scena
785 1488 810 1522 1.
838 1488 987 1533 Argum.

318 1556 516 1591 Sollicitam
535 1556 672 1590 inducit
688 1556 886 1590 Sostratam
912 1558 957 1589 ob
983 1556 1094 1597 filiae,
1121 1567 1211 1602 quae
1238 1545 1239 1552 ἶ

220 1623 261 1643 ex
274 1607 452 1643 Aeschino
471 1608 618 1650 gravida
635 1614 705 1648 est,
734 1608 891 1641 vicinum
911 1614 1067 1651 partum.

321 1660 380 1693 Vs.
403 1660 434 1693 1.
470 1660 629 1700 Obsecro,
665 1671 738 1692 mea
764 1656 917 1706 nutriam]
944 1658 1052 1692 Aliud
1075 1657 1213 1703 pericu-

219 1714 292 1746 lum
317 1709 503 1747 Aeschini;
545 1722 629 1742 uam
661 1711 781 1754 palam
805 1712 844 1744 fit
871 1722 1078 1755 oppressam
1103 1710 1148 1742 ab
1171 1721 1212 1742 eo

220 1766 410 1807 ingenuam
423 1788 432 1801 ,
459 1767 493 1794 et
514 1762 743 1795 mulierculae
762 1762 797 1795 in
815 1768 949 1794 metum
973 1761 1214 1794 coniiciuntur

221 1821 369 1860 propter
386 1819 527 1856 raptam
545 1813 743 1856 psaltriam.
831 1812 891 1847 Vs.
910 1812 945 1847 7.
972 1814 1135 1847 Mearum
1149 1814 1215 1846 mi-

221 1865 420 1909 seriarum]
447 1864 655 1898 Amatorins
676 1865 832 1899 affectus.

937 1863 997 1898 Vs.
1013 1863 1048 1898 9.
1076 1866 1216 1906 Quando

222 1969 391 2013 ptiarum.

445 2043 552 2077 Actus
568 2042 624 2077 III.
653 2043 764 2076 Scena
782 2041 824 2076 II.
852 2044 1001 2087 Argum.

329 2112 417 2145 Geta
445 2112 625 2146 Sostratae
653 2112 814 2146 servulus
838 2110 1074 2149 commotior,
1110 2107 1216 2142 herae

227 2163 370 2197 nuntiat
386 2161 601 2197 Aeschinum
620 2164 690 2196 alio
716 2169 858 2207 captum
885 2174 1027 2202 amore,
1060 2161 1216 2205 puellam

226 2214 396 2259 eripuisse
417 2214 550 2248 lenoni.

328 2266 388 2300 Vs.
414 2266 446 2299 1.
489 2269 589 2299 Nunc
615 2266 698 2298 illud
718 2267 797 2307 est]
831 2264 983 2308 Tragica
1008 2263 1216 2309 conquestio

227 2317 360 2352 servuli
378 2318 420 2350 de
438 2317 568 2350 iniuria
587 2315 772 2354 Aeschini3
809 2316 902 2349 viam
923 2322 1039 2349 autem
1065 2315 1149 2348 facit
1173 2315 1218 2348 ad

229 2369 393 2413 epitasin.
502 2367 563 2402 Vs.
588 2367 623 2402 6.
657 2370 801 2401 Haecine
826 2369 970 2402 seculum
981 2366 1015 2415 Ῥ]
1052 2366 1217 2400 Seculum

230 2426 389 2459 accusat,
424 2426 461 2452 nt
486 2432 503 2452 a
529 2426 690 2463 tempore
716 2432 832 2452 mores
857 2425 989 2463 carpat.
1103 2417 1163 2451 Vs.
1184 2418 1218 2452 8.

231 2474 334 2512 Quem
359 2484 462 2517 neque
483 2471 595 2515 fides]
628 2471 716 2504 Geta
747 2470 1009 2516 querimoniam
1035 2469 1219 2515 prosequi-

231 2528 288 2554 tur
307 2534 368 2565 per
387 2524 707 2565 exaggerationem.
790 2521 848 2555 Vs.
869 2523 925 2556 12.
954 2524 1014 2556 Me
1032 2521 1218 2565 miserum]

265 2632 312 2658 ³¹]
333 2630 467 2659 niverni]
487 2630 527 2653 sic
546 2631 628 2654 icam.
646 2631 718 2654 1540.
735 2631 779 2659 8.,
802 2629 892 2659 15411,
923 2630 1014 2659 154⁸..
1042 2631 1133 2659 ¹55¹.;

301 2665 376 2690 1546.
396 2666 552 2689 Convertit.

266 2708 313 2737 32)
336 2708 536 2739 Postputuritl
558 2708 596 2731 sic
613 2708 675 2731 illae
695 2707 794 2732 Editts.
815 2708 862 2731 Ed.
884 2707 974 2731 vom).
993 2709 1055 2737 post
1073 2709 1200 2738 putavit.

1171 2630 1218 2654 Ed.

1087 1050 1147 1084 Vs.
1173 1051 1208 1084 8.
1234 1073 1236 1080 ·

792 97 914 131 PHIL.
950 95 1063 129 MEL.
1100 92 1303 128 SCRIPTA
1336 91 1673 127 PHILOLOGICA.

1234 1086 1236 1105 !

1234 1107 1237 1132 ἒ

1234 1133 1237 1150 ι

1237 1473 1239 1483 i

1236 1493 1239 1509 l

1231 357 1233 368 ι
1259 339 1347 366 nutu
1364 339 1398 365 et
1418 339 1518 376 gestu
1534 332 1814 376 pronuntianda.

892 391 926 418 et
963 385 1205 425 commendat,
1231 379 1233 413 l

1232 491 1234 517 ἱ
1286 498 1396 520 eram.

212 539 380 576 Aeschini
404 542 559 578 factum,
589 538 696 584 idque
721 538 792 571 iam
818 537 987 583 Ctesipho
1011 538 1207 582 praedicat,
1231 521 1234 535 l
1258 484 1282 519 h

863 589 924 624 Vs.
939 590 973 625 4.
1001 592 1055 624 lta
1073 592 1207 634 maym'-
1232 599 1234 639 Ι*

921 641 982 676 Vs.
998 641 1033 675 9.
1062 644 1206 685 Postpu-
1232 645 1233 674 ἰ

1240 1891 1242 1906 ι
1269 1870 1398 1917 phonis
1420 1879 1603 1916 peccatum
1630 1872 1806 1907 resciscat.

222 1919 370 1959 vitium]
418 1915 565 1947 Factum
609 1916 732 1950 laudat
773 1916 818 1949 ob
863 1915 1107 1950 conditionem
1150 1928 1215 1949 nu-
1241 1934 1243 1972 Ἰ
1268 1925 1353 1969 ιαμ]
1396 1924 1598 1965 Macetae,
1639 1924 1801 1965 mollire,
1841 1925 1932 1958 sicut
1964 1924 2120 1957 triticum
2155 1923 2260 1956 colu-

2177 89 2251 128 752

1258 179 1348 213 Cum
1375 180 1534 223 pondere
1560 184 1594 211 et
1619 175 1805 212 stomacho
1835 178 2122 221 pronuntianda:
2166 189 2248 209 nam

1231 251 1233 254 >
1259 231 1310 263 ira
1331 230 1490 263 animum
1509 229 1670 274 impedit.
1712 228 1843 263 Vs.17.
1866 231 1994 273 Syrum
2009 228 2251 273 impulsorem]

1258 281 1514 326 Hypotyposis.
1590 280 1650 314 Vs.
1673 281 1730 314 18.
1758 281 1943 315 Sublimem
1960 277 2136 326 medium]
2161 279 2249 312 Cum

1860 331 1920 365 Vs.
1930 333 1990 366 21.
2006 333 2251 365 Caeterosrue-

1258 385 1356 428 rem.]
1386 385 1416 417 R
1435 384 1550 416 littera
1571 383 1716 423 canina,
1751 383 1842 416 iram
1862 383 2007 416 indicat.
2111 380 2171 415 Vs.
2189 382 2251 417 23.

1259 437 1344 470 Sine
1360 438 1440 478 me.]
1477 435 1568 468 Prae
1597 434 1781 467 iracundia
1811 434 1870 467 vix
1895 435 2039 467 tandem
2071 433 2254 477 cognoscit

1482 485 1542 520 Vs.
1561 485 1622 521 27.
1648 488 1771 520 Actum
1785 483 1866 532 est.]
1895 484 2118 527 Interruptus
2134 496 2252 518 sermo

1261 538 1306 570 ob
1335 537 1631 581 indignationem.
1654 581 1657 584 K
1734 537 1795 570 Vs.
1810 537 1870 570 30.
1898 539 2014 582 IVeque
2039 532 2252 580 idaci-ulte]

1259 590 1520 633 Argumentum
1546 588 1666 633 magni
1690 587 1836 622 amoris.
1939 587 1998 621 Vs.
2015 587 2075 620 31.
2103 588 2156 621 Ah
2179 583 2252 633 ah.]

1260 641 1489 685 Aposiopesis
1512 653 1632 674 amare
1657 640 1784 673 flentis.
1916 638 1976 673 Vs.
2004 638 2064 671 33.
2106 639 2254 672 Nostrae

1260 689 1361 739 spem]
1389 692 1637 736 Exaggeratio.
1714 691 1774 725 Vs.
1790 690 1851 725 34.
1877 693 1953 725 Hac
1971 690 2134 734 iurabat]
2162 688 2253 722 Ora-

1261 743 1351 776 torie
1395 742 1639 777 vehementius
1683 743 1842 787 cupitum
1894 749 2076 787 postremo
2123 740 2253 785 posuit.

1260 794 1320 828 Vs.
1340 794 1399 828 37.
1427 798 1618 829 Lacrumas
1634 793 1760 842 mitta]
1789 794 1938 827 Frustra
1956 794 1992 827 in
2016 798 2151 826 metum
2170 803 2253 824 con-

1232 876 1235 880 ,
1261 846 1372 879 iectae
1393 847 1643 885 mulierculae,
1670 853 1708 879 ut
1734 847 1769 879 in
1792 846 1910 879 sabula
1937 844 2138 889 plusculum
2165 847 2254 876 esset

1261 897 1462 931 turbarum.
1564 898 1625 932 Vs.
1642 897 1702 931 43.
1736 899 1976 940 Quapropter]
2005 896 2115 930 Getae
2140 893 2254 928 consi-

1261 949 1360 982 lium.
1446 948 1505 982 Vs.
1523 947 1584 984 54.
1611 952 1737 983 lVostro
1752 946 1914 995 Simulo]
1942 948 2099 981 Simulus
2115 946 2254 980 Sostra-

1262 1005 1318 1032 tae
1336 1000 1507 1040 maritus‚
1541 1007 1644 1044 pater
1668 1001 1806 1044 puellae
1832 1000 1973 1032 vitiatae
2000 999 2043 1032 ab
2063 995 2253 1036 Aeschino,

1262 1048 1319 1084 hic
1347 1058 1398 1085 est
1420 1049 1439 1086 ὃ
1465 1049 1684 1098 σιμύλοςῧῧ).

1467 1136 1576 1170 Actus
1594 1135 1651 1171 III.
1686 1137 1796 1171 Scena
1815 1135 1872 1170 [Il.
1899 1137 2048 1179 Argum.

1368 1204 1463 1238 Male
1483 1211 1533 1238 est
1550 1204 1726 1246 Demeae,
1755 1205 1854 1251 quod
1869 1204 1980 1238 filium
2001 1199 2255 1247 Ctesiphonem

1265 1255 1444 1289 audiverit
1466 1269 1537 1290 una
1566 1257 1739 1297 adfuisse,
1782 1269 1861 1290 cum
1889 1256 2043 1301 eriperet
2069 1253 2255 1288 mulierem

1264 1305 1473 1342 Aeschinus.

1366 1359 1427 1393 Vs.
1449 1360 1479 1392 1.
1514 1357 1701 1407 Disperii]
1730 1359 1866 1393 Demea
1890 1359 1985 1393 solus
2011 1356 2098 1392 haec
2126 1368 2255 1391 secum.

1236 1412 1239 1437 ἱ
1265 1410 1324 1444 Vs.
1346 1410 1402 1445 10.
1430 1413 1506 1445 Non
1522 1409 1724 1458 ostendam]
1752 1411 1909 1445 Demeae
1927 1409 2068 1443 astutia.

1442 1495 1551 1529 Actus
1571 1494 1627 1529 ΠΙ.
1655 1496 1766 1529 Scena
1785 1494 1899 1541 lV.³¹)
1927 1494 2075 1539 Argum.

1370 1563 1652 1596 Commendatur
1668 1561 1836 1608 Ctesipho
1848 1590 1858 1604 ,
1885 1563 2136 1608 vituperantur
2151 1562 2256 1596 Mitto

1267 1620 1301 1646 et
1317 1612 1516 1648 Aeschinus
1528 1641 1536 1654 ‚
1563 1615 1689 1648 callide
1709 1621 1903 1660 utrumque
1920 1614 2030 1660 Syrus
2043 1614 2137 1648 facit.
2187 1613 2258 1647 De-

1267 1677 1346 1698 mea
1370 1672 1489 1699 autem
1513 1666 1722 1700 narratione
1739 1666 1912 1700 virtutum
1928 1664 2154 1712 Ctesiphonis
2180 1665 2257 1710 plu-

1239 1740 1241 1748 .
1267 1717 1398 1750 rimum
1416 1718 1559 1761 gaudet.

1369 1768 1502 1802 Scenae
1517 1767 1574 1802 III.
1602 1768 1662 1803 Vs.
1682 1770 1740 1804 10.
1766 1771 1904 1805 Omnem
1920 1770 2018 1816 rem.]
2037 1769 2128 1803 Mire
2144 1769 2257 1802 faceto

1269 1827 1302 1853 et
1323 1820 1452 1854 callido
1479 1827 1682 1854 commento
1706 1821 1861 1855 eluditur
1884 1822 2039 1861 Demea,
2079 1833 2124 1854 ne
2150 1820 2259 1854 Ctesi-

1911 1873 1971 1907 Vs.
1987 1872 2049 1908 27.
2076 1874 2260 1907 Maceren-

1270 1976 1374 2008 mella
1394 1978 1649 2010 macerandum
1674 1976 1781 2016 dixit,
1819 1982 1853 2009 et
1876 1988 2035 2020 gemmas
2059 1981 2158 2008 aceto
2186 1986 2260 2006 ma-

1271 2027 1384 2060 cerari
1400 2027 1557 2069 Plinius,
1587 2034 1621 2061 et
1637 2027 1807 2073 pleraque
1825 2027 1906 2062 alia.
1978 2026 2039 2061 Vs.
2057 2026 2117 2061 38.
2144 2027 2262 2070 Piyet-

1270 2076 1359 2126 qaa]
1388 2078 1490 2123 Piget
1508 2080 1553 2112 ob
1572 2080 1702 2112 damna
1714 2105 1723 2119 ‚
1751 2079 1861 2123 pudet
1877 2079 1923 2112 ob
1938 2078 2069 2124 turpia.
2129 2077 2189 2111 Vs.
2200 2076 2260 2112 42.

1271 2133 1428 2165 Sinerem
1447 2128 1586 2178 illum?]
1616 2130 1716 2164 Senis
1733 2130 1930 2174 vigilantia.
1999 2129 2061 2164 Vs.
2076 2127 2136 2164 51.
2163 2129 2264 2164 Nihil

1272 2180 1439 2229 reticuit]
1467 2182 1561 2216 Laus
1579 2181 1641 2215 filii
1660 2181 1849 2226 diligentis.
1926 2181 1986 2215 Vs.
2004 2179 2066 2215 55.
2094 2183 2262 2216 Lacrumo

1268 2231 1424 2280 qaudio]
1459 2232 1499 2266 In
1526 2235 1671 2277 profuso
1696 2233 1827 2277 gaudio
1854 2233 2032 2267 lacrumae
2057 2237 2262 2276 erumpunt.

1272 2284 1330 2318 Vs.
1348 2282 1408 2318 65.
1435 2287 1543 2319 Porro
1560 2282 1700 2333 antem]
1728 2284 1871 2318 Initium
1889 2283 2069 2318 ulterioris
2088 2282 2263 2317 orationis

1273 2336 1492 2380 interruptae
1530 2349 1593 2380 per
1624 2337 1767 2381 Syrum.
1877 2335 2015 2370 Vs.70.
2053 2331 2260 2380 Praecipio]

1307 2457 1356 2484 33)
1374 2456 1415 2479 hic
1439 2468 1466 2473 -
1487 2453 1626 2487 animoa]
1647 2457 1712 2479 haee
1731 2456 1755 2478 in
1777 2455 1824 2478 Ed.
1845 2455 1918 2478 ¹546.
1938 2454 2030 2478 addita
2048 2454 2119 2477 snut.

1307 2501 1355 2527 ³4)
1375 2501 1450 2523 Haec
1470 2500 1558 2523 Scena
1577 2499 1623 2522 lv.
1651 2498 1745 2528 incipit
1767 2504 1783 2522 a
1812 2498 1921 2522 verbis:
1958 2497 2072 2522 Omnem
2095 2503 2157 2521 rem
2180 2497 2262 2521 modo

1342 2535 1422 2564 seni,
1448 2539 1518 2564 quae
1537 2534 1563 2557 in
1584 2534 1631 2558 Ed.
1654 2533 1744 2557 ΥοΙΙΙ».
1765 2533 1857 2563 (quam
1877 2533 1902 2555 in
1922 2530 2112 2555 adscribendis
2132 2537 2262 2555 versuum

1343 2568 1465 2592 numeris
1496 2568 1650 2598 sequimur)
1683 2567 1709 2590 in
1741 2569 1846 2591 scenae
1864 2566 1909 2590 111.
1945 2572 2028 2589 versu
2050 2566 2089 2591 10.
2124 2566 2260 2596 teguntur.

1344 2605 1418 2627 Haec
1438 2602 1507 2626 cuim
1528 2605 1618 2626 scena
1631 2602 1675 2625 ut.
1702 2601 1727 2625 in
1754 2602 1821 2625 duas
1847 2601 1886 2624 sie
1909 2600 2047 2624 disiuncta
2072 2600 2211 2630 reperitur
2234 2600 2262 2623 in

1346 2638 1428 2660 udat.
1446 2637 1536 2667 1516..
1557 2636 1650 2666 1528.,
1672 2636 1762 2666 1533,
1784 2635 1877 2663 1534..
1900 2635 1989 2665 1539.,
2011 2635 2085 2659 1542.
2101 2636 2155 2665 M„
2176 2634 2261 2661 1545..

1346 2672 1421 2696 1550.
1437 2672 1463 2695 Β.
1478 2671 1529 2700 V..
1551 2671 1624 2694 1592.
1643 2672 1689 2701 h.‚
1711 2670 1801 2700 1614„
1823 2669 1890 2693 1623
1907 2676 1914 2697 ;
1939 2675 1954 2693 a
1972 2669 2073 2693 ceteris
2092 2674 2159 2693 vero
2178 2668 2261 2692 Edttt.

1346 2707 1410 2730 haec
1429 2705 1572 2730 disiunctio
1591 2708 1695 2729 Scenae
1711 2705 1752 2728 ut.
1773 2705 1858 2728 abest.
