2421 3005
103 80 182 117 209

104 165 267 207 habitat,
296 172 330 199 et
355 177 499 200 sorores
523 165 616 200 eius:
645 163 807 206 Iustitia,
835 167 1110 200 fundamentum

102 219 269 259 urbium,
303 224 338 251 et
359 230 509 252 concors
526 218 623 258 Pax,
658 217 752 251 filiae
774 216 985 258 Themidis,
1019 228 1111 263 quae

103 277 186 306 sunt
205 270 370 304 custodes
388 282 518 315 opum:
547 270 650 316 (Ant.
668 268 716 316 1.)
747 282 839 316 quae
858 270 1030 304 iniuriam
1049 281 1111 302 vo-

102 323 182 357 lunt
197 334 319 356 arcere
331 349 340 362 ,
369 329 521 356 matrem
537 322 661 356 fastus.

205 374 331 408 Habeo
352 371 524 415 honesta,
553 386 645 420 quae
663 374 801 416 dicam,
831 381 865 409 et
883 380 992 408 recta.
1036 373 1110 406 Au-

102 425 202 460 dacia
221 426 348 460 incitat
373 438 450 467 me,
486 432 526 460 ut
551 438 591 459 ea
616 427 746 462 dicam.
808 424 1034 472 Impossibile
1058 431 1110 459 est

102 478 282 512 occultare
299 478 497 523 ingenitam
515 485 699 514 naturam.
753 478 885 520 Vobis,
913 474 1108 518 Corinthii,

101 541 208 575 saepe
230 531 420 564 victoriam
454 531 633 565 dederunt
656 531 796 571 Horae,
841 544 922 566 cum
953 530 1108 564 victores

99 582 245 616 fuerunt
273 595 352 616 cum
380 595 520 617 summa
548 583 681 617 virtute
706 584 742 616 in
770 584 878 618 sacris
902 581 1107 616 certamini-

99 635 185 675 bus,
229 635 310 679 (Ep.
330 634 380 681 1.)
409 641 444 669 et
468 647 638 679 magnam
661 634 849 682 antiquam
876 634 1106 680 sapientiam.

99 685 225 720 Gloria
244 693 365 720 autem
383 687 503 732 operis
520 694 571 722 est
591 699 699 732 penes
718 688 960 722 inventorem.
999 686 1105 720 Unde

99 745 350 783 apparuerunt
377 738 514 772 Bacchi
540 737 724 780 Charites,
759 751 840 773 cum
858 737 1104 784 Dithyrambo

99 790 260 824 victore?
315 790 361 824 Et
379 791 459 837 quis
476 791 616 824 invenit
630 792 751 826 frenos
768 790 972 838 equorum?
1014 790 1105 836 Quis

98 841 281 887 geminam
325 843 485 889 aquilam
532 843 675 888 templis
718 844 858 889 primus
897 842 1105 888 imposuit?

96 895 205 939 Apud
233 906 297 928 vos
327 901 362 928 et
386 895 491 929 Musa
526 895 653 936 floret,
696 903 730 929 et
758 896 858 930 Mars
891 894 1104 941 perniciosis

96 946 245 991 proeliis
271 946 455 981 iuvenum.
510 948 602 993 (Str.
618 947 671 994 2)
701 948 848 982 Summe
870 946 1028 993 Iupiter,
1057 947 1103 981 sis

96 998 218 1032 fautor
233 998 333 1032 omni
350 1005 515 1044 tempore
532 1000 622 1035 meis
641 1001 880 1039 carminibus,
917 1007 952 1034 et
975 1011 1103 1043 regens

95 1048 193 1084 hunc
224 1051 402 1095 populum
436 1051 512 1086 sine
542 1052 767 1093 calamitate,
802 1053 962 1098 guberna
988 1052 1104 1085 sortu-

95 1114 182 1136 nam
205 1101 481 1148 Xenophontis,
524 1111 558 1137 et
587 1105 706 1149 recipe
732 1103 826 1138 hanc
851 1104 1103 1138 laudationem

97 1166 338 1196 coronarum,
377 1168 486 1202 quam
513 1156 612 1189 ducit
634 1169 676 1190 ex
694 1157 830 1201 campis
846 1156 971 1197 Pisae,
1006 1161 1103 1201 post-

97 1219 207 1253 quam
224 1207 311 1240 vicit
326 1207 364 1240 in
381 1208 497 1241 stadio
519 1214 551 1240 et
568 1206 757 1252 pentatblo
769 1236 778 1249 ‚
807 1221 899 1255 quae
918 1210 991 1242 duo
1013 1207 1105 1241 nulli

96 1258 308 1292 mortalium
328 1266 435 1292 antea
454 1260 581 1293 eodem
599 1260 657 1293 die
674 1261 915 1305 contigerunt.
938 1260 1040 1305 (Ant.
1051 1261 1104 1305 2)

97 1310 200 1344 Duae
216 1316 251 1343 et
266 1311 358 1344 aliae
377 1311 450 1355 apii
475 1323 631 1345 coronae
657 1324 737 1346 eum
764 1313 801 1345 in
818 1310 976 1346 Isthmiis
1001 1323 1104 1344 coro-

96 1367 289 1396 naverunt.
358 1362 433 1397 Nec
464 1362 599 1397 Nemea
643 1364 676 1397 ei
714 1365 936 1399 restiterunt.
1008 1362 1105 1396 Vicit

99 1426 205 1448 cursu
241 1419 276 1447 et
305 1420 409 1458 pater
433 1412 628 1449 Thessalus
666 1417 711 1449 ad
736 1415 931 1462 Alpheum.
992 1414 1039 1449 Et
1066 1415 1105 1448 in

98 1463 257 1512 Pythiis,
285 1478 359 1500 uno
377 1467 433 1500 die
451 1474 484 1501 et
506 1469 632 1501 eodem
657 1481 798 1508 mense,
833 1468 951 1502 stadio
982 1474 1016 1501 et
1039 1468 1105 1501 du-

97 1518 183 1564 plici
198 1518 328 1553 stadio.
381 1518 428 1552 Et
444 1519 482 1552 in
507 1520 643 1564 asperis
660 1518 812 1555 Athenis
836 1528 908 1555 tres
933 1519 1105 1553 victorias

99 1571 250 1616 adeptus
275 1576 338 1604 est.
393 1573 474 1618 (Ep.
492 1572 546 1617 2.)
582 1572 720 1617 Septies
745 1573 830 1607 vicit
853 1573 891 1606 in
919 1571 1104 1606 Palladiis.

99 1622 330 1656 Comitantur
348 1635 430 1657 eum
458 1630 493 1657 et
511 1625 651 1657 maiora
677 1625 871 1669 praeconia
885 1652 894 1666 ‚
923 1637 1003 1659 cum
1022 1636 1105 1665 avo,

98 1674 137 1707 in
161 1673 323 1718 Neptuni
347 1675 616 1710 certaminibus.
677 1677 790 1722 Saepe
819 1683 854 1711 et
879 1677 917 1710 in
941 1674 1105 1722 Delphis,

101 1732 135 1760 et
160 1726 197 1760 in
215 1726 360 1760 Nemeis
379 1726 524 1761 vicistis.
580 1727 776 1762 Multitudo
802 1730 886 1762 facit
910 1727 1001 1762 mihi
1032 1740 1106 1762 cer-

100 1785 244 1819 tamen,
279 1784 471 1823 propterea
498 1780 596 1825 quod
622 1780 753 1815 multas
778 1788 914 1815 vestras
937 1780 1106 1814 victorias

99 1842 177 1863 non
199 1842 346 1875 possum
371 1831 543 1871 recitare,
584 1838 624 1864 ut
652 1844 726 1865 non
754 1833 889 1877 possim
912 1843 1106 1866 numerare

100 1882 244 1928 lapillos
268 1883 390 1917 maris.
451 1884 543 1929 (Str.
571 1884 624 1930 3.)
664 1884 835 1929 Qualibet
859 1891 979 1918 autem
1005 1885 1042 1916 in
1068 1895 1106 1916 re

101 1935 232 1968 modus
249 1940 320 1975 est,
349 1947 455 1981 quem
474 1948 579 1969 nosse
596 1936 773 1980 optimum
795 1943 858 1971 est.

206 1985 283 2031 Ego
301 1994 419 2020 autem
438 1987 586 2032 proprie
608 1988 750 2028 electus,
773 1995 811 2022 ut
828 1988 970 2033 publice
989 1987 1106 2020 dicam

102 2038 286 2072 maiorum
304 2039 510 2084 virtutesffl)
529 2046 563 2072 et
579 2040 693 2080 bella,
720 2052 794 2073 non
813 2041 930 2073 dicam
948 2039 1035 2073 falsa
1065 2040 1108 2072 de

104 2088 295 2125 Corintho.
357 2089 530 2136 Sisyphus
554 2092 720 2126 excelluit
747 2092 945 2137 sapientia,
981 2098 1015 2125 et
1032 2091 1109 2124 Me-

103 2144 170 2177 dea
189 2150 315 2177 contra
335 2143 448 2188 patris
464 2144 688 2178 voluntatem
713 2145 856 2190 nupsit,
893 2151 927 2178 et
953 2143 1110 2178 servavit

103 2194 228 2228 navim
255 2195 353 2239 Argo
381 2201 415 2228 et
436 2195 564 2229 socios.
625 2195 724 2243 (Ant.
750 2197 803 2242 3.)
839 2197 1033 2230 Praeterea
1064 2195 1109 2228 ad

104 2246 258 2280 Troiam
291 2246 329 2279 in
362 2253 516 2293 utraque
543 2255 644 2292 parte
669 2247 944 2283 Corinthiorum
973 2247 1111 2293 posteri

104 2299 271 2339 fuerunt,
306 2298 365 2331 alii
394 2311 474 2332 cum
500 2312 630 2343 genere
653 2301 756 2334 Atrei
780 2308 983 2346 repetentes
1006 2299 1110 2333 Hele—

106 2363 214 2391 nam,
252 2350 314 2383 alii
341 2357 515 2385 arcentes.
570 2351 661 2385 Nam
681 2353 879 2394 Glaucum,
918 2353 980 2399 qui
1005 2363 1111 2385 vene-

107 2409 164 2437 rat
182 2415 224 2436 ex
240 2402 371 2448 Lycia,
399 2403 577 2437 timebant
594 2404 735 2438 Graeci.
790 2405 1026 2439 Gloriabatur
1051 2416 1113 2436 au-

108 2461 180 2488 tem
222 2455 379 2490 Glaucus
400 2483 409 2496 ,
464 2462 605 2500 patrem
649 2469 752 2489 suum
790 2455 1113 2501 Bellerophontem

108 2507 216 2540 fuisse
240 2520 360 2552 regem
384 2507 614 2541 Corinthium
629 2535 637 2547 ,
678 2509 757 2552 (Ep.
777 2508 827 2555 3.)
856 2509 916 2555 qui
936 2510 1114 2553 Pegasum

109 2571 153 2592 ex
173 2559 343 2604 Gorgone
363 2567 487 2594 natum
509 2561 633 2594 volens
656 2561 818 2601 frenare,
855 2561 968 2595 multa
993 2572 1117 2606 passus

145 2692 349 2732 3l)·virtutcs]
371 2697 412 2720 sic
433 2696 478 2729 (=
500 2698 575 2721 Pind.
597 2693 754 2729 ἀρεταῖσιν)
783 2697 822 2720 Ed
850 2698 941 2728 1558.;

182 2731 320 2755 v1rtutem.

114 2772 300 2804 MELANTH.
324 2775 431 2805 ΟΡΕκ.
456 2775 542 2805 Vol..
568 2775 656 2804 XlX.

520 73 679 114 LXXXI.
736 75 1144 114 INTERPRETATIO
1170 74 1515 121 joLYMPIORUM
1548 73 1759 110 PINDARI.

979 2697 1028 2722 Ed.
1045 2695 1120 2720 1563.
1147 2687 1148 2690 ’

2100 75 2175 112 210

1169 170 1241 204 est,
1270 164 1385 198 donec
1410 163 1442 197 ei
1459 163 1578 197 Pallas
1597 174 1748 197 aureum
1768 163 1910 196 frenum
1935 161 2066 196 attulit.
2121 161 2171 196 lbi

1168 228 1209 249 ex
1225 216 1369 250 somnio
1387 215 1507 250 statim
1527 228 1583 249 res
1602 214 1677 260 ipsa
1699 220 1842 259 praesto
1865 214 1943 248 fuit.
2006 213 2173 259 Compel-

1166 267 1254 301 lavit
1270 275 1391 302 autem
1416 281 1497 302 eum
1515 267 1652 302 Pallas:
1681 265 1829 300 Dormis
1845 264 2172 311 Bellerophontes?

1166 320 1286 364 accipe
1321 319 1391 354 hoc
1424 326 1589 367 equestre
1623 325 1898 360 ornamentum,
1934 325 1968 352 et
1994 325 2171 353 monstres

1164 371 1336 417 Neptuno
1367 373 1543 406 domitori
1576 384 1774 419 equorum,
1818 376 1978 405 mactans
2014 377 2171 406 taurum.

1164 422 1259 471 (Str.
1283 423 1336 471 4.)
1366 424 1463 459 Haec
1487 425 1606 458 dicere
1634 424 1666 458 ei
1691 422 1888 457 dormienti
1914 429 2025 457 noctu
2050 423 2170 458 Pallas

1164 476 1240 510 visa
1259 483 1322 511 est.
1375 476 1533 512 Exiliens
1550 477 1660 522 igitur
1677 482 1775 509 recto
1793 477 1905 520 pede,
1934 481 1969 508 et
1994 475 2170 519 accipiens

1163 540 1278 573 prope
1302 529 1460 574 positum
1492 530 1656 574 signum,
1700 535 1819 561 vatem
1847 527 1936 560 adiit
1960 526 2168 572 indigenam

1162 580 1379 626 Polyidum,
1408 588 1442 615 et
1459 588 1576 616 totum
1601 587 1770 615 eventum
1797 580 1829 613 ei
1854 579 2033 613 narravit:
2072 580 2167 625 quod

1163 633 1207 666 ad
1226 644 1328 666 aram
1346 633 1445 666 Deae
1474 633 1688 667 dormiverit
1711 632 1789 678 ipso
1811 632 1976 672 iubente,
2013 638 2047 665 et
2071 632 2167 677 quod

1162 685 1282 720 Pallas
1311 685 1342 719 ei
1368 686 1507 719 dederit
1534 685 1633 731 (Ant.
1653 685 1703 729 4.)
1721 697 1869 719 aureum
1890 684 2047 718 frenum.
2102 682 2168 716 Hic

1162 737 1282 778 iussit,
1311 744 1351 771 ut
1370 738 1556 771 celerrime
1581 737 1724 772 somnio
1750 738 1992 781 obtemperet;
2030 742 2064 769 et
2087 747 2166 769 cum

1162 790 1374 823 mactaverit
1400 796 1544 824 taurum
1571 790 1763 834 Neptuno,
1799 795 1912 833 ponat
1934 800 2034 821 aram
2061 800 2165 834 eque-

1161 841 1225 875 stri
1250 841 1404 875 Palladi.
1466 841 1585 876 Efficit
1607 848 1726 875 autem
1756 841 1917 886 potentia
1943 840 2064 873 divina
2089 851 2167 873 rem

1159 893 1322 934 facilem,
1364 894 1408 927 de
1431 907 1501 940 qua
1525 906 1633 927 nemo
1661 894 1782 927 iurare
1811 898 1949 938 posset,
1997 898 2031 926 et
2056 903 2167 938 quam

1160 958 1266 979 nemo
1284 952 1458 991 speraret.

1261 996 1410 1043 Accepit
1441 998 1549 1043 igitur
1579 995 1882 1043 Bellerophontes
1917 998 2078 1037 frenum,
2131 1005 2165 1032 et

1159 1048 1276 1082 iunxit
1301 1050 1456 1084 maxillis
1482 1052 1563 1097 (Ep.
1584 1049 1636 1097 4.)
1663 1051 1758 1097 equi.
1826 1050 2030 1084 Conscenso
2057 1062 2163 1096 equo,

1158 1101 1280 1135 statim
1299 1102 1335 1134 in
1354 1102 1464 1136 armis
1480 1102 1576 1143 lusit,
1604 1115 1683 1136 cum
1703 1101 1771 1136 hoc
1788 1109 1950 1137 sternens
1967 1102 2163 1136 exercitum

1159 1153 1371 1187 muliebrem
1391 1155 1619 1188 Amazonum
1648 1167 1689 1188 ex
1716 1154 1798 1189 sinu
1821 1152 1989 1188 aethereo
2012 1154 2165 1198 frigidae

1159 1205 1375 1240 solitudinis.
1443 1205 1625 1240 Interfecit
1662 1213 1697 1240 et
1725 1205 1955 1240 Chimaeram
1983 1206 2164 1240 efflantem

1160 1257 1301 1301 ignem,
1343 1265 1378 1292 et
1403 1258 1582 1304 Solymos.
1647 1258 1701 1292 De
1732 1265 1850 1292 morte
1877 1271 1963 1292 vero
1987 1259 2061 1293 eius
2090 1271 2166 1292 non

1160 1309 1290 1343 dicam.
1346 1310 1524 1355 Pegasum
1542 1309 1678 1355 Iupiter
1693 1310 1730 1343 in
1749 1311 1889 1345 coelum
1906 1311 2100 1345 transtulit.

1265 1360 1357 1407 (Str.
1374 1360 1428 1409 5,)
1458 1362 1517 1396 Me
1534 1375 1620 1396 vero
1643 1363 1858 1397 iaculantem
1877 1363 2058 1398 turbinem
2078 1363 2166 1397 telo-

1159 1424 1260 1453 rum,
1307 1415 1409 1448 decet
1445 1427 1519 1448 non
1552 1416 1663 1449 multa
1697 1415 1841 1449 mittere
1874 1422 1971 1449 extra
2005 1427 2165 1460 scopum.

1158 1464 1252 1498 Veni
1276 1466 1392 1507 enim,
1425 1473 1465 1500 ut
1490 1467 1665 1501 celebrem
1692 1466 1901 1502 Corinthios
1927 1468 1970 1501 ab
1997 1467 2165 1512 Oligoeto

1161 1523 1272 1552 ortos.
1327 1518 1526 1552 Ostendam
1549 1520 1659 1564 igitur
1684 1520 1786 1553 brevi
1810 1520 1970 1554 carmine
1996 1520 2166 1554 victorias

1160 1570 1197 1602 in
1215 1567 1351 1604 Isthmo
1372 1577 1406 1604 et
1422 1570 1557 1605 Nemea
1587 1579 1709 1617 partas
1736 1572 1894 1606 familiae
1913 1571 2093 1616 Oligoeti,
2132 1578 2167 1605 et

1162 1622 1255 1655 addo
1276 1622 1534 1658 iuramentum.
1564 1623 1731 1669 Sexagies
1750 1625 1845 1658 enim
1865 1625 1901 1657 in
1919 1631 2074 1671 utroque
2086 1624 2166 1657 loco

1162 1674 1357 1708 celebravit
1375 1674 1471 1710 Deos
1495 1689 1564 1709 vox
1589 1677 1789 1721 praeconis.
1846 1676 1947 1722 (Ant.
1965 1674 2016 1722 5.)
2042 1675 2168 1721 Olym-

1161 1726 1263 1771 picae
1288 1734 1407 1761 autem
1434 1728 1607 1762 victoriae
1629 1729 1729 1773 prius
1753 1728 1869 1762 dictae
1894 1735 1995 1769 sunt,
2029 1728 2167 1762 futuras

1162 1785 1285 1823 postea
1313 1780 1486 1814 recitabo.
1549 1779 1654 1815 Nunc
1680 1793 1806 1826 spero,
1837 1780 1916 1814 Deo
1941 1781 2086 1826 quidem
2115 1780 2167 1813 iu—

1162 1837 1290 1871 vante,
1324 1832 1353 1866 si
1380 1833 1535 1877 genuina
1560 1833 1706 1866 fortuna
1734 1834 1926 1878 procedet,
1961 1831 2037 1865 lovi
2055 1831 2165 1864 Marti

1162 1880 1231 1915 hoc
1247 1883 1459 1918 tribuemus.
1513 1884 1693 1919 Victorias
1707 1897 1794 1918 vero
1819 1884 1856 1917 in
1880 1884 1964 1928 iugo
1985 1883 2168 1923 Parnassi,

1162 1934 1268 1978 Argis
1299 1941 1333 1968 et
1359 1934 1515 1976 Thebis,
1559 1943 1592 1970 et
1630 1937 1666 1970 in
1690 1936 1846 1970 Arcadia
1876 1935 2065 1970 testabitur
2093 1947 2167 1969 ara.

1163 1986 1245 2032 (Ep.
1265 1984 1318 2032 5.)
1338 1987 1383 2021 Et
1402 2000 1465 2032 per
1480 1986 1655 2022 Achaiam
1669 2016 1677 2029 ‚
1704 1989 1900 2033 Aeginam,
1928 1988 2105 2027 Atticam,
2134 1994 2169 2021 et

1164 2038 1345 2079 Siciliam,
1390 2040 1546 2086 denique
1575 2053 1639 2085 per
1664 2047 1777 2074 totam
1805 2040 1995 2074 Graeciam
2021 2040 2168 2079 vadens,

1165 2090 1327 2124 invenIes
1360 2091 1498 2125 maiora
1534 2093 1626 2125 facta
1653 2090 1950 2133 Corinthiorum,
1993 2104 2101 2138 quam
2129 2098 2169 2125 ut

1164 2143 1303 2187 singula
1330 2143 1559 2177 considerare
1582 2144 1708 2189 possis.
1771 2145 1839 2178 Sed
1859 2142 1995 2189 Iupiter
2019 2144 2093 2184 fac,
2128 2149 2168 2176 ut

1166 2194 1305 2227 vincam
1332 2194 1400 2228 levi
1427 2197 1539 2240 pede,
1586 2202 1620 2230 et
1643 2197 1687 2229 da
1713 2194 1804 2230 mihi
1828 2193 2004 2230 honorem
2036 2202 2068 2229 et
2092 2195 2169 2229 dul-

1166 2259 1241 2280 cem
1261 2247 1458 2282 fortunam.

1558 2351 1650 2392 Ode
1669 2351 1792 2392 XIV.

1169 2429 1201 2461 A
1211 2440 1227 2461 s
1237 2439 1284 2470 op
1296 2427 1360 2460 ich
1372 2439 1389 2459 ο
1407 2428 1637 2469 Orchomem'o,
1662 2426 1736 2470 filio
1752 2428 1932 2466 claudam,
1963 2423 2171 2472 oradzetfffl).

1275 2502 1367 2549 (Str.
1390 2504 1439 2549 1.)
1469 2502 1633 2538 Charites
1664 2504 1759 2548 apud
1783 2500 1969 2547 Cephisias
1999 2514 2111 2548 aquas
2141 2509 2174 2536 et

1173 2553 1469 2597 Orchomenum,
1513 2563 1547 2590 et
1578 2563 1739 2590 veterum
1770 2554 1979 2599 Minyarum
2007 2555 2175 2600 episcopi,

1211 2693 1259 2724 32)
1282 2693 1337 2717 filio
1358 2694 1517 2722 Cleodami,
1538 2691 1667 2720 orruisti]
1688 2690 1728 2713 sic
1749 2689 1832 2713 Editt.
1852 2689 1942 2715 ¹558..
1966 2689 2038 2713 1563.
2057 2699 2085 2709 Ξ
2101 2690 2177 2714 Pind.

1249 2728 1332 2752 Editt.
1353 2730 1483 2754 Francof.
1506 2729 1600 2757 1542..
1626 2726 1710 2749 nasu.
1734 2725 1824 2753 1556..
1843 2724 1874 2747 Η.
1891 2725 1985 2754 steph,
2008 2725 2081 2750 1566.
2101 2721 2178 2747 παιδὶ

1611 2762 1655 2796 14
