2421 3005
81 123 153 157 113
454 117 643 154 LXXVIII.

78 208 141 242 llic
156 219 280 241 versus
309 213 360 241 est
385 207 543 252 optimus
566 206 604 240 in
625 207 799 250 Virgilio,
829 214 862 241 et
881 213 933 240 est
947 219 1087 240 summa
1115 235 1117 247 ‚

77 259 244 294 omnium
263 266 473 303 poematum
494 265 528 292 et
544 259 815 303 tragoediarum
829 287 838 300 ‚
867 259 950 305 quia
972 271 1089 292 exem-

78 313 138 357 pla
169 312 357 356 proposita
384 318 487 351 sunt,
523 318 563 345 ut
597 312 779 345 discamus
809 311 981 345 iudicium
1008 311 1088 351 Dei,

79 361 131 410 μὴ
158 361 259 398 κακὰ
286 361 498 410 κερδαίνειν
527 369 592 397 etc.

81 423 115 449 et
136 415 247 450 simus
271 416 520 450 modestiores.

184 475 263 510 Vss.
289 475 364 511 467
389 490 467 522 sqq.
494 474 633 510 XXXII.

81 528 265 562 ebrietate.

183 588 284 622 Esset
301 588 497 621 admodum
517 588 684 622 salutaris
705 588 906 622 admonitio
919 614 927 627 ‚
956 586 984 620 si
1003 599 1086 631 pro-

80 642 214 680 desset;
242 641 304 674 sed
329 640 378 673 ita
404 641 617 687 plerumque
634 642 685 675 fit.
740 641 897 686 Quidam
917 640 1086 683 obiurga-

80 692 131 726 vit
158 692 319 726 ebrium:
355 692 439 726 Non
463 694 573 737 pudet
598 700 631 726 te
656 693 703 726 ita
732 692 886 738 ineptire
917 690 1085 725 ebrium?

78 743 169 785 Imo,
198 744 318 790 inquit
334 744 406 784 ille,
431 757 505 777 non
522 746 633 790 pudet
651 751 684 778 te
706 746 897 790 obiurgare
917 742 1084 777 ebrium?

77 796 231 830 Seneca:
261 795 530 830 Consuetudine
553 797 716 831 insaniae
742 798 871 831 durata
897 796 1004 836 vitia,
1034 796 1085 828 xi-

78 861 125 881 no
143 855 329 893 concepta,
358 849 464 881 etiam
486 849 561 882 sine
578 849 663 883 vino
682 850 814 884 valent.
868 848 932 883 Est
949 848 1082 881 dictum

77 898 266 946 physicum
304 906 339 933 et
374 902 588 936 oratorium.
650 901 713 935 Est
742 903 838 935 bona
876 899 1022 946 physica
1051 907 1085 933 et

77 953 173 985 bona
201 952 431 998 eloquentia,
461 959 494 986 et
516 954 632 986 forma
660 967 781 988 rerum
808 960 859 988 est
872 954 990 993 bona,
1018 954 1083 988 unb

77 1002 118 1047 ist
144 1013 234 1050 amat
267 1005 302 1040 in
341 1006 466 1041 unbem
503 1006 624 1052 bingen
661 1006 738 1053 aud)
767 1005 822 1051 Ῐο,
865 1013 904 1039 ut
929 1005 1083 1038 adulteri

78 1063 145 1091 etc.
172 1056 377 1091 delabimur
400 1059 660 1093 consuetudine
687 1060 794 1092 etiam
822 1060 866 1092 ad
885 1058 1010 1090 eadem
1033 1057 1084 1090 vi—

77 1107 140 1142 tia.
194 1108 376 1143 Homerus
394 1108 441 1156 63)
463 1110 566 1144 dicit:
595 1109 692 1147 ἑκών
716 1109 866 1147 ἀέκοντί
893 1123 935 1158 γε
954 1110 1085 1156 θυμῷ,

78 1167 201 1194 manet
223 1162 349 1196 volens
374 1174 449 1195 non
476 1163 612 1196 volenti
630 1163 767 1197 animo.

697 475 751 509 De
777 475 951 509 conviviis
984 481 1018 508 et
1043 476 1086 508 de

130 1220 216 1269 Χρὴ
253 1223 376 1262 ξεῖνον
421 1221 613 1269 παρεόντα
647 1225 791 1271 φιλεῖν,
833 1221 1017 1258 ἐθέλοντα
1045 1216 1085 1255 δὲ

496 1274 722 1324 πξιιπεινω).

78 1333 119 1366 Id
143 1340 216 1375 est,
261 1334 355 1371 ἑῡῖαη
382 1334 431 1379 sol
463 1336 496 1380 ju
527 1335 612 1382 nicht
648 1336 849 1382 auffbatten.
905 1334 1086 1367 Homerus

80 1385 181 1419 dicit:
220 1384 395 1420 Similiter
421 1394 565 1432 peccat,
593 1389 655 1434 qui
689 1389 893 1422 venientem
923 1398 998 1420 non
1029 1398 1086 1419 ex-

79 1437 165 1482 cipit
180 1434 338 1483 hospitio
359 1446 543 1480 amanter,
572 1447 606 1473 et
630 1441 710 1481 ille,
735 1441 798 1487 qui
813 1439 944 1473 retinet
960 1439 1085 1472 nolen-

78 1496 162 1524 tem.
215 1488 254 1523 Id
282 1497 353 1532 est,
381 1504 457 1525 non
482 1493 564 1526 iube
580 1492 632 1526 ire
652 1494 761 1528 foras.

180 1549 241 1585 Vs.
258 1549 346 1586 469.
400 1552 616 1599 Simonide]
662 1555 724 1591 Qu
750 1554 938 1599 sttiigtingl
968 1558 1006 1586 tu
1031 1563 1086 1585 sa-

78 1601 259 1646 pientule‚
298 1604 498 1650 alloquitur
532 1606 691 1652 aliquem
724 1607 762 1640 in
794 1606 985 1645 convivio,
1024 1603 1087 1650 qui

76 1654 154 1687 vult
178 1655 257 1699 plus
284 1668 409 1700 sapere
436 1658 598 1692 caeteris.

179 1715 240 1748 Vs.
265 1714 352 1750 470.
391 1714 633 1764 Saipryss‘tgffifl
696 1719 782 1752 Vini
814 1718 914 1763 potio
949 1725 983 1751 et
1008 1717 1086 1764 qui-

77 1766 157 1799 dem
182 1767 319 1811 largior
349 1770 591 1816 undecunque
617 1777 688 1811 est,
724 1771 773 1804 ita
801 1771 1003 1817 loquuntur
1029 1782 1087 1803 ve·

76 1824 180 1853 teres.

179 1879 239 1913 Vs.
253 1879 340 1916 472.
370 1881 489 1915 Omne
507 1889 671 1916 coactum
692 1895 782 1927 opus
810 1889 860 1916 est
881 1883 1086 1922 molestum,

77 1931 303 1965 dolorificum
315 1934 343 1979 Ι]
371 1933 477 1981 matht
505 1935 598 1971 einen
627 1936 792 1981 unwillig.

177 1992 257 2028 VSS.
282 1993 358 2029 473
376 2015 426 2020 —
443 1994 530 2030 476.
594 1996 739 2029 Volenti
768 1996 891 2028 bibere
919 1995 1086 2028 infundat

77 2047 275 2088 adstando,
312 2060 386 2080 non
412 2054 505 2081 totas
530 2055 653 2082 noctes
677 2048 851 2082 deliciari.
906 2047 974 2081 Sed
1007 2060 1086 2091 ego,

76 2105 268 2146 postquam
295 2112 503 2134 mensuram
529 2098 670 2134 habebo
699 2101 812 2134 dulcis
837 2099 931 2140 vini,
960 2099 1087 2133 memi-

76 2163 165 2185 nero
192 2153 326 2186 vadens
351 2153 500 2185 domum
519 2154 639 2187 somni
662 2153 835 2187 solventis
855 2150 988 2200 curas.]
1023 2151 1085 2186 Est

76 2215 132 2237 res
174 2204 477 2248 perniciosissima
522 2205 667 2250 corpori
709 2206 827 2239 omnis
868 2205 1085 2245 lucubratio,

79 2255 187 2288 etiam
219 2256 343 2290 sobrii.
397 2256 473 2301 Ego
503 2257 540 2290 in
565 2258 629 2291 ista
658 2258 903 2291 imbecillitate
921 2257 1085 2301 corporis

79 2307 149 2340 mei
174 2308 273 2341 nulla
302 2307 445 2341 ratione
465 2310 707 2343 valetudinem
729 2316 852 2350 tueor,
876 2322 957 2342 eum
979 2321 1085 2354 saepe

81 2365 240 2393 tentetur
265 2361 403 2395 morbis
422 2367 456 2394 et
488 2361 565 2395 aliis
598 2362 770 2403 miseriis,
815 2362 883 2395 nisi
917 2360 983 2395 bac
1012 2374 1083 2395 una

77 2411 283 2456 diligentia,
312 2415 408 2459 quod
436 2413 506 2446 cito
523 2426 564 2446 eo
584 2414 756 2448 cubitum.
809 2414 886 2458 Ego
905 2412 973 2447 boc
995 2414 1084 2448 mul-

78 2469 132 2497 tos
161 2465 289 2505 docui,
319 2466 379 2511 qui
406 2465 534 2498 imitati
564 2473 667 2506 sunt,
697 2473 730 2498 et
748 2466 882 2510 experti
908 2473 991 2500 sunt
1011 2480 1084 2500 esse

115 2625 164 2656 63)
186 2626 263 2650 Hom.
282 2626 314 2650 11.
335 2627 392 2657 lv,
412 2628 453 2650 ⁴13.

116 2686 165 2714 64)
186 2687 263 2711 nom.
284 2687 334 2712 Od.
356 2687 430 2717 xv,
449 2688 491 2712 74.

117 2735 165 2767 65)
184 2734 316 2768 θώρηξις]
337 2739 386 2763 Ed.
409 2739 485 2764 1560.
505 2740 591 2762 male:
618 2736 746 2770 θώρυξις.
783 2740 920 2769 Theognis
947 2742 971 2764 li.
992 2742 1009 2767 l.
1030 2748 1084 2766 nou

152 2772 232 2795 hahet
252 2773 303 2796 hoe
323 2779 419 2796 nomeu
433 2791 440 2803 v
463 2774 511 2797 sed
534 2775 646 2798 verbum
666 2772 872 2805 θωρήσσεσθαι.

82 2813 264 2846 MELANTH.
288 2816 394 2847 Ormi.
420 2816 504 2847 Vol..
528 2817 618 2846 XIX.

654 363 730 397 Vae
764 364 827 410 qui
851 363 983 408 spolias
1009 370 1088 404 etc„
1113 388 1115 399 .

1113 433 1115 457 2
1142 422 1177 448 et
1206 416 1316 449 stellis
1346 416 1506 456 diurnis,
1542 428 1635 462 quae
1659 416 1882 450 comitantur
1908 417 2041 457 solem,
2074 431 2152 451 cor-

707 117 1000 154 EXPLICATIO
1036 117 1423 154 SENTENTIARUM
1459 118 1754 156 THEOGNIDS.

1110 2553 1115 2651 ,ι

2081 118 2155 153 114

1145 220 1221 240 rem
1244 207 1534 242 saluberrimam.
1587 207 1715 252 Fugite
1743 207 1850 241 etiam
1870 207 2075 242 studiorum
2100 209 2153 243 lu-

1144 260 1375 294 cubrationes
1400 259 1635 304 vespertinas.
1701 259 1841 294 Natura
1868 267 1921 294 est
1952 261 2152 305 composita

1144 311 1324 356 principio
1349 313 1465 346 noctis
1490 313 1536 345 ad
1561 312 1738 357 quietem,
1768 318 1802 345 et
1822 314 1959 357 appetit
1979 313 2152 359 quietem,

1143 376 1237 409 quae
1265 371 1317 397 est
1345 365 1377 397 ei
1404 365 1648 398 concedenda.
1711 364 1820 397 Mane
1846 366 2048 409 prodeunte
2077 367 2151 400 sole

1141 480 1230 512 pora
1258 480 1382 502 rursus
1408 475 1440 501 et
1469 468 1616 513 spiritus
1637 475 1672 500 et
1698 468 1854 512 impetus
1872 470 1916 502 ad
1933 469 2095 503 laborem
2118 477 2152 504 et

1142 520 1265 552 onmia
1295 527 1379 553 sunt
1401 521 1515 564 magis
1541 520 1669 553 idonea
1697 522 1741 553 ad
1767 521 1934 555 ferendos
1959 522 2111 556 labores.

1246 570 1306 606 Vs.
1325 571 1413 606 477.
1467 572 1698 615 Ostendam]

1140 625 1257 657 facere
1285 624 1516 658 abstemium.

1244 683 1305 718 Vs.
1332 684 1419 719 478.
1474 684 1558 718 Non
1592 685 1695 717 valde
1726 697 1805 718 sum
1837 685 1998 725 sobrhns,
2033 699 2150 733 neque

1141 736 1245 768 valde
1274 737 1422 782 ebrius.]
1478 735 1515 769 Id
1545 743 1618 775 est,
1647 748 1784 782 quaero
1810 737 2110 773 mediocritatem.

1244 787 1322 823 Vss.
1340 788 1415 823 479
1430 802 1483 834 sq.
1538 788 1607 822 Sed
1631 789 1692 834 qui
1718 789 1856 821 excedit
1880 796 1987 834 potus
2007 804 2150 825 mensu-

1139 852 1239 880 ram,
1268 852 1343 874 non
1369 848 1421 875 est
1439 853 1588 885 compos
1610 841 1755 883 liuguae
1780 852 1884 881 suae,
1911 854 1975 875 nec
1993 840 2151 890 mentis]

1139 892 1391 939 Salom011⁶⁶):
1428 893 1538 938 Quod
1573 900 1624 927 est
1659 894 1696 925 iu
1723 894 1830 925 corde
1857 894 1989 935 sobrii,
2024 902 2076 929 est
2112 895 2150 927 in

1140 957 1202 978 ore
1228 945 1330 979 ebrii.

1243 1006 1304 1040 Vs.
1331 1005 1418 1040 481.
1473 1005 1608 1040 Narrat
1632 1005 1835 1050 periculosa
1862 1006 2149 1052 insuperabilia]

1139 1057 1248 1091 Volat
1275 1058 1514 1091 irrevocabile
1538 1059 1687 1091 dictum.

1244 1110 1348 1155 Quae
1382 1110 1551 1143 videntur
1590 1110 1709 1153 turpia
1746 1110 1904 1155 sobriis]
1969 1110 2063 1156 Quia
2101 1112 2149 1145 sic

1140 1162 1301 1206 cogitant
1328 1162 1463 1196 sobrii:
1500 1162 1572 1196 Alii
1598 1162 1708 1194 multa
1737 1162 1906 1195 dixerunt
1933 1161 2023 1195 mihi
2049 1164 2153 1203 ebrii,

1141 1226 1233 1259 quae
1270 1227 1394 1248 omnes
1425 1214 1597 1247 vellemus
1626 1226 1698 1247 esse
1733 1215 1861 1247 obruta
1889 1221 2035 1248 aeterna
2062 1216 2153 1248 obli-

1140 1266 1268 1307 vione,
1296 1266 1458 1300 fortassis
1484 1279 1549 1310 ego
1578 1266 1697 1299 ebrius
1723 1279 1869 1312 quoque
1888 1268 1924 1300 id
1939 1267 2018 1301 feci.
2066 1267 2152 1301 Inde

1142 1325 1261 1352 ortum
1293 1325 1346 1353 est
1372 1319 1478 1352 illud:
1508 1318 1579 1351 Odi
1601 1330 1801 1351 memorem
1822 1325 2073 1364 compotorem
2087 1319 2150 1366 G⁷).

1244 1380 1323 1415 Vss.
1342 1379 1575 1417 484—486.
1630 1381 1714 1415 Non
1732 1381 1814 1415 bibe
1830 1381 1956 1415 vinum
1982 1381 2153 1415 immodi-

1141 1444 1199 1473 ce,
1235 1434 1297 1467 sed
1326 1435 1469 1473 secede,
1506 1434 1720 1479 priusquam
1746 1434 1808 1468 fias
1843 1434 1983 1476 ebrius,
2025 1448 2090 1469 nec
2120 1443 2151 1469 te

1141 1492 1245 1529 cogat
1269 1492 1412 1527 venter,
1440 1486 1530 1519 sicut
1565 1487 1698 1519 malum
1729 1499 1872 1520 servum
1902 1487 2032 1521 diurna
2061 1500 2153 1521 mer-

1141 1538 1226 1570 cede
1250 1539 1502 1583 conductum.]
1559 1538 1636 1571 Hoc
1670 1545 1722 1572 est
1748 1536 1948 1584 physicum.
2003 1539 2153 1585 Appeti-

1141 1589 1191 1622 tio
1222 1597 1329 1635 potus
1359 1592 1523 1624 oriturne
1549 1604 1567 1623 a
1588 1590 1739 1624 ventre?
1767 1591 1867 1625 cuius
1888 1592 2001 1636 partis
2023 1592 2150 1626 vitium

1141 1649 1193 1676 est
1220 1642 1453 1676 immediate?
1523 1643 1638 1676 Gulae
1674 1644 1729 1676 vel
1765 1650 1887 1687 gustus
1927 1644 2055 1678 vitium
2090 1652 2156 1686 est,

1141 1707 1217 1727 non
1242 1702 1293 1728 est
1310 1708 1470 1729 excessus
1494 1695 1698 1730 ventriculi.
1751 1695 1879 1730 Fames
1904 1703 1938 1729 et
1961 1697 2038 1730 sitis
2063 1698 2154 1731 fiunt

1140 1747 1202 1780 sic.
1258 1748 1416 1792 Quando
1436 1760 1549 1780 venae
1568 1745 1780 1789 hauserunt,
1810 1748 1982 1794 quicquid
2002 1749 2070 1782 suit
2086 1762 2153 1783 nu-

1142 1799 1305 1832 trimenti
1332 1800 1368 1832 in
1396 1799 1618 1839 ventriculo,
1650 1800 1870 1834 ventriculus
1899 1800 2017 1834 inanis
2044 1801 2152 1835 sentit

1143 1850 1242 1884 illam
1274 1852 1488 1885 inanitatem
1518 1853 1554 1884 in
1585 1852 1745 1892 orificio,
1774 1852 1882 1885 sentit
1907 1852 2015 1885 etiam
2040 1854 2151 1887 desic-

1141 1903 1343 1944 cationem,
1373 1910 1407 1937 et
1426 1904 1565 1949 appetit
1592 1916 1715 1937 rursus
1745 1910 1778 1936 et
1799 1903 1917 1936 cibum
1945 1911 1978 1937 et
2003 1904 2152 1949 rigatio-

1142 1967 1236 1989 nem.
1302 1956 1462 2002 Qatnad)
1499 1966 1595 1992 menn
1632 1967 1710 1992 man
1743 1966 1781 2001 gu
1815 1956 1880 1991 viel
1909 1955 2051 2002 gesoffcu
2082 1959 2151 2002 bat,

1142 2007 1333 2041 irritantur
1357 2010 1476 2042 fauces
1505 2007 1676 2042 balitibus
1704 2010 2076 2053 praeternaturalilms
2096 2011 2151 2043 vel

1141 2060 1260 2094 crudis
1288 2060 1408 2094 rebus.
1463 2060 1624 2106 Qarnad)
1650 2061 1777 2106 gebcsss.

1282 2122 1341 2150 Quo
1361 2121 1424 2150 ptus
1444 2120 1509 2142 sunt
1530 2121 1628 2151 potae,
1649 2120 1710 2149 plus
1731 2118 1864 2144 sitiuntur
1884 2126 1972 2152 aquae
1984 2119 2032 2153 ⁶³).

1259 2163 1308 2197 Ita
1333 2165 1370 2196 fit
1392 2164 1429 2196 in
1454 2163 1646 2203 ebrietate,
1683 2163 1767 2209 quia
1794 2163 1845 2196 illi
1868 2162 2002 2198 balitus
2029 2177 2150 2199 ascen-

1140 2218 1249 2257 dunt,
1280 2216 1476 2249 etirritant
1505 2213 1772 2260 oesopbagum‚
1800 2222 1840 2248 ut
1857 2218 1918 2249 fiat
1936 2217 2091 2258 aridior,
2117 2226 2150 2252 et

1142 2270 1254 2314 magis
1282 2275 1428 2313 appetat
1464 2274 1604 2312 potum,
1666 2267 1733 2300 Hic
1762 2268 1872 2302 sumit
1904 2270 2148 2304 ventriculum

1140 2322 1372 2365 generaliter:
1402 2319 1538 2353 Venter
1558 2326 1589 2352 te
1612 2332 1687 2352 non
1713 2320 1808 2364 cogit
1828 2327 1892 2354 etc.

1246 2382 1305 2416 Vs.
1328 2382 1414 2416 487.

1140 2437 1196 2471 in&
1224 2435 1323 2477 ffiab.
1360 2436 1425 2469 unb
1453 2436 1557 2470 meroe
1586 2433 1670 2478 nid>t
1699 2436 1777 2479 ιιαῇ.

1140 2489 1256 2521 abeat.

1753 571 1791 606 ld
1816 579 1886 614 est,
1914 586 1989 606 non
2016 575 2097 607 volo
2118 581 2150 608 te

1469 2380 1542 2413 Aut
1570 2393 1738 2425 praeseus
1764 2394 1837 2414 nou
1862 2381 1992 2427 bibas.]
2055 2383 2147 2426 &ebe

1832 2433 1904 2467 Aut
1930 2434 2050 2473 bibat,
2085 2441 2147 2468 aut

1173 2639 1222 2668 66)
1244 2639 1433 2664 Ecclesiastiv.
1455 2639 1505 2667 21,
1525 2639 1568 2664 2⁸.

1174 2692 1222 2718 67)
1244 2692 1282 2714 be
1303 2692 1352 2713 huo
1371 2691 1520 2720 proverbio
1539 2691 1612 2716 eous,
1634 2690 1741 2713 Erasini
1764 2690 1850 2721 Adag.
1871 2691 1932 2714 chii.
1953 2692 1971 2716 t.
1999 2694 2067 2716 cent.
2087 2693 2143 2717 VH.

1210 2732 1288 2756 prov.
1309 2727 1329 2749 Ι.

1129 2779 1175 2809 68)
1203 2778 1286 2803 ΟνίιΙ.
1308 2779 1383 2802 Fast.
1405 2778 1431 2807 Ι,
1464 2778 1530 2802 216,

1540 2814 1562 2848 8
