2421 3005
67 72 139 136 ἀει
368 93 474 131 xcn.

63 186 115 221 sic
141 191 176 218 et
193 184 319 218 Cicero
337 182 362 217 Ι.
386 184 430 217 de
448 181 675 228 Officiis332).
784 180 841 216 Vs.
860 182 920 217 92.
951 183 1072 217 Cruci-

63 235 156 284 bus]
194 237 231 270 id
254 242 324 276 est,
360 235 562 269 tormentis.
670 233 729 267 Vs.
753 233 813 267 93.
850 231 1070 280 Desplcalu]

64 288 217 324 Casina:
254 288 320 321 Vir
345 300 401 321 me
427 285 537 320 habet
560 286 723 331 pessimis
747 285 966 330 despicatam
994 297 1071 317 mo-

63 341 130 376 dis.
185 340 311 374 Cicero
331 351 398 384 pro
414 338 555 373 Sextio:
592 337 690 372 Cessi
708 337 845 371 tribuni
868 337 981 381 plebis
1006 335 1070 369 ho-

62 392 172 427 minis
190 391 465 437 despicatissimi
482 389 666 435 suroriffl).
768 388 828 423 Vs.
847 387 907 424 95.
926 393 993 425 .An
1009 401 1071 433 μο-

61 443 163 492 tina]
191 445 458 489 Argumentum
475 456 493 476 a
512 442 828 488 consequentibus.

294 529 402 564 Actus
418 528 476 564 Ill.
505 529 617 563 Scena
636 527 661 562 I.
690 528 840 572 Argum.

166 599 381 634 Assentatur
392 596 552 639 Gnatho,
575 597 771 632 assentanti
789 596 901 630 credit
912 593 1069 635 Thraso,

61 663 170 698 seque
202 658 237 685 et
265 652 358 684 sacta
389 663 452 685 sua
488 650 682 684 immodice
718 650 838 683 iactat.
904 647 1070 681 Consulit

526 92 814 130 ENARRATIO
844 90 1218 128 COMOEDIARUM
1247 89 1492 127 TEREmTtI.

1537 94 1573 128 2.
1601 90 1833 127 EUMJCHI.
2061 93 2137 129 722

1127 180 1311 213 mendatio
1332 192 1348 211 a
1368 179 1635 224 longinquitate
1653 180 1734 213 loci.
1818 179 1878 214 Vs.
1896 180 1958 215 23.
1992 183 2134 226 Tacent]

1127 232 1252 265 Cicero
1272 243 1338 276 pro
1355 231 1470 265 Sexta
1506 231 1678 265 Tacendo
1697 232 1819 277 loqui,
1848 245 1923 265 non
1944 232 2134 266 infitiando

1126 284 1289 317 confiteri
1315 284 1531 317 videbantur
1547 283 1606 330 38).
1727 283 1787 318 Vs.
1812 284 1873 320 24.
1910 287 1978 318 Fac
2004 287 2040 319 in
2070 297 2136 329 pa-

1125 334 1285 383 laesum]
1330 335 1427 369 Olim
1465 334 1520 369 his
1548 335 1686 369 artibus
1721 336 1825 369 liberi
1863 337 2135 372 erudiebantur.

1124 387 1184 422 Vs.
1201 388 1262 423 26.
1299 390 1370 432 Eyo
1396 386 1523 435 illum]
1560 389 1720 421 Honesta
1747 389 1886 432 eclipsis
1910 389 1955 421 ob
1981 387 2135 423 Thaidis

1124 441 1382 484 praesentiam.
1506 440 1565 474 Vs.
1594 439 1654 474 34.
1691 442 1758 475 Sat
1782 438 1883 487 seim]
1921 441 2135 474 Assentator

1125 493 1305 537 approbat
1328 492 1451 526 militis
1482 493 1630 526 (lictum.
1744 492 1805 527 Vs.
1824 493 1885 527 38.
1916 491 2133 540 Eflumma]

1125 543 1236 578 Vetus
1263 545 1432 588 adagium
1460 545 1496 577 in
1525 545 1742 579 adulatores.
1857 544 1915 578 Vs.
1935 544 1996 578 47.
2026 543 2133 592 fiat]

1123 595 1276 641 Eclipsis
1296 595 1424 635 ethica,
1447 610 1516 642 qua
1536 598 1615 641 plus
1634 597 1734 630 vultu
1753 609 1860 643 quam
1880 598 2000 630 verbis
2017 597 2135 641 signa-

1124 654 1193 681 tur.
1302 647 1360 682 Vs.
1389 647 1450 682 53.
1491 652 1556 684 Vos
1578 661 1630 683 me
1655 647 1870 697 sequimini]
1901 650 1959 683 Ad
1976 650 2133 694 pedisse-

60 704 146 737 item
159 701 307 738 Gnatho
319 730 328 743 ‚
356 715 401 736 ne
421 703 522 736 miles
538 709 668 747 purget
683 714 718 735 se
733 699 866 734 Thaidi
886 700 928 733 de
945 711 1068 732 amore
1094 693 1098 736 l
1124 711 1213 745 quas
1238 700 1404 733 refertur.

60 754 295 801 Pamphilae,
323 755 396 788 iino
424 755 544 799 potius
570 761 699 798 augeat
721 752 981 797 suspicionem,
1019 752 1067 784 ita
1095 771 1097 775 ν

59 820 128 854 par
146 808 228 853 pari
248 808 439 841 relaturus.

164 859 225 893 Vs.
246 860 277 894 1.
306 861 461 903 Maynas
478 855 582 906 vera]
611 858 726 890 Antea
749 855 913 900 depinxit
932 854 1068 900 parasi-

60 918 160 952 tum,
187 924 283 945 nunc
307 912 482 944 insulsum
509 916 543 942 et
568 912 730 953 ineptum
751 906 981 941 Thrasonem
1008 907 1068 939 de-

59 963 196 998 scribit.
302 962 363 996 Vs.
381 960 417 996 5.
444 962 561 996 Isihuc
582 962 727 1006 datum]
763 960 866 993 Miles
890 959 1068 1004 gloriosus

60 1027 81 1048 a
108 1016 183 1049 fato
215 1021 250 1048 et
283 1013 446 1047 Deorum
478 1016 574 1047 dono
609 1026 644 1047 se
681 1014 816 1046 laudat.
944 1010 1003 1045 Vs.
1033 1010 1067 1044 9.

59 1068 195 1102 Labore
242 1063 387 1113 aliena]
437 1065 644 1100 Assentatio
664 1092 672 1105 ,
728 1064 881 1099 mordax
934 1071 1067 1096 tamen.

59 1118 120 1153 Vs.
133 1119 193 1153 13.
223 1119 403 1163 consilia]
439 1117 580 1151 Scilicet
610 1117 702 1150 mira
733 1117 849 1151 laudis
875 1115 1068 1149 affectatio.

1336 794 1446 828 Actus
1466 793 1524 829 Ill.
1552 794 1664 828 Scena
1684 793 1741 830 ΙΙΙ.
1770 795 1920 841 Argum.

1229 859 1421 903 Chremes,
1451 864 1627 907 probatus
1653 864 1879 903 adolescens,
1916 865 2032 898 amari
2053 879 2088 899 se
2113 878 2133 899 a

1122 912 1265 947 Thaide
1282 914 1498 959 suspicatur,
1526 928 1633 961 quem
1652 928 1814 949 amorem
1833 917 1988 960 effugere
2005 919 2134 952 studet.

1226 966 1287 1000 Vs.
1310 968 1340 1000 1.
1370 967 1543 1012 Profecto]
1573 967 1704 1001 Oratio
1728 968 1983 1012 cogitabundi,
2019 976 2053 1002 et
2080 970 2134 1003 fu-

1123 1024 1203 1051 tura
1222 1019 1338 1052 multo
1357 1026 1440 1052 ante
1460 1032 1581 1053 secum
1600 1020 1811 1054 volutantis.
1892 1020 1951 1055 Vs.
1964 1021 1997 1056 6.
2027 1024 2070 1055 Ut
2087 1023 2135 1056 ibi

1123 1068 1323 1119 monerem]
1355 1071 1549 1105 Honestius
1567 1084 1677 1117 quam
1697 1073 1909 1107 dormirem.
1991 1072 2052 1108 Vs.
2075 1072 2133 1108 14.

1123 1121 1305 1171 Acellere]
1352 1123 1544 1169 Tanquam
1583 1136 1602 1156 a
1637 1124 1870 1168 pertinaciter
1914 1126 2131 1169 possidente.

58 1170 137 1205 Vss.
157 1170 205 1205 17
221 1183 274 1216 sq.
301 1171 392 1211 Hui,
421 1166 564 1216 regem]
593 1170 727 1202 Amara
749 1175 783 1202 et
800 1169 893 1214 regis
908 1165 1069 1201 etThra-
1094 1177 1098 1210 ς
1123 1174 1182 1208 VS,
1205 1174 1262 1208 19,
1299 1177 1400 1213 Hunc
1423 1189 1458 1209 se
1484 1174 1703 1223 infendnaess
1733 1174 1931 1212 δικανικὸν
1957 1179 2056 1223 ῥῆμα
2072 1177 2131 1225 40).

59 1223 158 1257 sonis
190 1221 323 1255 irrisio.
445 1221 506 1255 Vs.
535 1221 594 1255 19.
630 1218 902 1268 Perpaucorum]
941 1219 1067 1253 Cicero

57 1274 193 1309 Bruto‘:
222 1273 383 1307 Tantum
402 1274 474 1306 iam
493 1274 610 1307 virum
629 1286 670 1306 ex
685 1280 823 1319 quanto
849 1273 952 1307 crede
978 1269 1069 1304 mihi

58 1333 178 1372 potest
196 1326 348 1359 evadere
361 1352 370 1366 ,
395 1325 458 1371 qui
477 1325 610 1360 nostris
627 1337 828 1370 paucorum
850 1324 1070 1369 respondeat

57 1377 297 1425 laudibus25).
403 1376 464 1411 Vs.
483 1379 544 1412 32.
573 1379 657 1412 Plus
674 1375 829 1424 millies]
860 1375 1068 1422 Hyperbole

59 1443 101 1464 ex
119 1429 266 1464 fastidio
284 1429 479 1463 narrantis.
586 1429 646 1463 Vs.
665 1429 725 1463 39.
753 1431 873 1464 Meum
899 1426 977 1476 esu]
1006 1427 1069 1460 Pti-

58 1482 178 1516 dicula
203 1479 329 1514 militis
354 1481 475 1514 verba.
581 1481 643 1515 Vs.
664 1480 725 1515 47.
754 1483 798 1516 Si
820 1483 952 1527 quando
977 1476 1067 1526 illa]

57 1530 277 1580 παρασκευὴ
298 1532 336 1565 in
354 1532 471 1577 prima
488 1533 631 1566 fabulae
649 1539 763 1578 parte.
834 1531 894 1567 Vs.
907 1532 967 1565 60.
990 1533 1069 1566 Alio

57 1585 242 1630 conferam]
270 1583 408 1617 Locum
429 1596 495 1628 pro
513 1597 666 1629 persona
687 1584 819 1630 posuit.
927 1583 988 1617 Vs.
1008 1583 1068 1617 63.

59 1640 194 1681 Quanto
233 1638 422 1671 invenisses
444 1635 521 1684 36).]
566 1636 657 1670 Cum
700 1637 863 1681 pondere
907 1647 1070 1681 pronun-

58 1690 238 1724 tiandum.

282 1774 394 1808 Actus
409 1771 467 1806 Ill.
495 1771 609 1806 Scena
627 1771 668 1806 ll.
696 1772 848 1817 Argum.

165 1843 349 1877 Parmeno
362 1839 578 1876 Eunuchum
598 1848 631 1875 et
642 1839 930 1887 Aethiopissam,
956 1838 1072 1874 Phae-

61 1895 163 1931 driae
177 1907 350 1936 munera,
385 1894 497 1928 tradit
514 1891 668 1935 Thaidi,
704 1900 738 1928 et
764 1894 815 1928 uti
841 1893 957 1927 iussus
983 1899 1073 1932 erat,

62 1947 181 1982 verbis
213 1954 332 1982 ornat.
406 1945 534 1980 Eidem
561 1943 704 1980 Thraso
742 1953 776 1979 et
810 1944 990 1990 parasitus
1018 1944 1073 1977 in-

62 2001 211 2036 saltant.

165 2050 227 2084 Vs.
247 2051 279 2084 1.
312 2051 394 2084 Visa
410 2048 516 2097 sum]
545 2049 598 2083 De
619 2049 719 2083 omni
737 2061 842 2083 sensu
858 2047 927 2081 dici
945 2052 1073 2092 potest.

62 2103 285 2138 Cistellaria:
331 2102 472 2135 Audire
495 2114 621 2135 vocem
647 2102 723 2136 visa
753 2114 831 2135 sum
858 2106 940 2133 ante
969 2100 1073 2132 aedes

64 2154 245 2200 modom).
299 2152 362 2186 Vs.
381 2152 415 2187 4.
433 2155 542 2195 Quam
559 2151 726 2201 venusta]
748 2152 881 2186 Ironia.
934 2150 995 2185 Vs.
1015 2151 1074 2184 10.

65 2209 167 2242 Hunc
195 2218 260 2240 non
287 2202 420 2252 vides?]
464 2205 556 2238 Mire
586 2218 792 2250 pronomen
825 2204 986 2242 invenit,
1029 2214 1073 2235 ne

67 2270 289 2306 quemquam
306 2257 439 2290 laedat.
536 2257 596 2290 Vs.
620 2257 677 2291 17.
706 2259 854 2292 Procede
872 2256 936 2301 tw]
967 2254 1075 2288 Coru-

102 2395 170 2425 3³³)
191 2394 248 2419 Cic.
267 2395 300 2418 de
321 2394 401 2419 offic.
417 2394 436 2419 1.
447 2394 491 2423 24,
507 2393 550 2418 82.

103 2440 152 2471 34)
173 2440 231 2463 Hoc
251 2438 337 2461 schot.
358 2438 385 2460 in
407 2437 456 2461 Ed.
475 2437 550 2461 1546.
571 2435 726 2461 exhibetur.
770 2435 914 2460 Ciceronis
936 2436 1012 2459 locus
1033 2435 1076 2458 te-

138 2474 215 2506 gitur
233 2474 260 2497 in
280 2474 352 2497 orat.
372 2478 422 2502 pro
442 2472 537 2495 sextio
550 2471 590 2501 16,
608 2471 650 2498 36,

105 2517 154 2546 35)
175 2517 232 2541 Hoc
251 2516 337 2540 schot.
357 2515 461 2545 legitur
483 2515 507 2537 in
524 2515 572 2537 Ed.
589 2514 680 2539 mia:
701 2514 727 2537 in
743 2513 825 2538 Editt.
839 2514 968 2543 1540.B.,
990 2513 1077 2544 1543„

143 2551 238 2582 1548„
259 2551 336 2574 1551.
359 2550 447 2573 deest.
486 2548 632 2573 Ciceronis
653 2549 731 2572 locus
752 2550 795 2571 est
815 2548 849 2572 ad
870 2549 982 2571 Brutum
1001 2548 1025 2572 7.

107 2594 154 2626 36)
176 2595 293 2624 Quanto
313 2591 500 2624 invenisses]
528 2593 558 2616 In
587 2592 644 2615 iuis
665 2592 748 2615 Editt.
776 2592 817 2614 tu'c
838 2598 878 2615 vs.
900 2591 1003 2619 legitur
1023 2590 1078 2614 sic:

141 2629 221 2654 Idem
240 2629 292 2652 hoc
317 2630 380 2653 tute
405 2629 508 2652 melius
534 2628 644 2658 quanto
673 2627 836 2651 inrenz‘sses
860 2623 952 2650 Thin?
981 2626 1008 2649 in
1029 2625 1080 2649 Ed.

143 2664 238 2688 Vottb.
258 2669 325 2686 vero
346 2663 400 2687 sic:
435 2663 511 2688 Idem
539 2663 592 2686 hoc
617 2663 672 2686 aut
697 2662 801 2686 metius
821 2663 886 2686 tute
906 2661 1081 2692 invenisses,

142 2699 211 2723 ler.

109 2741 156 2774 37)
178 2741 348 2766 Cistellaria
368 2754 401 2757 —
421 2741 526 2769 modo]
547 2741 615 2764 iaec
633 2741 744 2764 exstant
765 2740 792 2763 in
810 2739 860 2764 Ed.
877 2739 952 2763 ¹546.

74 2785 260 2816 MELANTH.
285 2784 392 2815 Oria.
418 2784 502 2814 Vm..
527 2782 616 2812 XIX.

1123 1226 1183 1260 Vs.
1210 1225 1272 1262 25.
1315 1230 1385 1272 Eyo
1414 1240 1488 1261 sum
1514 1226 1700 1276 Chremes]
1738 1228 1898 1271 Simplex
1924 1231 2048 1263 rustici
2080 1242 2135 1263 re-

1123 1280 1282 1323 sponsiO.
1389 1279 1449 1313 Vs.
1473 1280 1533 1313 30.
1563 1281 1699 1314 insulam
1730 1278 1832 1328 rem]
1860 1279 2074 1325 Indignatur
2092 1283 2134 1316 de

1124 1331 1378 1364 attrectatione
1397 1329 1562 1376 Pythiae.

1338 1427 1447 1461 Actus
1468 1426 1525 1461 ΙΙΙ.
1554 1427 1666 1461 Scena
1686 1426 1745 1462 IV.
1772 1429 1924 1473 Argum.

1228 1495 1371 1530 lnducit
1386 1509 1602 1542 personam,
1631 1496 1687 1530 cui
1711 1503 1927 1532 narraturus
1953 1504 2004 1531 est
2023 1495 2136 1532 Chae-

1124 1562 1183 1582 rea
1197 1576 1205 1588 ‚
1233 1562 1325 1595 quae
1344 1549 1439 1582 intus
1456 1549 1621 1593 patrarit.
1676 1548 1755 1582 Hoc
1772 1549 1853 1582 ideo
1877 1550 1935 1590 fit,
1964 1556 2004 1583 ut
2021 1562 2137 1595 popu-

1095 1590 1098 1636 l
1125 1602 1178 1635 lus
1195 1601 1370 1646 percipiat
1387 1602 1555 1641 auribus,
1583 1602 1680 1646 quod
1700 1599 1860 1636 honestis
1881 1601 1992 1636 oculis
2009 1602 2137 1636 subiici

1095 1641 1099 1678 l
1125 1653 1263 1699 nequit.

1229 1704 1336 1739 Ys.2.
1364 1706 1522 1738 Essemus
1538 1706 1577 1737 de
1593 1701 1783 1752 symbolis]
1807 1706 1968 1740 Essemus
1985 1717 2003 1738 a
2023 1706 2135 1739 verbo

1126 1770 1219 1798 sum,
1246 1757 1414 1789 Plautus:
1444 1756 1589 1789 Minore
1609 1768 1790 1801 nusquam
1808 1757 1898 1789 hene
1916 1757 1967 1790 fui
1992 1757 2136 1802 dispen-

1126 1809 1200 1842 dio.
1254 1807 1300 1841 Et
1318 1819 1424 1852 saepe
1443 1808 1542 1841 alias.
1630 1807 1690 1841 Vs.
1713 1807 1746 1840 7.
1774 1807 1921 1855 ΗίηοῊ)
1937 1822 1957 1842 α
1979 1810 2137 1855 Thaida]

1127 1858 1288 1894 Chaerea
1306 1860 1353 1906 ⁴¹²)
1389 1860 1454 1892 sub
1481 1857 1650 1893 Eunuchi
1680 1857 1806 1892 habitu
1839 1859 1978 1904 virgine
2012 1861 2137 1895 vitiata

1128 1925 1187 1945 vix
1204 1911 1379 1956 cognitus.

1347 1998 1458 2031 Actus
1475 1995 1531 2030 Ill.
1561 1996 1673 2030 Scena
1693 1995 1735 2030 V.
1763 1997 1915 2041 Argum.

1234 2066 1395 2101 Chaerea
1414 2068 1511 2100 foras
1530 2066 1741 2111 prosiliens,
1770 2067 1924 2107 exultat,
1951 2069 2049 2114 quod
2067 2069 2138 2101 vir-

1128 2120 1210 2165 gine
1242 2120 1379 2165 potitus
1410 2119 1466 2153 sit.
1534 2118 1632 2163 Quid
1667 2118 1763 2152 intus
1797 2120 1971 2163 patrarit,
2012 2127 2139 2154 narrat

1128 2176 1220 2208 forte
1245 2172 1353 2206 obvio
1371 2169 1586 2215 Antiphoni.

1233 2225 1294 2259 Vs.
1314 2225 1346 2258 1.
1375 2225 1546 2269 Numquis
1562 2224 1616 2256 hic
1633 2227 1682 2256 est
1694 2219 1725 2266 ἓ]
1751 2221 1848 2255 Haec
1865 2223 1973 2256 verba
1998 2229 2138 2267 gestum

1130 2279 1342 2322 vultumque
1358 2276 1521 2308 iudicant
1540 2274 1712 2307 exeuntis.
1819 2274 1878 2308 Vs.
1899 2275 1933 2308 3.
1963 2277 2064 2309 ZVunc
2089 2281 2138 2310 est

1127 2329 1304 2375 profecto]
1334 2326 1609 2362 instabilitatem
1626 2326 1794 2359 fortunae
1812 2326 1926 2360 timet.
2022 2327 2083 2363 Vs.
2102 2326 2137 2362 5.

1166 2456 1213 2488 38)
1236 2457 1294 2480 Hoc
1319 2456 1404 2480 schol.
1430 2455 1457 2479 in
1478 2455 1527 2479 Ed,
1551 2455 1624 2478 1546.
1651 2455 1813 2483 exhibetur-3
1848 2454 1874 2477 in
1894 2453 1979 2479 Editt.
2001 2455 2076 2480 1540,
2098 2456 2136 2488 3,,

1204 2491 1299 2516 1543..
1321 2492 1414 2519 1543„
1438 2491 1513 2514 1:251.
1534 2491 1624 2514 deest.

1167 2534 1215 2575 39)
1235 2535 1331 2593 {luget
1341 2540 1370 2558 se
1389 2534 1532 2562 intendit]
1554 2533 1593 2556 sic
1613 2533 1677 2556 ittae
1689 2532 1790 2561 Editt.;
1811 2531 2056 2557 t:d.v011h.Eam
2075 2540 2138 2558 sese

1203 2576 1232 2594 ιη
1251 2576 1282 2593 en
1308 2577 1316 2592 ι
1334 2587 1341 2593 .

1169 2612 1216 2644 40)
1238 2612 1296 2636 Hoc
1316 2612 1402 2636 schol.
1423 2612 1515 2635 exstat
1536 2611 1560 2634 iu
1577 2611 1626 2634 Ed.
1645 2610 1737 2635 1546.:
1764 2609 1791 2632 in
1807 2609 2029 2642 Editt.1540.13.,
2052 2611 2137 2641 1543..

1209 2648 1299 2676 1548..
1321 2648 1395 2670 1551.
1418 2647 1505 2670 deest.

1170 2692 1217 2719 4¹)
1238 2690 1328 2718 Hinc]
1350 2691 1390 2714 sic
1410 2690 1474 2714 illae
1495 2690 1596 2717 Editt.;
1623 2688 1649 2711 in
1670 2688 1719 2712 Ed.
1739 2687 1834 2712 Voltb.
1854 2694 1908 2711 non
1927 2688 2039 2719 legitur.

1172 2734 1220 2763 4⁶2)
1241 2734 1382 2763 Chaerea]
1405 2734 1453 2758 Ed.
1471 2734 1545 2757 1545.
1567 2732 1654 2756 mate:
1682 2731 1812 2756 Caetera.

1571 2767 1619 2802 46
