2341 2973
214 95 290 130 535

272 182 378 215 Verba
389 182 497 213 sem's:
515 181 734 226 tenebrasque
750 187 780 215 et
797 183 923 215 cladem
938 182 1023 214 lucis
1039 182 1213 224 ademptae

268 234 407 271 Οόῐὶσίίς
439 233 493 264 ille
511 244 642 264 movens
659 234 806 266 albentia
825 238 972 274 tempora
988 234 1103 273 ermis,

270 285 375 323 Quam
392 282 484 325 selis*
502 295 609 323 esses,
636 286 667 316 si
683 289 718 317 {u
739 296 864 330 quoque
881 284 1020 317 luminis
1035 285 1136 317 huius

269 335 393 375 Orbus,
429 336 499 374 alt,
533 334 650 376 fieres,
691 348 750 368 nec
759 335 804 379 ⁷¹³)
830 335 999 368 Bacchica
1035 347 1135 368 sacra
1162 337 1213 368 vi-

628 388 734 419 dores.

213 441 310 476 Idem
333 444 405 476 sere
428 445 470 476 de
487 442 706 488 Imperatore
723 442 862 476 Iuliano
890 444 1022 483 fertur,
1050 444 1112 489 qui
1131 457 1211 478 cum

214 494 403 528 insultaret
430 495 506 528 seni
533 494 729 533 sacerdoti,
778 495 834 527 cui
869 495 914 527 ob
951 496 1210 529 consessionem

214 546 296 578 fidei
317 544 539 579 Christianae
558 545 649 578 oculi
675 552 778 578 erant
795 545 932 586 effossi,
966 547 1210 593 obiiceretque

215 597 246 629 ei
271 598 499 636 caecitatem,
534 597 699 629 sacerdos
724 596 833 630 simili
865 597 1029 631 libertate
1063 610 1210 643 respon-

215 649 284 688 dit,
320 660 355 681 se
383 659 486 691 agere
511 648 643 691 gratias
662 647 760 688 Deo,
799 650 896 692 quod
921 656 1058 682 careret
1086 650 1210 689 oculis,

213 711 258 731 ne
285 699 400 742 ipsum
426 698 666 742 conspiceret,
708 706 781 732 tam
814 700 992 733 nefarium
1027 701 1210 744 religionis

214 747 436 783 Christianae
456 747 607 784 hostem.
670 749 860 784 Caeterum
880 763 987 796 quam
1011 752 1210 786 obstinatus

212 807 245 833 et
271 801 490 845 praefractus
517 801 561 834 sit
586 801 726 835 animus
753 808 1012 845 tyrannorum,
1046 809 1127 847 apte
1153 815 1209 836 ex-

212 852 381 897 primitur
398 850 452 886 his
472 853 631 886 versibus
647 852 741 898 (Vss.
760 851 1031 899 564-571.);

262 914 363 946 Hunc
384 924 485 952 (evus,
515 913 605 946 bunc
620 914 804 954 Athamas,
842 915 930 947 bunc
952 918 1084 947 caetera
1108 915 1210 947 turba

627 976 766 997 suorum

264 1016 461 1056 corripiunt
476 1015 593 1048 cliens:
618 1015 817 1060 frustraque
837 1016 988 1049 inhibere
1004 1016 1172 1049 laborant.

261 1068 388 1099 Aerior
402 1067 576 1098 admonitu
593 1071 661 1105 931,-
691 1068 916 1112 irrilcdurque
934 1072 1081 1100 retentus
1091 1066 1150 1111 ⁸⁰).

263 1119 306 1150 Et
315 1119 434 1150 crescit
445 1118 573 1149 rabies.-
593 1118 935 1163 moderamimtque⁸⁰)
952 1120 1026 1160 ipsa
1037 1119 1209 1152 nocebant.

262 1170 324 1201 Sic
338 1180 395 1211 eyo
411 1173 593 1201 terrentem
603 1169 649 1214 ὅ0)
662 1195 670 1208 ‚
699 1182 764 1214 qua
782 1171 832 1202 ηἱί
849 1170 998 1203 obstabat
1012 1172 1124 1210 eunti,

262 1220 411 1259 Lenius,
440 1225 471 1253 et
488 1222 615 1254 modico
628 1223 771 1263 strepitu
792 1222 972 1254 decurrere
991 1223 1071 1254 vidi.

263 1272 311 1304 At
327 1282 520 1316 quacunque
536 1273 660 1313 trabes,
686 1273 917 1318 obstructaque
934 1284 1025 1306 saara
1039 1272 1209 1312 tenebant,

264 1323 447 1365 Spumeus,
475 1328 506 1356 et
518 1322 674 1366 fervens,
701 1329 732 1357 et
749 1325 789 1357 ab
810 1325 898 1357 obice
914 1325 1046 1358 saevior
1062 1324 1143 1356 ibat.

452 1405 658 1441 Bacchus
686 1408 731 1440 in
761 1421 970 1452 puerum.

261 1474 321 1509 Vs.
340 1475 426 1510 607.
460 1478 624 1520 Virye'nea
638 1489 779 1520 puerum
804 1477 983 1524 dueunt⁸¹)
1006 1490 1069 1521 per
1095 1479 1212 1511 littora

629 1528 755 1571 forma.
888 1528 904 1539 ²

314 1584 476 1620 Bacchus
494 1588 676 1621 ebrietatis
694 1601 733 1621 ac
751 1588 983 1622 temulentiae
1002 1588 1119 1628 Deus,
1147 1588 1212 1620 fin-

215 1637 309 1680 gitur
328 1649 430 1681 puer,
449 1650 490 1671 eo
509 1640 606 1684 quod
623 1639 711 1672 ebrii
730 1639 887 1673 iuduunt
902 1638 1066 1674 habitum
1087 1639 1212 1680 animi,

247 1746 295 1774 79)
316 1748 382 1775 nec]
400 1747 440 1770 sic
459 1747 543 1771 Editt.
560 1748 652 1778 1555.‚
674 1749 770 1777 1559.;
801 1749 878 1773 Ovid.
900 1750 949 1774 Ed.
969 1749 1076 1772 Mitsch.
1097 1755 1140 1774 ne.

247 1789 296 1817 80)
317 1791 449 1813 retentus
468 1802 502 1806 —-
521 1791 777 1821 moderandumque
795 1805 829 1808 —
848 1793 1020 1819 terrentem]
1055 1791 1095 1815 sic
1126 1791 1210 1815 Editt.

285 1823 375 1849 1555·-
400 1824 488 1851 ¹559&
514 1824 593 1850 Ovffd.
614 1826 661 1849 Ed.
681 1826 789 1851 Mitsch.
810 1828 925 1851 retenta
944 1839 977 1844 —
998 1827 1211 1850 remoramina-

282 1864 336 1889 que
353 1871 386 1874 —
405 1859 574 1883 torrentem.

248 1900 296 1927 81)
315 1901 440 1928 ducunt]
460 1901 502 1924 sic
517 1901 702 1932 Editt.1555.‚
726 1902 818 1931 1559.;
839 1903 918 1927 ovid.
936 1903 982 1926 Ed.
997 1904 1103 1927 Mitscli.
1119 1903 1209 1928 aucit.
1236 1914 1237 1917 ¹

794 94 916 129 PHIL.
953 93 1066 130 MEL.
1101 94 1304 130 SCRIPTA
1341 94 1678 131 PfflLoLOGICA.

2187 97 2265 135 536

1272 181 1332 227 qui
1356 187 1407 215 est
1429 181 1466 214 in
1492 182 1630 226 pueris;
1674 182 1837 216 revelant
1863 183 2005 224 omnia,
2045 184 2264 226 balbutiunt,

1269 245 1308 265 ac
1327 233 1495 266 vacillant
1512 234 1679 278 pedibus;
1715 234 1928 269 immodicus
1951 235 2045 268 enim
2071 243 2177 280 potus
2205 250 2263 270 ex-

1269 284 1401 327 tinguit
1425 297 1547 318 sensus
1571 287 1680 325 adeo,
1721 292 1759 319 ut
1783 286 1849 330 ipsi
1874 299 1994 326 senes,
2038 289 2182 332 quando
2208 289 2263 321 in-

1267 336 1452 369 ebriantur
1463 336 1530 382 ⁸²),
1575 338 1660 369 siant
1693 337 1747 370 bis
1780 338 1902 381 pueri,
1953 340 2261 383 quemadmodum

1266 387 1370 420 Plato
1387 388 1508 421 scribit
1525 388 1644 432 primo
1662 389 1704 422 de
1720 389 1929 437 legibusffl),
1962 389 2024 423 ubi
2051 390 2261 424 ebrietatem

1266 436 1445 483 prohibet.

1265 574 1355 608 Cur
1385 574 1550 619 tigres,
1594 575 1749 620 lynces
1775 581 1815 608 et
1842 574 2100 620 pantherae
2136 577 2258 611 circa

1639 624 1879 661 Bacchum.

1314 711 1392 745 Vss.
1411 711 1484 745 668
1502 724 1554 757 sq.
1600 714 1704 753 Quem
1733 714 1825 745 circa
1852 714 1976 755 ilyres,
2012 714 2260 760 simulacraque

1681 765 1803 796 inania
1818 764 1954 807 lyncum

1313 816 1552 859 Piciarumque
1569 815 1677 847 iacent
1688 813 1767 856 fera
1783 827 1923 858 corpora
1938 816 2197 858 pantherarum.

1368 881 1514 924 Tigres,
1542 882 1682 927 lynces,
1710 888 1743 914 et
1769 880 1967 926 pantherae
1993 883 2177 927 finguntur
2202 894 2259 915 co-

1262 931 1384 965 mitari
1403 931 1584 965 Bacchum
1604 940 1815 977 propterea,
1845 935 1941 978 quod
1960 940 2043 967 sunt
2066 940 2128 967 aut
2151 945 2259 978 appe-

1263 989 1376 1016 tentes
1400 984 1496 1024 vini,
1541 991 1602 1017 aut
1627 985 1722 1017 serae
1749 996 1856 1028 supra
1889 986 2038 1017 modum
2070 984 2259 1020 immanes.

1262 1034 1454 1068 Ebrietatis
1473 1035 1566 1067 enim
1584 1047 1702 1069 comes
1721 1042 1772 1068 est
1788 1035 1908 1069 feritas
1925 1041 1960 1068 et
1977 1035 2196 1070 immanitas.

1495 1167 1669 1202 Nautae
1699 1168 1743 1201 in
1772 1166 2032 1212 delphinos.

1314 1251 1373 1287 Vs.
1390 1252 1477 1287 638.
1517 1257 1586 1288 Per
1609 1266 1702 1289 mare
1723 1254 1883 1298 fallaces,
1912 1266 2037 1301 perque
2059 1257 2173 1289 omnia
2198 1267 2263 1289 nu-

1662 1307 1757 1339 mina
1774 1308 1904 1340 iurant.

1367 1373 1504 1407 Fabula
1529 1374 1572 1406 de
1598 1374 1717 1408 nautis
1745 1374 1782 1406 in
1813 1372 2003 1418 delphinos
2029 1374 2176 1408 mutatis
2202 1374 2263 1407 de-

1266 1431 1415 1459 testatur
1450 1425 1670 1470 periurium,
1707 1437 1747 1457 ac
1778 1426 1881 1458 docet
1914 1425 2086 1463 violatam
2117 1424 2263 1459 iurisiu-

1264 1476 1370 1509 randi
1386 1477 1596 1520 religionem
1611 1503 1620 1517 ,
1648 1488 1666 1509 a
1685 1476 1763 1509 Deo
1781 1475 1990 1520 gravissime
2007 1476 2142 1521 puniri.
2177 1476 2262 1509 Del-

1264 1526 1368 1572 phini
1400 1534 1518 1561 autem
1552 1528 1641 1560 adeo
1676 1528 1832 1571 gaudent
1857 1524 2043 1561 hominem
2071 1534 2261 1561 consuetu-

1265 1579 1368 1619 dine,
1395 1585 1435 1612 ut
1460 1578 1611 1622 navigiis
1637 1578 1779 1611 obviam
1804 1578 1970 1619 veniant,
2004 1585 2038 1612 et
2063 1579 2263 1613 exultantes

1265 1631 1440 1664 alludant.
1515 1630 1590 1663 Hac
1623 1631 1666 1663 de
1699 1642 1803 1663 causa
1827 1630 2012 1674 finguntur
2039 1630 2146 1665 fuisse
2174 1629 2262 1664 olim

1265 1689 1408 1715 nautae.

1298 1839 1348 1868 82)
1368 1838 1554 1867 inebriantur]
1575 1838 1615 1862 sic
1636 1839 1718 1862 Editt.
1735 1839 1827 1867 1555.;
1852 1839 1901 1863 Ed.
1919 1839 1994 1865 1559.
2017 1839 2232 1863 inebriebantur.

1301 1902 1351 1929 83)
1370 1900 1447 1924 conf.
1470 1899 1539 1923 plat.
1562 1899 1628 1929 Opp.
1650 1899 1691 1924 ed.
1715 1900 1746 1923 Η.
1769 1900 1859 1929 Steph.
1881 1900 1908 1923 T.
1928 1899 1960 1924 11.
1980 1907 2004 1929 p.
2018 1899 2070 1923 6³7
2085 1906 2144 1930 sqq.

747 2097 800 2131 In
840 2099 1048 2134 librum
1085 2098 1143 2133 lV.
1181 2093 1731 2140 Metamorphoseon.

522 2230 691 2265 Bacchi
720 2246 906 2267 cornua.

263 2305 341 2339 Vss.
360 2306 405 2340 19
423 2320 474 2352 sq.
502 2309 583 2348 tibi,
613 2322 685 2343 cum
704 2313 777 2344 sine
792 2313 948 2346 cornibus
963 2313 1079 2346 adstas

269 2360 301 2391 V
299 2360 464 2403 irye'neum
482 2366 581 2402 caput
597 2366 657 2394 est.

316 2427 475 2474 Platoffl)
493 2428 675 2461 constituit
701 2429 881 2463 ebrietatis
906 2431 1006 2476 quasi
1032 2432 1204 2477 quosdam

214 2480 360 2523 gradus:
390 2480 460 2524 Qui
479 2480 568 2512 bibit
586 2480 706 2512 vinum
726 2481 888 2526 (iuquit),
917 2484 1033 2526 primo
1054 2483 1207 2515 alacrior

214 2532 269 2570 sit,
313 2543 419 2575 quam
453 2531 550 2575 prius
575 2537 666 2569 erat;
717 2533 844 2564 deinde
871 2546 940 2578 quo
965 2535 1042 2578 plus
1066 2535 1206 2574 biberit,

250 2688 297 2722 84)
317 2689 386 2715 mat.
402 2690 434 2714 de
448 2691 519 2722 legg.
537 2691 579 2715 lib.
590 2692 608 2716 1.
626 2691 707 2723 (Opp.
725 2692 766 2717 ed.
780 2692 810 2716 ΙΙ,
826 2692 918 2721 steph.
932 2692 1001 2717 'r.11.
1018 2700 1042 2723 p.
1053 2694 1112 2720 649.
1123 2695 1171 2718 a.b
1184 2696 1203 2722 ).

1263 2228 1305 2249 eo
1322 2215 1459 2249 maiore
1475 2227 1535 2259 spe
1553 2220 1624 2254 est,
1652 2221 1685 2247 et
1704 2213 1830 2248 fortius
1845 2215 1887 2247 de
1904 2226 1940 2249 se
1957 2215 2083 2254 sentit;
2111 2216 2255 2249 tandem

1263 2267 1363 2312 quasi
1382 2266 1542 2311 sapiens,
1571 2278 1609 2298 ea
1629 2266 1864 2307 confidentia,
1898 2267 2062 2300 libertate
2088 2273 2122 2300 et
2147 2268 2256 2301 auda-

1262 2320 1314 2351 cia
1332 2319 1510 2362 repletur,
1547 2323 1585 2350 ut
1612 2317 1787 2362 intrepide
1813 2318 1908 2351 dicat
1934 2330 1974 2351 ac
1995 2318 2121 2359 faciat,
2157 2318 2255 2364 quic-

1262 2370 1346 2415 quid
1366 2370 1461 2402 velit.
1509 2370 1663 2413 Propter
1680 2368 1745 2404 bos
1762 2371 1892 2414 gradus
1908 2376 2035 2414 poetae
2053 2369 2255 2403 attribuunt

1260 2419 1402 2454 Baccho
1436 2429 1543 2465 caput
1577 2421 1777 2465 virgineum
1811 2428 1845 2454 et
1875 2433 2021 2455 cornua.
2087 2420 2253 2454 Primum

1262 2473 1355 2505 enim
1374 2473 1458 2505 vino
1485 2474 1668 2506 moderate
1693 2479 1836 2517 surnpto
1862 2470 2027 2506 homiues
2049 2472 2253 2506 efficiuntur

1261 2525 1360 2569 quasi
1379 2525 1553 2567 virgines,
1581 2523 1648 2558 hoc
1665 2531 1733 2565 est,
1759 2523 1890 2557 hilares
1912 2531 1945 2557 et
1963 2524 2158 2563 mansueti;
2185 2524 2252 2557 im-

1262 2576 1400 2609 modice
1430 2577 1558 2610 deiude
1591 2583 1733 2620 sumpto
1768 2576 1968 2609 cfficiuntur
2001 2576 2150 2610 bestiae:
2194 2587 2252 2609 su—

1262 2635 1363 2661 munt
1380 2641 1535 2669 cornua,
1567 2626 1633 2661 boc
1651 2635 1719 2668 cst,
1747 2627 1944 2668 ferociunt,
1973 2627 2068 2661 iuxta
2096 2626 2250 2662 versicu-

1260 2679 1350 2712 lum:
1381 2679 1482 2714 Tunc
1501 2693 1637 2725 pauper
1656 2692 1787 2714 cornua
1805 2679 1924 2713 sumit.
