<?xml version="1.0" encoding="UTF-8"?>
<!DOCTYPE html PUBLIC "-//W3C//DTD XHTML 1.0 Transitional//EN"
    "http://www.w3.org/TR/xhtml1/DTD/xhtml1-transitional.dtd">
<html xmlns="http://www.w3.org/1999/xhtml" xml:lang="en" lang="en">
 <head>
  <title>
</title>
<meta http-equiv="Content-Type" content="text/html;charset=utf-8" />
  <meta name='ocr-system' content='tesseract 3.04.00' />
  <meta name='ocr-capabilities' content='ocr_page ocr_carea ocr_par ocr_line ocrx_word'/>
</head>
<body>
  <div class='ocr_page' id='page_1' title='image "./operaquaesupersu19melauoft_0066.png"; bbox 0 0 2341 2973; ppageno 0'>
   <div class='ocr_carea' id='block_1_1' title="bbox 188 117 260 151">
    <p class='ocr_par' dir='ltr' id='par_1_1' title="bbox 188 117 260 151">
     <span class='ocr_line' id='line_1_1' title="bbox 188 117 260 151; baseline 0 -1"><span class='ocrx_word' id='word_1_1' title='bbox 188 117 260 151; x_wconf 89' lang='lat'>107</span> 
     </span>
    </p>
   </div>
   <div class='ocr_carea' id='block_1_2' title="bbox 182 196 1190 2400">
    <p class='ocr_par' dir='ltr' id='par_1_2' title="bbox 182 196 1186 1421">
     <span class='ocr_line' id='line_1_2' title="bbox 185 196 1180 244; baseline -0.008 -8"><span class='ocrx_word' id='word_1_2' title='bbox 185 203 349 240; x_wconf 88' lang='lat' dir='ltr'>cordiae,</span> <span class='ocrx_word' id='word_1_3' title='bbox 379 200 475 244; x_wconf 88' lang='lat' dir='ltr'>quod</span> <span class='ocrx_word' id='word_1_4' title='bbox 503 210 547 231; x_wconf 88' lang='lat' dir='ltr'>ne</span> <span class='ocrx_word' id='word_1_5' title='bbox 573 198 715 243; x_wconf 88' lang='lat' dir='ltr'>quidem</span> <span class='ocrx_word' id='word_1_6' title='bbox 747 197 805 231; x_wconf 90' lang='lat' dir='ltr'>illa</span> <span class='ocrx_word' id='word_1_7' title='bbox 830 198 1046 242; x_wconf 76' lang='lat' dir='ltr'>cogitamus,</span> <span class='ocrx_word' id='word_1_8' title='bbox 1074 196 1180 230; x_wconf 89' lang='lat' dir='ltr'>istum</span> 
     </span>
     <span class='ocr_line' id='line_1_3' title="bbox 185 248 1181 298; baseline -0.005 -11"><span class='ocrx_word' id='word_1_9' title='bbox 185 255 364 298; x_wconf 83' lang='lat' dir='ltr'>ingentem</span> <span class='ocrx_word' id='word_1_10' title='bbox 389 258 422 283; x_wconf 84' lang='lat' dir='ltr'>et</span> <span class='ocrx_word' id='word_1_11' title='bbox 441 250 718 283; x_wconf 67' lang='lat' dir='ltr'>inenarrabilem</span> <span class='ocrx_word' id='word_1_12' title='bbox 744 262 903 282; x_wconf 82' lang='lat' dir='ltr'>amorem</span> <span class='ocrx_word' id='word_1_13' title='bbox 920 248 987 281; x_wconf 89' lang='lat' dir='ltr'>Dei</span> <span class='ocrx_word' id='word_1_14' title='bbox 1005 260 1085 291; x_wconf 83' lang='lat' dir='ltr'>erga</span> <span class='ocrx_word' id='word_1_15' title='bbox 1105 260 1181 282; x_wconf 92' lang='lat' dir='ltr'>nos.</span> 
     </span>
     <span class='ocr_line' id='line_1_4' title="bbox 184 299 1182 345; baseline -0.007 -7"><span class='ocrx_word' id='word_1_16' title='bbox 184 305 292 338; x_wconf 78' lang='lat' dir='ltr'>Extra</span> <span class='ocrx_word' id='word_1_17' title='bbox 308 302 501 336; x_wconf 72' lang='lat' dir='ltr'>Ecclesiam</span> <span class='ocrx_word' id='word_1_18' title='bbox 520 301 696 345; x_wconf 84' lang='lat' dir='ltr'>optimum</span> <span class='ocrx_word' id='word_1_19' title='bbox 716 307 766 334; x_wconf 90' lang='lat' dir='ltr'>est</span> <span class='ocrx_word' id='word_1_20' title='bbox 781 299 962 333; x_wconf 87' lang='lat' dir='ltr'>hominem</span> <span class='ocrx_word' id='word_1_21' title='bbox 982 311 1057 332; x_wconf 86' lang='lat' dir='ltr'>non</span> <span class='ocrx_word' id='word_1_22' title='bbox 1073 299 1182 339; x_wconf 87' lang='lat' dir='ltr'>nasci,</span> 
     </span>
     <span class='ocr_line' id='line_1_5' title="bbox 183 350 1182 391; baseline -0.005 -3"><span class='ocrx_word' id='word_1_23' title='bbox 183 357 233 389; x_wconf 88' lang='lat' dir='ltr'>ita</span> <span class='ocrx_word' id='word_1_24' title='bbox 254 356 359 388; x_wconf 85' lang='lat' dir='ltr'>etiam</span> <span class='ocrx_word' id='word_1_25' title='bbox 377 365 501 386; x_wconf 88' lang='lat' dir='ltr'>verum</span> <span class='ocrx_word' id='word_1_26' title='bbox 521 359 572 385; x_wconf 88' lang='lat' dir='ltr'>est</span> <span class='ocrx_word' id='word_1_27' title='bbox 588 353 630 385; x_wconf 89' lang='lat' dir='ltr'>de</span> <span class='ocrx_word' id='word_1_28' title='bbox 655 353 852 391; x_wconf 87' lang='lat' dir='ltr'>damnatis,</span> <span class='ocrx_word' id='word_1_29' title='bbox 879 351 968 384; x_wconf 85' lang='lat' dir='ltr'>sicut</span> <span class='ocrx_word' id='word_1_30' title='bbox 994 350 1124 384; x_wconf 81' lang='lat' dir='ltr'>dicitur</span> <span class='ocrx_word' id='word_1_31' title='bbox 1140 352 1182 383; x_wconf 90' lang='lat' dir='ltr'>de</span> 
     </span>
     <span class='ocr_line' id='line_1_6' title="bbox 183 401 1183 452; baseline -0.004 -12"><span class='ocrx_word' id='word_1_32' title='bbox 183 407 268 440; x_wconf 86' lang='lat' dir='ltr'>Iuda</span> <span class='ocrx_word' id='word_1_33' title='bbox 285 406 350 452; x_wconf 72' lang='lat'>⁴¹):</span> <span class='ocrx_word' id='word_1_34' title='bbox 387 404 516 438; x_wconf 87' lang='lat' dir='ltr'>Melius</span> <span class='ocrx_word' id='word_1_35' title='bbox 542 410 593 437; x_wconf 90' lang='lat' dir='ltr'>est</span> <span class='ocrx_word' id='word_1_36' title='bbox 618 401 757 436; x_wconf 82' lang='lat' dir='ltr'>homini</span> <span class='ocrx_word' id='word_1_37' title='bbox 776 415 849 436; x_wconf 88' lang='lat' dir='ltr'>non</span> <span class='ocrx_word' id='word_1_38' title='bbox 871 409 997 435; x_wconf 85' lang='lat' dir='ltr'>natum</span> <span class='ocrx_word' id='word_1_39' title='bbox 1023 414 1094 435; x_wconf 88' lang='lat' dir='ltr'>esse</span> <span class='ocrx_word' id='word_1_40' title='bbox 1118 408 1183 436; x_wconf 88' lang='lat' dir='ltr'>etc.</span> 
     </span>
     <span class='ocr_line' id='line_1_7' title="bbox 184 452 1182 502; baseline -0.003 -11"><span class='ocrx_word' id='word_1_41' title='bbox 184 457 302 502; x_wconf 74' lang='lat' dir='ltr'>Satyri</span> <span class='ocrx_word' id='word_1_42' title='bbox 323 457 468 490; x_wconf 82' lang='lat' dir='ltr'>fuerunt</span> <span class='ocrx_word' id='word_1_43' title='bbox 493 462 650 499; x_wconf 80' lang='lat' dir='ltr'>spectra,</span> <span class='ocrx_word' id='word_1_44' title='bbox 686 460 864 493; x_wconf 82' lang='lat' dir='ltr'>monstra,</span> <span class='ocrx_word' id='word_1_45' title='bbox 905 453 948 499; x_wconf 74' lang='lat' dir='ltr'>id)</span> <span class='ocrx_word' id='word_1_46' title='bbox 977 454 1059 488; x_wconf 69' lang='grc' dir='ltr'>Υῦεἰῧ</span> <span class='ocrx_word' id='word_1_47' title='bbox 1087 452 1182 498; x_wconf 52' lang='lat' dir='ltr'>nicht!</span> 
     </span>
     <span class='ocr_line' id='line_1_8' title="bbox 184 506 850 550; baseline -0.011 -5"><span class='ocrx_word' id='word_1_48' title='bbox 184 514 258 545; x_wconf 60' lang='lat' dir='ltr'>mag</span> <span class='ocrx_word' id='word_1_49' title='bbox 295 512 329 544; x_wconf 66' lang='grc' dir='ltr'>εὖ</span> <span class='ocrx_word' id='word_1_50' title='bbox 364 506 420 550; x_wconf 73' lang='lat' dir='ltr'>ist,</span> <span class='ocrx_word' id='word_1_51' title='bbox 456 520 560 550; x_wconf 87' lang='lat' dir='ltr'>saepe</span> <span class='ocrx_word' id='word_1_52' title='bbox 592 507 736 538; x_wconf 80' lang='lat' dir='ltr'>suerunt</span> <span class='ocrx_word' id='word_1_53' title='bbox 765 506 850 538; x_wconf 81' lang='lat' dir='ltr'>visa.</span> 
     </span>
     <span class='ocr_line' id='line_1_9' title="bbox 184 555 1183 605; baseline -0.006 -11"><span class='ocrx_word' id='word_1_54' title='bbox 184 561 351 605; x_wconf 84' lang='lat' dir='ltr'>Satyrum</span> <span class='ocrx_word' id='word_1_55' title='bbox 376 559 555 592; x_wconf 88' lang='lat' dir='ltr'>rediturus</span> <span class='ocrx_word' id='word_1_56' title='bbox 573 564 695 590; x_wconf 85' lang='lat' dir='ltr'>contra</span> <span class='ocrx_word' id='word_1_57' title='bbox 715 556 871 589; x_wconf 87' lang='lat' dir='ltr'>Marium</span> <span class='ocrx_word' id='word_1_58' title='bbox 893 556 929 588; x_wconf 89' lang='lat' dir='ltr'>in</span> <span class='ocrx_word' id='word_1_59' title='bbox 944 555 1095 595; x_wconf 79' lang='lat' dir='ltr'>Italiam,</span> <span class='ocrx_word' id='word_1_60' title='bbox 1123 557 1183 589; x_wconf 91' lang='lat' dir='ltr'>sed</span> 
     </span>
     <span class='ocr_line' id='line_1_10' title="bbox 183 607 1184 653; baseline -0.005 -8"><span class='ocrx_word' id='word_1_61' title='bbox 183 610 274 645; x_wconf 84' lang='lat' dir='ltr'>nihil</span> <span class='ocrx_word' id='word_1_62' title='bbox 291 611 428 645; x_wconf 76' lang='lat' dir='ltr'>audivit</span> <span class='ocrx_word' id='word_1_63' title='bbox 446 622 526 643; x_wconf 90' lang='lat' dir='ltr'>eum</span> <span class='ocrx_word' id='word_1_64' title='bbox 542 609 746 653; x_wconf 87' lang='lat' dir='ltr'>loquentem</span> <span class='ocrx_word' id='word_1_65' title='bbox 759 634 768 648; x_wconf 88' lang='lat'>‚</span> <span class='ocrx_word' id='word_1_66' title='bbox 796 608 863 641; x_wconf 85' lang='lat' dir='ltr'>fuit</span> <span class='ocrx_word' id='word_1_67' title='bbox 881 614 1019 641; x_wconf 86' lang='lat' dir='ltr'>tantum</span> <span class='ocrx_word' id='word_1_68' title='bbox 1038 607 1184 647; x_wconf 86' lang='lat' dir='ltr'>stridor,</span> 
     </span>
     <span class='ocr_line' id='line_1_11' title="bbox 184 675 360 697; baseline -0.017 0"><span class='ocrx_word' id='word_1_69' title='bbox 184 675 360 697; x_wconf 79' lang='lat' dir='ltr'>murmur.</span> 
     </span>
     <span class='ocr_line' id='line_1_12' title="bbox 184 710 1183 755; baseline -0.006 -7"><span class='ocrx_word' id='word_1_70' title='bbox 184 722 270 748; x_wconf 82' lang='lat' dir='ltr'>ctra.</span> <span class='ocrx_word' id='word_1_71' title='bbox 325 713 496 746; x_wconf 76' lang='lat' dir='ltr'>Coactum</span> <span class='ocrx_word' id='word_1_72' title='bbox 525 711 624 743; x_wconf 87' lang='lat' dir='ltr'>illum</span> <span class='ocrx_word' id='word_1_73' title='bbox 654 710 821 755; x_wconf 82' lang='lat' dir='ltr'>Satyrum</span> <span class='ocrx_word' id='word_1_74' title='bbox 845 711 967 743; x_wconf 86' lang='lat' dir='ltr'>dicunt</span> <span class='ocrx_word' id='word_1_75' title='bbox 994 710 1183 754; x_wconf 88' lang='lat' dir='ltr'>protulisse</span> 
     </span>
     <span class='ocr_line' id='line_1_13' title="bbox 182 759 1185 807; baseline -0.006 -8"><span class='ocrx_word' id='word_1_76' title='bbox 182 765 276 800; x_wconf 89' lang='lat' dir='ltr'>hanc</span> <span class='ocrx_word' id='word_1_77' title='bbox 293 776 434 797; x_wconf 77' lang='lat' dir='ltr'>vocem:</span> <span class='ocrx_word' id='word_1_78' title='bbox 464 763 651 807; x_wconf 90' lang='lat' dir='ltr'>Optimum</span> <span class='ocrx_word' id='word_1_79' title='bbox 672 759 856 795; x_wconf 88' lang='lat' dir='ltr'>hominem</span> <span class='ocrx_word' id='word_1_80' title='bbox 881 774 955 794; x_wconf 90' lang='lat' dir='ltr'>non</span> <span class='ocrx_word' id='word_1_81' title='bbox 977 761 1094 799; x_wconf 81' lang='lat' dir='ltr'>nasci,</span> <span class='ocrx_word' id='word_1_82' title='bbox 1123 767 1185 794; x_wconf 85' lang='lat' dir='ltr'>aut</span> 
     </span>
     <span class='ocr_line' id='line_1_14' title="bbox 184 813 1185 863; baseline -0.005 -13"><span class='ocrx_word' id='word_1_83' title='bbox 184 830 290 863; x_wconf 87' lang='lat' dir='ltr'>quam</span> <span class='ocrx_word' id='word_1_84' title='bbox 317 814 500 848; x_wconf 76' lang='lat' dir='ltr'>celerrime</span> <span class='ocrx_word' id='word_1_85' title='bbox 528 814 695 853; x_wconf 85' lang='lat' dir='ltr'>interire,</span> <span class='ocrx_word' id='word_1_86' title='bbox 723 813 892 857; x_wconf 81' lang='lat' dir='ltr'>extingui.</span> <span class='ocrx_word' id='word_1_87' title='bbox 946 813 1060 845; x_wconf 87' lang='lat' dir='ltr'>Huius</span> <span class='ocrx_word' id='word_1_88' title='bbox 1084 813 1185 845; x_wconf 79' lang='lat' dir='ltr'>sabu-</span> 
     </span>
     <span class='ocr_line' id='line_1_15' title="bbox 182 862 1185 908; baseline -0.004 -6"><span class='ocrx_word' id='word_1_89' title='bbox 182 870 237 902; x_wconf 85' lang='lat' dir='ltr'>lae</span> <span class='ocrx_word' id='word_1_90' title='bbox 267 867 485 900; x_wconf 81' lang='lat' dir='ltr'>mentionem</span> <span class='ocrx_word' id='word_1_91' title='bbox 510 865 594 897; x_wconf 86' lang='lat' dir='ltr'>facit</span> <span class='ocrx_word' id='word_1_92' title='bbox 618 863 901 908; x_wconf 54' lang='lat' dir='ltr'>Plutarchusffl).</span> <span class='ocrx_word' id='word_1_93' title='bbox 959 865 1008 900; x_wconf 57' lang='lat' dir='ltr'>&amp;S</span> <span class='ocrx_word' id='word_1_94' title='bbox 1036 862 1073 905; x_wconf 71' lang='lat' dir='ltr'>ist</span> <span class='ocrx_word' id='word_1_95' title='bbox 1101 873 1185 905; x_wconf 68' lang='lat' dir='ltr'>mat,</span> 
     </span>
     <span class='ocr_line' id='line_1_16' title="bbox 183 915 1185 960; baseline -0.009 -4"><span class='ocrx_word' id='word_1_96' title='bbox 183 930 278 956; x_wconf 77' lang='lat' dir='ltr'>menn</span> <span class='ocrx_word' id='word_1_97' title='bbox 306 929 385 954; x_wconf 80' lang='lat' dir='ltr'>mem</span> <span class='ocrx_word' id='word_1_98' title='bbox 412 920 474 953; x_wconf 59' lang='lat' dir='ltr'>bct&amp;</span> <span class='ocrx_word' id='word_1_99' title='bbox 504 918 594 952; x_wconf 75' lang='lat' dir='ltr'>elenb</span> <span class='ocrx_word' id='word_1_100' title='bbox 623 918 658 952; x_wconf 78' lang='lat' dir='ltr'>in</span> <span class='ocrx_word' id='word_1_101' title='bbox 688 918 823 950; x_wconf 83' lang='lat' dir='ltr'>mundo</span> <span class='ocrx_word' id='word_1_102' title='bbox 854 915 999 960; x_wconf 66' lang='lat' dir='ltr'>ansibet3</span> <span class='ocrx_word' id='word_1_103' title='bbox 1031 915 1091 948; x_wconf 86' lang='lat' dir='ltr'>sed</span> <span class='ocrx_word' id='word_1_104' title='bbox 1120 927 1185 948; x_wconf 88' lang='lat' dir='ltr'>nos</span> 
     </span>
     <span class='ocr_line' id='line_1_17' title="bbox 182 966 1182 1008; baseline -0.007 -3"><span class='ocrx_word' id='word_1_105' title='bbox 182 973 352 1005; x_wconf 89' lang='lat' dir='ltr'>debemus</span> <span class='ocrx_word' id='word_1_106' title='bbox 377 969 522 1003; x_wconf 85' lang='lat' dir='ltr'>obedire</span> <span class='ocrx_word' id='word_1_107' title='bbox 546 968 643 1008; x_wconf 88' lang='lat' dir='ltr'>Deo,</span> <span class='ocrx_word' id='word_1_108' title='bbox 672 968 768 1001; x_wconf 80' lang='lat' dir='ltr'>iuxta</span> <span class='ocrx_word' id='word_1_109' title='bbox 798 968 950 1001; x_wconf 85' lang='lat' dir='ltr'>dictum:</span> <span class='ocrx_word' id='word_1_110' title='bbox 1006 966 1182 999; x_wconf 80' lang='lat' dir='ltr'>Humilia-</span> 
     </span>
     <span class='ocr_line' id='line_1_18' title="bbox 183 1018 1186 1065; baseline -0.008 -8"><span class='ocrx_word' id='word_1_111' title='bbox 183 1024 271 1057; x_wconf 88' lang='lat' dir='ltr'>mini</span> <span class='ocrx_word' id='word_1_112' title='bbox 301 1023 365 1056; x_wconf 89' lang='lat' dir='ltr'>snb</span> <span class='ocrx_word' id='word_1_113' title='bbox 398 1020 536 1065; x_wconf 85' lang='lat' dir='ltr'>potenti</span> <span class='ocrx_word' id='word_1_114' title='bbox 559 1032 668 1052; x_wconf 87' lang='lat' dir='ltr'>manu</span> <span class='ocrx_word' id='word_1_115' title='bbox 688 1018 755 1051; x_wconf 89' lang='lat' dir='ltr'>Dei</span> <span class='ocrx_word' id='word_1_116' title='bbox 782 1019 922 1064; x_wconf 71' lang='lat' dir='ltr'>etc.44),</span> <span class='ocrx_word' id='word_1_117' title='bbox 957 1018 1096 1062; x_wconf 84' lang='lat' dir='ltr'>potenti</span> <span class='ocrx_word' id='word_1_118' title='bbox 1120 1018 1186 1051; x_wconf 91' lang='lat' dir='ltr'>sci-</span> 
     </span>
     <span class='ocr_line' id='line_1_19' title="bbox 183 1070 1184 1117; baseline -0.006 -9"><span class='ocrx_word' id='word_1_119' title='bbox 183 1076 264 1108; x_wconf 87' lang='lat' dir='ltr'>licet</span> <span class='ocrx_word' id='word_1_120' title='bbox 289 1076 333 1106; x_wconf 89' lang='lat' dir='ltr'>ad</span> <span class='ocrx_word' id='word_1_121' title='bbox 358 1073 618 1117; x_wconf 88' lang='lat' dir='ltr'>premendum,</span> <span class='ocrx_word' id='word_1_122' title='bbox 653 1077 687 1103; x_wconf 90' lang='lat' dir='ltr'>et</span> <span class='ocrx_word' id='word_1_123' title='bbox 720 1070 860 1113; x_wconf 88' lang='lat' dir='ltr'>potenti</span> <span class='ocrx_word' id='word_1_124' title='bbox 893 1070 937 1102; x_wconf 93' lang='lat' dir='ltr'>ad</span> <span class='ocrx_word' id='word_1_125' title='bbox 971 1070 1184 1102; x_wconf 86' lang='lat' dir='ltr'>sanandum.</span> 
     </span>
     <span class='ocr_line' id='line_1_20' title="bbox 184 1120 1186 1160; baseline -0.007 -1"><span class='ocrx_word' id='word_1_126' title='bbox 184 1126 332 1160; x_wconf 78' lang='lat' dir='ltr'>Confert</span> <span class='ocrx_word' id='word_1_127' title='bbox 355 1125 448 1157; x_wconf 88' lang='lat' dir='ltr'>dicta</span> <span class='ocrx_word' id='word_1_128' title='bbox 473 1121 612 1156; x_wconf 86' lang='lat' dir='ltr'>ethnica</span> <span class='ocrx_word' id='word_1_129' title='bbox 640 1123 683 1154; x_wconf 87' lang='lat' dir='ltr'>ad</span> <span class='ocrx_word' id='word_1_130' title='bbox 702 1121 909 1154; x_wconf 78' lang='lat' dir='ltr'>Ecclesiam.</span> <span class='ocrx_word' id='word_1_131' title='bbox 963 1120 1114 1153; x_wconf 83' lang='lat' dir='ltr'>Difficile</span> <span class='ocrx_word' id='word_1_132' title='bbox 1136 1126 1186 1153; x_wconf 90' lang='lat' dir='ltr'>est</span> 
     </span>
     <span class='ocr_line' id='line_1_21' title="bbox 182 1171 1185 1217; baseline -0.008 -6"><span class='ocrx_word' id='word_1_133' title='bbox 182 1178 336 1212; x_wconf 86' lang='lat' dir='ltr'>retinere</span> <span class='ocrx_word' id='word_1_134' title='bbox 369 1174 582 1209; x_wconf 87' lang='lat' dir='ltr'>sententiam</span> <span class='ocrx_word' id='word_1_135' title='bbox 613 1174 655 1206; x_wconf 89' lang='lat' dir='ltr'>de</span> <span class='ocrx_word' id='word_1_136' title='bbox 688 1173 936 1217; x_wconf 83' lang='lat' dir='ltr'>providentia,</span> <span class='ocrx_word' id='word_1_137' title='bbox 979 1172 1092 1205; x_wconf 90' lang='lat' dir='ltr'>multo</span> <span class='ocrx_word' id='word_1_138' title='bbox 1120 1171 1185 1203; x_wconf 87' lang='lat' dir='ltr'>mi-</span> 
     </span>
     <span class='ocr_line' id='line_1_22' title="bbox 182 1223 1186 1273; baseline -0.007 -10"><span class='ocrx_word' id='word_1_139' title='bbox 182 1242 270 1268; x_wconf 86' lang='lat' dir='ltr'>nus,</span> <span class='ocrx_word' id='word_1_140' title='bbox 298 1228 395 1273; x_wconf 89' lang='lat' dir='ltr'>quod</span> <span class='ocrx_word' id='word_1_141' title='bbox 421 1234 454 1259; x_wconf 85' lang='lat' dir='ltr'>te</span> <span class='ocrx_word' id='word_1_142' title='bbox 480 1226 563 1258; x_wconf 74' lang='lat' dir='ltr'>velit</span> <span class='ocrx_word' id='word_1_143' title='bbox 590 1225 759 1268; x_wconf 87' lang='lat' dir='ltr'>recipere.</span> <span class='ocrx_word' id='word_1_144' title='bbox 826 1223 931 1257; x_wconf 88' lang='lat' dir='ltr'>Fides</span> <span class='ocrx_word' id='word_1_145' title='bbox 954 1235 1027 1256; x_wconf 91' lang='lat' dir='ltr'>non</span> <span class='ocrx_word' id='word_1_146' title='bbox 1054 1223 1186 1256; x_wconf 88' lang='lat' dir='ltr'>retine-</span> 
     </span>
     <span class='ocr_line' id='line_1_23' title="bbox 184 1273 1184 1322; baseline -0.008 -8"><span class='ocrx_word' id='word_1_147' title='bbox 184 1288 242 1314; x_wconf 86' lang='lat' dir='ltr'>tur</span> <span class='ocrx_word' id='word_1_148' title='bbox 266 1280 342 1314; x_wconf 85' lang='lat' dir='ltr'>sine</span> <span class='ocrx_word' id='word_1_149' title='bbox 376 1277 514 1322; x_wconf 87' lang='lat' dir='ltr'>magnis</span> <span class='ocrx_word' id='word_1_150' title='bbox 548 1276 804 1310; x_wconf 76' lang='lat' dir='ltr'>certaminibus</span> <span class='ocrx_word' id='word_1_151' title='bbox 837 1282 871 1308; x_wconf 88' lang='lat' dir='ltr'>et</span> <span class='ocrx_word' id='word_1_152' title='bbox 895 1275 1081 1318; x_wconf 72' lang='lat' dir='ltr'>agonibus.</span> <span class='ocrx_word' id='word_1_153' title='bbox 1134 1273 1184 1306; x_wconf 89' lang='lat' dir='ltr'>Ita</span> 
     </span>
     <span class='ocr_line' id='line_1_24' title="bbox 184 1326 1184 1372; baseline -0.009 -7"><span class='ocrx_word' id='word_1_154' title='bbox 184 1333 341 1366; x_wconf 85' lang='lat' dir='ltr'>conserte</span> <span class='ocrx_word' id='word_1_155' title='bbox 367 1330 458 1363; x_wconf 88' lang='lat' dir='ltr'>dicta</span> <span class='ocrx_word' id='word_1_156' title='bbox 484 1335 518 1362; x_wconf 85' lang='lat' dir='ltr'>et</span> <span class='ocrx_word' id='word_1_157' title='bbox 537 1327 708 1372; x_wconf 89' lang='lat' dir='ltr'>opponite</span> <span class='ocrx_word' id='word_1_158' title='bbox 726 1326 903 1360; x_wconf 87' lang='lat' dir='ltr'>canticum</span> <span class='ocrx_word' id='word_1_159' title='bbox 921 1326 1184 1359; x_wconf 89' lang='lat' dir='ltr'>dulcissimum:</span> 
     </span>
     <span class='ocr_line' id='line_1_25' title="bbox 184 1376 1101 1421; baseline -0.008 -4"><span class='ocrx_word' id='word_1_160' title='bbox 184 1384 312 1418; x_wconf 82' lang='lat' dir='ltr'>Grates</span> <span class='ocrx_word' id='word_1_161' title='bbox 336 1394 431 1415; x_wconf 88' lang='lat' dir='ltr'>nnnc</span> <span class='ocrx_word' id='word_1_162' title='bbox 452 1392 576 1414; x_wconf 88' lang='lat' dir='ltr'>omnes</span> <span class='ocrx_word' id='word_1_163' title='bbox 602 1379 752 1412; x_wconf 87' lang='lat' dir='ltr'>dicimus</span> <span class='ocrx_word' id='word_1_164' title='bbox 769 1377 928 1411; x_wconf 88' lang='lat' dir='ltr'>Domino</span> <span class='ocrx_word' id='word_1_165' title='bbox 948 1376 1101 1421; x_wconf 67' lang='lat' dir='ltr'>etc.⁴⁴³).</span> 
     </span>
    </p>

    <p class='ocr_par' dir='ltr' id='par_1_3' title="bbox 185 1428 1188 1627">
     <span class='ocr_line' id='line_1_26' title="bbox 286 1428 1186 1474; baseline -0.009 -7"><span class='ocrx_word' id='word_1_166' title='bbox 286 1433 346 1467; x_wconf 81' lang='lat' dir='ltr'>Vs.</span> <span class='ocrx_word' id='word_1_167' title='bbox 365 1432 452 1468; x_wconf 77' lang='lat'>428.</span> <span class='ocrx_word' id='word_1_168' title='bbox 506 1431 551 1464; x_wconf 83' lang='lat' dir='ltr'>Et</span> <span class='ocrx_word' id='word_1_169' title='bbox 573 1431 688 1463; x_wconf 84' lang='lat' dir='ltr'>iacere</span> <span class='ocrx_word' id='word_1_170' title='bbox 705 1442 811 1474; x_wconf 91' lang='lat' dir='ltr'>super</span> <span class='ocrx_word' id='word_1_171' title='bbox 826 1435 1019 1462; x_wconf 88' lang='lat' dir='ltr'>metentem</span> <span class='ocrx_word' id='word_1_172' title='bbox 1035 1428 1186 1460; x_wconf 88' lang='lat' dir='ltr'>multam</span> 
     </span>
     <span class='ocr_line' id='line_1_27' title="bbox 185 1479 1188 1527; baseline -0.009 -7"><span class='ocrx_word' id='word_1_173' title='bbox 185 1494 337 1525; x_wconf 82' lang='lat' dir='ltr'>terram,</span> <span class='ocrx_word' id='word_1_174' title='bbox 366 1485 401 1517; x_wconf 92' lang='lat' dir='ltr'>id</span> <span class='ocrx_word' id='word_1_175' title='bbox 429 1490 500 1523; x_wconf 82' lang='lat' dir='ltr'>est,</span> <span class='ocrx_word' id='word_1_176' title='bbox 527 1482 768 1515; x_wconf 88' lang='lat' dir='ltr'>cumulantem</span> <span class='ocrx_word' id='word_1_177' title='bbox 782 1479 811 1527; x_wconf 89' lang='lat'>,]</span> <span class='ocrx_word' id='word_1_178' title='bbox 840 1481 876 1513; x_wconf 91' lang='lat' dir='ltr'>id</span> <span class='ocrx_word' id='word_1_179' title='bbox 901 1487 972 1520; x_wconf 88' lang='lat' dir='ltr'>est,</span> <span class='ocrx_word' id='word_1_180' title='bbox 1005 1481 1119 1512; x_wconf 86' lang='lat' dir='ltr'>iacere</span> <span class='ocrx_word' id='word_1_181' title='bbox 1136 1491 1188 1511; x_wconf 91' lang='lat' dir='ltr'>se-</span> 
     </span>
     <span class='ocr_line' id='line_1_28' title="bbox 185 1530 1187 1583; baseline -0.009 -12"><span class='ocrx_word' id='word_1_182' title='bbox 185 1538 323 1583; x_wconf 82' lang='lat' dir='ltr'>pultum</span> <span class='ocrx_word' id='word_1_183' title='bbox 350 1537 413 1570; x_wconf 87' lang='lat' dir='ltr'>sub</span> <span class='ocrx_word' id='word_1_184' title='bbox 439 1542 554 1574; x_wconf 82' lang='lat' dir='ltr'>terra,</span> <span class='ocrx_word' id='word_1_185' title='bbox 589 1546 680 1579; x_wconf 88' lang='lat' dir='ltr'>quae</span> <span class='ocrx_word' id='word_1_186' title='bbox 705 1533 753 1566; x_wconf 90' lang='lat' dir='ltr'>sic</span> <span class='ocrx_word' id='word_1_187' title='bbox 782 1532 1002 1565; x_wconf 81' lang='lat' dir='ltr'>accumulata</span> <span class='ocrx_word' id='word_1_188' title='bbox 1028 1531 1073 1564; x_wconf 89' lang='lat' dir='ltr'>sit</span> <span class='ocrx_word' id='word_1_189' title='bbox 1098 1530 1187 1563; x_wconf 85' lang='lat' dir='ltr'>sicut</span> 
     </span>
     <span class='ocr_line' id='line_1_29' title="bbox 186 1584 1186 1627; baseline -0.008 -5"><span class='ocrx_word' id='word_1_190' title='bbox 186 1589 343 1624; x_wconf 86' lang='lat' dir='ltr'>tumulus</span> <span class='ocrx_word' id='word_1_191' title='bbox 355 1614 363 1627; x_wconf 94' lang='lat'>‚</span> <span class='ocrx_word' id='word_1_192' title='bbox 392 1588 447 1619; x_wconf 57' lang='lat' dir='ltr'>vel</span> <span class='ocrx_word' id='word_1_193' title='bbox 467 1587 557 1619; x_wconf 89' lang='lat' dir='ltr'>sicut</span> <span class='ocrx_word' id='word_1_194' title='bbox 573 1585 842 1618; x_wconf 82' lang='lat' dir='ltr'>accumulantur</span> <span class='ocrx_word' id='word_1_195' title='bbox 859 1584 977 1625; x_wconf 75' lang='lat' dir='ltr'>fruges</span> <span class='ocrx_word' id='word_1_196' title='bbox 994 1585 1186 1615; x_wconf 84' lang='lat' dir='ltr'>demessae.</span> 
     </span>
    </p>

    <p class='ocr_par' dir='ltr' id='par_1_4' title="bbox 188 1631 1187 1778">
     <span class='ocr_line' id='line_1_30' title="bbox 289 1631 1187 1679; baseline -0.009 -6"><span class='ocrx_word' id='word_1_197' title='bbox 289 1639 349 1672; x_wconf 63' lang='lat' dir='ltr'>Vs,</span> <span class='ocrx_word' id='word_1_198' title='bbox 367 1638 453 1673; x_wconf 74' lang='lat'>429.</span> <span class='ocrx_word' id='word_1_199' title='bbox 506 1637 660 1669; x_wconf 81' lang='lat' dir='ltr'>Facilius</span> <span class='ocrx_word' id='word_1_200' title='bbox 687 1643 737 1669; x_wconf 90' lang='lat' dir='ltr'>est</span> <span class='ocrx_word' id='word_1_201' title='bbox 759 1646 930 1679; x_wconf 86' lang='lat' dir='ltr'>generare</span> <span class='ocrx_word' id='word_1_202' title='bbox 954 1641 987 1666; x_wconf 88' lang='lat' dir='ltr'>et</span> <span class='ocrx_word' id='word_1_203' title='bbox 1011 1635 1104 1666; x_wconf 89' lang='lat' dir='ltr'>alere</span> <span class='ocrx_word' id='word_1_204' title='bbox 1123 1631 1187 1666; x_wconf 86' lang='lat' dir='ltr'>ho·</span> 
     </span>
     <span class='ocr_line' id='line_1_31' title="bbox 188 1687 1186 1737; baseline -0.009 -12"><span class='ocrx_word' id='word_1_205' title='bbox 188 1689 354 1737; x_wconf 62' lang='lat' dir='ltr'>minem]</span> <span class='ocrx_word' id='word_1_206' title='bbox 409 1690 613 1733; x_wconf 88' lang='lat' dir='ltr'>Utrumque</span> <span class='ocrx_word' id='word_1_207' title='bbox 649 1694 700 1721; x_wconf 88' lang='lat' dir='ltr'>est</span> <span class='ocrx_word' id='word_1_208' title='bbox 732 1687 872 1719; x_wconf 83' lang='lat' dir='ltr'>difficile</span> <span class='ocrx_word' id='word_1_209' title='bbox 897 1692 931 1718; x_wconf 93' lang='lat' dir='ltr'>et</span> <span class='ocrx_word' id='word_1_210' title='bbox 955 1697 1126 1729; x_wconf 82' lang='lat' dir='ltr'>generare</span> <span class='ocrx_word' id='word_1_211' title='bbox 1152 1691 1186 1717; x_wconf 90' lang='lat' dir='ltr'>et</span> 
     </span>
     <span class='ocr_line' id='line_1_32' title="bbox 188 1745 294 1778; baseline 0 -1"><span class='ocrx_word' id='word_1_212' title='bbox 188 1745 294 1778; x_wconf 84' lang='lat' dir='ltr'>alere.</span> 
     </span>
    </p>

    <p class='ocr_par' dir='ltr' id='par_1_5' title="bbox 187 1788 1189 2035">
     <span class='ocr_line' id='line_1_33' title="bbox 289 1788 1187 1836; baseline -0.011 -9"><span class='ocrx_word' id='word_1_213' title='bbox 289 1793 366 1827; x_wconf 63' lang='lat' dir='ltr'>VsS.</span> <span class='ocrx_word' id='word_1_214' title='bbox 391 1791 466 1827; x_wconf 74' lang='lat'>429</span> <span class='ocrx_word' id='word_1_215' title='bbox 491 1805 542 1836; x_wconf 89' lang='lat' dir='ltr'>sq.</span> <span class='ocrx_word' id='word_1_216' title='bbox 599 1790 716 1835; x_wconf 84' lang='lat' dir='ltr'>Quam</span> <span class='ocrx_word' id='word_1_217' title='bbox 753 1789 905 1822; x_wconf 88' lang='lat' dir='ltr'>inserere</span> <span class='ocrx_word' id='word_1_218' title='bbox 930 1788 1063 1820; x_wconf 85' lang='lat' dir='ltr'>bonam</span> <span class='ocrx_word' id='word_1_219' title='bbox 1090 1797 1187 1819; x_wconf 85' lang='lat' dir='ltr'>men-</span> 
     </span>
     <span class='ocr_line' id='line_1_34' title="bbox 187 1839 1187 1893; baseline -0.01 -14"><span class='ocrx_word' id='word_1_220' title='bbox 187 1853 256 1879; x_wconf 89' lang='lat' dir='ltr'>tem</span> <span class='ocrx_word' id='word_1_221' title='bbox 271 1844 295 1893; x_wconf 76' lang='lat'>,]</span> <span class='ocrx_word' id='word_1_222' title='bbox 321 1844 422 1890; x_wconf 80' lang='lat' dir='ltr'>quasi</span> <span class='ocrx_word' id='word_1_223' title='bbox 445 1843 558 1876; x_wconf 80' lang='lat' dir='ltr'>dicat:</span> <span class='ocrx_word' id='word_1_224' title='bbox 588 1842 783 1875; x_wconf 85' lang='lat' dir='ltr'>multorum</span> <span class='ocrx_word' id='word_1_225' title='bbox 809 1846 958 1873; x_wconf 83' lang='lat' dir='ltr'>naturae</span> <span class='ocrx_word' id='word_1_226' title='bbox 983 1839 1069 1872; x_wconf 86' lang='lat' dir='ltr'>tales</span> <span class='ocrx_word' id='word_1_227' title='bbox 1093 1844 1187 1877; x_wconf 81' lang='lat' dir='ltr'>sunt,</span> 
     </span>
     <span class='ocr_line' id='line_1_35' title="bbox 187 1893 1188 1935; baseline -0.01 -5"><span class='ocrx_word' id='word_1_228' title='bbox 187 1905 226 1931; x_wconf 90' lang='lat' dir='ltr'>ut</span> <span class='ocrx_word' id='word_1_229' title='bbox 249 1896 436 1930; x_wconf 79' lang='lat' dir='ltr'>difficulter</span> <span class='ocrx_word' id='word_1_230' title='bbox 456 1895 644 1927; x_wconf 79' lang='lat' dir='ltr'>flectantur</span> <span class='ocrx_word' id='word_1_231' title='bbox 664 1894 708 1926; x_wconf 87' lang='lat' dir='ltr'>ad</span> <span class='ocrx_word' id='word_1_232' title='bbox 732 1893 899 1925; x_wconf 66' lang='lat' dir='ltr'>virtutem</span> <span class='ocrx_word' id='word_1_233' title='bbox 922 1896 1069 1935; x_wconf 87' lang='lat' dir='ltr'>propter</span> <span class='ocrx_word' id='word_1_234' title='bbox 1087 1901 1188 1922; x_wconf 87' lang='lat' dir='ltr'>mon-</span> 
     </span>
     <span class='ocr_line' id='line_1_36' title="bbox 187 1942 1189 1990; baseline -0.009 -8"><span class='ocrx_word' id='word_1_235' title='bbox 187 1949 403 1983; x_wconf 86' lang='lat' dir='ltr'>strositatem</span> <span class='ocrx_word' id='word_1_236' title='bbox 428 1953 461 1979; x_wconf 90' lang='lat' dir='ltr'>et</span> <span class='ocrx_word' id='word_1_237' title='bbox 492 1946 705 1990; x_wconf 76' lang='lat' dir='ltr'>pravitatem</span> <span class='ocrx_word' id='word_1_238' title='bbox 733 1951 896 1976; x_wconf 87' lang='lat' dir='ltr'>naturae.</span> <span class='ocrx_word' id='word_1_239' title='bbox 953 1942 1106 1975; x_wconf 85' lang='lat' dir='ltr'>Multum</span> <span class='ocrx_word' id='word_1_240' title='bbox 1138 1947 1189 1974; x_wconf 84' lang='lat' dir='ltr'>cst</span> 
     </span>
     <span class='ocr_line' id='line_1_37' title="bbox 188 1994 1083 2035; baseline -0.009 -2"><span class='ocrx_word' id='word_1_241' title='bbox 188 2007 473 2033; x_wconf 83' lang='lat' dir='ltr'>monstrosarmn</span> <span class='ocrx_word' id='word_1_242' title='bbox 501 2004 710 2030; x_wconf 86' lang='lat' dir='ltr'>naturarum</span> <span class='ocrx_word' id='word_1_243' title='bbox 725 2023 734 2035; x_wconf 87' lang='lat'>,</span> <span class='ocrx_word' id='word_1_244' title='bbox 763 1996 851 2028; x_wconf 88' lang='lat' dir='ltr'>alius</span> <span class='ocrx_word' id='word_1_245' title='bbox 872 1995 942 2027; x_wconf 86' lang='lat' dir='ltr'>alio</span> <span class='ocrx_word' id='word_1_246' title='bbox 962 1994 1083 2026; x_wconf 90' lang='lat' dir='ltr'>modo.</span> 
     </span>
    </p>

    <p class='ocr_par' dir='ltr' id='par_1_6' title="bbox 189 2042 1190 2400">
     <span class='ocr_line' id='line_1_38' title="bbox 292 2042 1190 2091; baseline -0.009 -8"><span class='ocrx_word' id='word_1_247' title='bbox 292 2050 351 2083; x_wconf 67' lang='lat' dir='ltr'>Vs.</span> <span class='ocrx_word' id='word_1_248' title='bbox 371 2049 456 2082; x_wconf 79' lang='lat'>430.</span> <span class='ocrx_word' id='word_1_249' title='bbox 510 2048 624 2081; x_wconf 73' lang='lat' dir='ltr'>Nemo</span> <span class='ocrx_word' id='word_1_250' title='bbox 645 2046 760 2081; x_wconf 78' lang='lat' dir='ltr'>adhuc</span> <span class='ocrx_word' id='word_1_251' title='bbox 778 2046 990 2090; x_wconf 70' lang='lat' dir='ltr'>excogitavit</span> <span class='ocrx_word' id='word_1_252' title='bbox 1009 2042 1096 2091; x_wconf 76' lang='lat' dir='ltr'>lioc]</span> <span class='ocrx_word' id='word_1_253' title='bbox 1125 2043 1190 2076; x_wconf 88' lang='lat' dir='ltr'>sci-</span> 
     </span>
     <span class='ocr_line' id='line_1_39' title="bbox 190 2097 1187 2147; baseline -0.01 -11"><span class='ocrx_word' id='word_1_254' title='bbox 190 2103 272 2136; x_wconf 85' lang='lat' dir='ltr'>licet</span> <span class='ocrx_word' id='word_1_255' title='bbox 309 2101 492 2147; x_wconf 82' lang='lat' dir='ltr'>quomodo</span> <span class='ocrx_word' id='word_1_256' title='bbox 538 2107 760 2133; x_wconf 84' lang='lat' dir='ltr'>monstrosae</span> <span class='ocrx_word' id='word_1_257' title='bbox 800 2105 950 2131; x_wconf 85' lang='lat' dir='ltr'>naturae</span> <span class='ocrx_word' id='word_1_258' title='bbox 988 2097 1187 2129; x_wconf 88' lang='lat' dir='ltr'>flectantur.</span> 
     </span>
     <span class='ocr_line' id='line_1_40' title="bbox 191 2145 1188 2195; baseline -0.01 -8"><span class='ocrx_word' id='word_1_259' title='bbox 191 2154 307 2187; x_wconf 72' lang='lat' dir='ltr'>Curva</span> <span class='ocrx_word' id='word_1_260' title='bbox 334 2153 427 2195; x_wconf 83' lang='lat' dir='ltr'>ligna</span> <span class='ocrx_word' id='word_1_261' title='bbox 453 2163 527 2184; x_wconf 88' lang='lat' dir='ltr'>non</span> <span class='ocrx_word' id='word_1_262' title='bbox 546 2157 692 2194; x_wconf 84' lang='lat' dir='ltr'>possunt</span> <span class='ocrx_word' id='word_1_263' title='bbox 712 2151 786 2183; x_wconf 80' lang='lat' dir='ltr'>lieri</span> <span class='ocrx_word' id='word_1_264' title='bbox 806 2156 921 2188; x_wconf 83' lang='lat' dir='ltr'>recta,</span> <span class='ocrx_word' id='word_1_265' title='bbox 948 2145 1188 2191; x_wconf 55' lang='lat' dir='ltr'>Salomon&#39;ffi).</span> 
     </span>
     <span class='ocr_line' id='line_1_41' title="bbox 189 2199 1188 2250; baseline -0.01 -11"><span class='ocrx_word' id='word_1_266' title='bbox 189 2205 370 2250; x_wconf 84' lang='lat' dir='ltr'>Loquitur</span> <span class='ocrx_word' id='word_1_267' title='bbox 391 2205 432 2235; x_wconf 90' lang='lat' dir='ltr'>de</span> <span class='ocrx_word' id='word_1_268' title='bbox 451 2209 524 2235; x_wconf 90' lang='lat' dir='ltr'>tota</span> <span class='ocrx_word' id='word_1_269' title='bbox 551 2202 779 2235; x_wconf 85' lang='lat' dir='ltr'>multitudine</span> <span class='ocrx_word' id='word_1_270' title='bbox 803 2208 837 2233; x_wconf 91' lang='lat' dir='ltr'>et</span> <span class='ocrx_word' id='word_1_271' title='bbox 854 2199 1064 2233; x_wconf 83' lang='lat' dir='ltr'>monstrosis</span> <span class='ocrx_word' id='word_1_272' title='bbox 1085 2204 1188 2230; x_wconf 86' lang='lat' dir='ltr'>natu-</span> 
     </span>
     <span class='ocr_line' id='line_1_42' title="bbox 190 2248 1189 2297; baseline -0.006 -7"><span class='ocrx_word' id='word_1_273' title='bbox 190 2258 258 2296; x_wconf 84' lang='lat' dir='ltr'>ris‚</span> <span class='ocrx_word' id='word_1_274' title='bbox 296 2266 384 2291; x_wconf 75' lang='lat' dir='ltr'>neme</span> <span class='ocrx_word' id='word_1_275' title='bbox 421 2258 456 2289; x_wconf 66' lang='grc' dir='ltr'>εὖ</span> <span class='ocrx_word' id='word_1_276' title='bbox 493 2253 537 2297; x_wconf 84' lang='lat' dir='ltr'>im</span> <span class='ocrx_word' id='word_1_277' title='bbox 573 2253 677 2288; x_wconf 64' lang='lat' dir='ltr'>{einer</span> <span class='ocrx_word' id='word_1_278' title='bbox 715 2255 747 2288; x_wconf 83' lang='lat' dir='ltr'>in</span> <span class='ocrx_word' id='word_1_279' title='bbox 777 2253 884 2295; x_wconf 58' lang='lat' dir='ltr'>tinne.</span> <span class='ocrx_word' id='word_1_280' title='bbox 927 2261 959 2286; x_wconf 80' lang='lat' dir='ltr'>et</span> <span class='ocrx_word' id='word_1_281' title='bbox 985 2251 1079 2286; x_wconf 75' lang='lat' dir='ltr'>mosse</span> <span class='ocrx_word' id='word_1_282' title='bbox 1108 2248 1189 2291; x_wconf 60' lang='lat' dir='ltr'>told)</span> 
     </span>
     <span class='ocr_line' id='line_1_43' title="bbox 191 2301 1187 2353; baseline -0.013 -9"><span class='ocrx_word' id='word_1_283' title='bbox 191 2309 368 2353; x_wconf 59' lang='lat' dir='ltr'>megiment</span> <span class='ocrx_word' id='word_1_284' title='bbox 397 2306 517 2351; x_wconf 70' lang='lat' dir='ltr'>baben,</span> <span class='ocrx_word' id='word_1_285' title='bbox 545 2307 586 2339; x_wconf 75' lang='lat' dir='ltr'>ba</span> <span class='ocrx_word' id='word_1_286' title='bbox 610 2305 678 2339; x_wconf 59' lang='lat' dir='ltr'>{cin</span> <span class='ocrx_word' id='word_1_287' title='bbox 705 2304 835 2349; x_wconf 72' lang='lat' dir='ltr'>mcmget</span> <span class='ocrx_word' id='word_1_288' title='bbox 864 2305 962 2338; x_wconf 78' lang='lat' dir='ltr'>innen</span> <span class='ocrx_word' id='word_1_289' title='bbox 984 2302 1047 2346; x_wconf 68' lang='lat' dir='ltr'>fei).</span> <span class='ocrx_word' id='word_1_290' title='bbox 1096 2301 1187 2333; x_wconf 81' lang='lat' dir='ltr'>Mut-</span> 
     </span>
     <span class='ocr_line' id='line_1_44' title="bbox 191 2355 1190 2400; baseline -0.009 -7"><span class='ocrx_word' id='word_1_291' title='bbox 191 2360 306 2394; x_wconf 86' lang='lat' dir='ltr'>titudo</span> <span class='ocrx_word' id='word_1_292' title='bbox 331 2357 519 2392; x_wconf 85' lang='lat' dir='ltr'>hominum</span> <span class='ocrx_word' id='word_1_293' title='bbox 543 2363 682 2389; x_wconf 84' lang='lat' dir='ltr'>constat</span> <span class='ocrx_word' id='word_1_294' title='bbox 708 2368 835 2400; x_wconf 77' lang='lat' dir='ltr'>magna</span> <span class='ocrx_word' id='word_1_295' title='bbox 860 2355 1063 2388; x_wconf 85' lang='lat' dir='ltr'>diversitate</span> <span class='ocrx_word' id='word_1_296' title='bbox 1088 2359 1190 2385; x_wconf 85' lang='lat' dir='ltr'>natu-</span> 
     </span>
    </p>
   </div>
   <div class='ocr_carea' id='block_1_3' title="bbox 227 2473 757 2633">
    <p class='ocr_par' dir='ltr' id='par_1_7' title="bbox 227 2473 757 2547">
     <span class='ocr_line' id='line_1_45' title="bbox 227 2473 757 2502; baseline -0.002 -4"><span class='ocrx_word' id='word_1_297' title='bbox 227 2476 275 2502; x_wconf 76' lang='lat'>4¹)</span> <span class='ocrx_word' id='word_1_298' title='bbox 296 2475 390 2499; x_wconf 66' lang='lat' dir='ltr'>matth.</span> <span class='ocrx_word' id='word_1_299' title='bbox 410 2475 460 2500; x_wconf 76' lang='lat'>26.</span> <span class='ocrx_word' id='word_1_300' title='bbox 478 2475 520 2498; x_wconf 66' lang='lat'>24.</span> <span class='ocrx_word' id='word_1_301' title='bbox 546 2475 628 2496; x_wconf 54' lang='lat' dir='ltr'>Marc.</span> <span class='ocrx_word' id='word_1_302' title='bbox 653 2474 696 2496; x_wconf 76' lang='grc' dir='ltr'>Η.</span> <span class='ocrx_word' id='word_1_303' title='bbox 716 2473 757 2497; x_wconf 74' lang='lat'>21.</span> 
     </span>
     <span class='ocr_line' id='line_1_46' title="bbox 229 2516 665 2547; baseline -0.005 -5"><span class='ocrx_word' id='word_1_304' title='bbox 229 2518 277 2545; x_wconf 70' lang='lat'>42)</span> <span class='ocrx_word' id='word_1_305' title='bbox 297 2518 379 2547; x_wconf 82' lang='lat' dir='ltr'>cepit]</span> <span class='ocrx_word' id='word_1_306' title='bbox 400 2519 448 2542; x_wconf 71' lang='lat' dir='ltr'>Ed.</span> <span class='ocrx_word' id='word_1_307' title='bbox 471 2517 545 2541; x_wconf 79' lang='lat'>1560.</span> <span class='ocrx_word' id='word_1_308' title='bbox 566 2516 665 2545; x_wconf 80' lang='lat' dir='ltr'>coepit.</span> 
     </span>
    </p>

    <p class='ocr_par' dir='ltr' id='par_1_8' title="bbox 229 2559 638 2590">
     <span class='ocr_line' id='line_1_47' title="bbox 229 2559 638 2590; baseline -0.005 -6"><span class='ocrx_word' id='word_1_309' title='bbox 229 2562 277 2587; x_wconf 76' lang='lat'>43)</span> <span class='ocrx_word' id='word_1_310' title='bbox 299 2560 435 2584; x_wconf 80' lang='lat' dir='ltr'>Plutarch.</span> <span class='ocrx_word' id='word_1_311' title='bbox 455 2561 536 2590; x_wconf 70' lang='lat' dir='ltr'>sylla</span> <span class='ocrx_word' id='word_1_312' title='bbox 556 2566 577 2583; x_wconf 90' lang='lat' dir='ltr'>c.</span> <span class='ocrx_word' id='word_1_313' title='bbox 598 2559 638 2582; x_wconf 82' lang='lat'>27.</span> 
     </span>
    </p>

    <p class='ocr_par' dir='ltr' id='par_1_9' title="bbox 230 2604 508 2633">
     <span class='ocr_line' id='line_1_48' title="bbox 230 2604 508 2633; baseline -0.004 -6"><span class='ocrx_word' id='word_1_314' title='bbox 230 2605 278 2631; x_wconf 68' lang='lat'>44)</span> <span class='ocrx_word' id='word_1_315' title='bbox 300 2605 320 2627; x_wconf 78' lang='grc' dir='ltr'>ι,</span> <span class='ocrx_word' id='word_1_316' title='bbox 341 2604 412 2626; x_wconf 79' lang='lat' dir='ltr'>Petr.</span> <span class='ocrx_word' id='word_1_317' title='bbox 433 2604 465 2633; x_wconf 83' lang='lat'>5,</span> <span class='ocrx_word' id='word_1_318' title='bbox 485 2605 508 2627; x_wconf 77' lang='lat'>6.</span> 
     </span>
    </p>
   </div>
   <div class='ocr_carea' id='block_1_4' title="bbox 230 2641 1192 2711">
    <p class='ocr_par' dir='ltr' id='par_1_10' title="bbox 230 2641 1192 2711">
     <span class='ocr_line' id='line_1_49' title="bbox 230 2641 1192 2674; baseline -0.006 -4"><span class='ocrx_word' id='word_1_319' title='bbox 230 2650 262 2670; x_wconf 69' lang='lat'>44</span> <span class='ocrx_word' id='word_1_320' title='bbox 272 2649 302 2674; x_wconf 83' lang='lat' dir='ltr'>a)</span> <span class='ocrx_word' id='word_1_321' title='bbox 323 2647 379 2669; x_wconf 74' lang='lat' dir='ltr'>unc</span> <span class='ocrx_word' id='word_1_322' title='bbox 393 2649 455 2669; x_wconf 87' lang='lat' dir='ltr'>cant</span> <span class='ocrx_word' id='word_1_323' title='bbox 481 2646 723 2670; x_wconf 70' lang='lat' dir='ltr'>afferuntlmniel:</span> <span class='ocrx_word' id='word_1_324' title='bbox 745 2647 875 2669; x_wconf 70' lang='lat' dir='ltr'>Tin—saur.</span> <span class='ocrx_word' id='word_1_325' title='bbox 898 2644 1056 2674; x_wconf 63' lang='lat' dir='ltr'>hynuunlog.</span> <span class='ocrx_word' id='word_1_326' title='bbox 1076 2641 1192 2667; x_wconf 63' lang='lat' dir='ltr'>Tomss.</span> 
     </span>
     <span class='ocr_line' id='line_1_50' title="bbox 267 2678 1105 2711; baseline -0.004 -6"><span class='ocrx_word' id='word_1_327' title='bbox 267 2689 288 2711; x_wconf 85' lang='lat' dir='ltr'>p.</span> <span class='ocrx_word' id='word_1_328' title='bbox 301 2683 342 2710; x_wconf 83' lang='lat'>5.;</span> <span class='ocrx_word' id='word_1_329' title='bbox 374 2681 598 2711; x_wconf 63' lang='lat' dir='ltr'>Wackernagel:</span> <span class='ocrx_word' id='word_1_330' title='bbox 620 2682 643 2703; x_wconf 82' lang='lat' dir='ltr'>d.</span> <span class='ocrx_word' id='word_1_331' title='bbox 667 2681 802 2704; x_wconf 51' lang='lat' dir='ltr'>nentur-ne</span> <span class='ocrx_word' id='word_1_332' title='bbox 823 2678 997 2702; x_wconf 79' lang='lat' dir='ltr'>Kirclwnlicd</span> <span class='ocrx_word' id='word_1_333' title='bbox 1022 2686 1045 2708; x_wconf 80' lang='lat' dir='ltr'>p.</span> <span class='ocrx_word' id='word_1_334' title='bbox 1066 2678 1105 2702; x_wconf 80' lang='lat'>16.</span> 
     </span>
    </p>
   </div>
   <div class='ocr_carea' id='block_1_5' title="bbox 230 2724 597 2751">
    <p class='ocr_par' dir='ltr' id='par_1_11' title="bbox 230 2724 597 2751">
     <span class='ocr_line' id='line_1_51' title="bbox 230 2724 597 2751; baseline -0.003 -3"><span class='ocrx_word' id='word_1_335' title='bbox 230 2726 278 2751; x_wconf 65' lang='lat'>⁴5)</span> <span class='ocrx_word' id='word_1_336' title='bbox 300 2724 484 2747; x_wconf 49' lang='lat' dir='ltr'>arnicauso-s</span> <span class='ocrx_word' id='word_1_337' title='bbox 508 2726 537 2747; x_wconf 86' lang='lat'>1.</span> <span class='ocrx_word' id='word_1_338' title='bbox 561 2724 597 2747; x_wconf 79' lang='lat'>15.</span> 
     </span>
    </p>
   </div>
   <div class='ocr_carea' id='block_1_6' title="bbox 771 108 1645 146">
    <p class='ocr_par' dir='ltr' id='par_1_12' title="bbox 771 108 1645 146">
     <span class='ocr_line' id='line_1_52' title="bbox 771 108 1645 146; baseline -0.001 0"><span class='ocrx_word' id='word_1_339' title='bbox 771 112 894 146; x_wconf 81' lang='lat' dir='ltr'>PfflL.</span> <span class='ocrx_word' id='word_1_340' title='bbox 928 110 1041 145; x_wconf 90' lang='lat' dir='ltr'>MEL.</span> <span class='ocrx_word' id='word_1_341' title='bbox 1075 109 1276 144; x_wconf 81' lang='lat' dir='ltr'>SCRIPTA</span> <span class='ocrx_word' id='word_1_342' title='bbox 1308 108 1645 145; x_wconf 82' lang='lat' dir='ltr'>PHILOLOGICA.</span> 
     </span>
    </p>
   </div>
   <div class='ocr_carea' id='block_1_7' title="bbox 914 504 1210 550">
    <p class='ocr_par' dir='ltr' id='par_1_13' title="bbox 914 504 1210 550">
     <span class='ocr_line' id='line_1_53' title="bbox 914 504 1210 550; baseline -0.003 -13"><span class='ocrx_word' id='word_1_343' title='bbox 914 504 1007 549; x_wconf 87' lang='lat' dir='ltr'>Sylla</span> <span class='ocrx_word' id='word_1_344' title='bbox 1035 505 1127 548; x_wconf 88' lang='lat' dir='ltr'>cepit</span> <span class='ocrx_word' id='word_1_345' title='bbox 1135 505 1182 550; x_wconf 66' lang='lat'>4⁸2)</span> <span class='ocrx_word' id='word_1_346' title='bbox 1209 535 1210 539; x_wconf 73' lang='grc'>,</span> 
     </span>
    </p>
   </div>
   <div class='ocr_carea' id='block_1_8' title="bbox 415 652 1211 705">
    <p class='ocr_par' dir='ltr' id='par_1_14' title="bbox 415 652 1211 705">
     <span class='ocr_line' id='line_1_54' title="bbox 415 652 1211 705; baseline -0.005 -10"><span class='ocrx_word' id='word_1_347' title='bbox 415 660 477 705; x_wconf 67' lang='lat' dir='ltr'>Sd&gt;</span> <span class='ocrx_word' id='word_1_348' title='bbox 507 660 597 705; x_wconf 63' lang='lat' dir='ltr'>batt„</span> <span class='ocrx_word' id='word_1_349' title='bbox 626 663 660 694; x_wconf 61' lang='lat' dir='ltr'>eg</span> <span class='ocrx_word' id='word_1_350' title='bbox 682 658 747 702; x_wconf 67' lang='lat' dir='ltr'>sein</span> <span class='ocrx_word' id='word_1_351' title='bbox 775 669 847 704; x_wconf 59' lang='lat' dir='ltr'>gum</span> <span class='ocrx_word' id='word_1_352' title='bbox 873 660 1004 703; x_wconf 70' lang='lat' dir='ltr'>mebten</span> <span class='ocrx_word' id='word_1_353' title='bbox 1031 659 1087 693; x_wconf 77' lang='lat' dir='ltr'>teil</span> <span class='ocrx_word' id='word_1_354' title='bbox 1107 671 1183 702; x_wconf 83' lang='lat' dir='ltr'>spe-</span> <span class='ocrx_word' id='word_1_355' title='bbox 1209 652 1211 686; x_wconf 67' lang='lat' dir='ltr'>l</span> 
     </span>
    </p>
   </div>
   <div class='ocr_carea' id='block_1_9' title="bbox 1207 195 1214 1505">
    <p class='ocr_par' dir='ltr' id='par_1_15' title="bbox 1207 195 1214 1505">
     <span class='ocr_line' id='line_1_55' title="bbox 1207 195 1214 1505; baseline 0 0"><span class='ocrx_word' id='word_1_356' title='bbox 1207 195 1214 1505; x_wconf 95' lang='lat' dir='ltr'> </span> 
     </span>
    </p>
   </div>
   <div class='ocr_carea' id='block_1_10' title="bbox 2165 114 2239 151">
    <p class='ocr_par' dir='ltr' id='par_1_16' title="bbox 2165 114 2239 151">
     <span class='ocr_line' id='line_1_56' title="bbox 2165 114 2239 151; baseline -0.027 0"><span class='ocrx_word' id='word_1_357' title='bbox 2165 114 2239 151; x_wconf 83' lang='lat'>108</span> 
     </span>
    </p>
   </div>
   <div class='ocr_carea' id='block_1_11' title="bbox 1234 197 2245 2237">
    <p class='ocr_par' dir='ltr' id='par_1_17' title="bbox 1234 197 2241 601">
     <span class='ocr_line' id='line_1_57' title="bbox 1234 197 2241 239; baseline 0.004 -11"><span class='ocrx_word' id='word_1_358' title='bbox 1234 208 1375 229; x_wconf 87' lang='lat' dir='ltr'>rarum:</span> <span class='ocrx_word' id='word_1_359' title='bbox 1408 207 1490 239; x_wconf 81' lang='lat' dir='ltr'>ergo</span> <span class='ocrx_word' id='word_1_360' title='bbox 1523 197 1573 230; x_wconf 88' lang='lat' dir='ltr'>ibi</span> <span class='ocrx_word' id='word_1_361' title='bbox 1609 197 1763 230; x_wconf 84' lang='lat' dir='ltr'>multum</span> <span class='ocrx_word' id='word_1_362' title='bbox 1792 203 1844 231; x_wconf 89' lang='lat' dir='ltr'>est</span> <span class='ocrx_word' id='word_1_363' title='bbox 1869 197 2063 239; x_wconf 81' lang='lat' dir='ltr'>vitiorum,</span> <span class='ocrx_word' id='word_1_364' title='bbox 2105 204 2140 232; x_wconf 88' lang='lat' dir='ltr'>et</span> <span class='ocrx_word' id='word_1_365' title='bbox 2162 199 2241 232; x_wconf 79' lang='lat' dir='ltr'>dia-</span> 
     </span>
     <span class='ocr_line' id='line_1_58' title="bbox 1235 244 2240 295; baseline 0.007 -16"><span class='ocrx_word' id='word_1_366' title='bbox 1235 248 1337 280; x_wconf 86' lang='lat' dir='ltr'>bolus</span> <span class='ocrx_word' id='word_1_367' title='bbox 1372 244 1479 279; x_wconf 78' lang='lat' dir='ltr'>habet</span> <span class='ocrx_word' id='word_1_368' title='bbox 1503 259 1566 280; x_wconf 87' lang='lat' dir='ltr'>sua</span> <span class='ocrx_word' id='word_1_369' title='bbox 1599 260 1745 291; x_wconf 81' lang='lat' dir='ltr'>organa.</span> <span class='ocrx_word' id='word_1_370' title='bbox 1815 247 1917 291; x_wconf 67' lang='lat' dir='ltr'>Unfet</span> <span class='ocrx_word' id='word_1_371' title='bbox 1938 248 2102 295; x_wconf 56' lang='lat' dir='ltr'>„oettgott</span> <span class='ocrx_word' id='word_1_372' title='bbox 2134 250 2240 295; x_wconf 59' lang='lat' dir='ltr'>matht</span> 
     </span>
     <span class='ocr_line' id='line_1_59' title="bbox 1235 299 2240 346; baseline 0.001 -12"><span class='ocrx_word' id='word_1_373' title='bbox 1235 300 1300 334; x_wconf 67' lang='lat' dir='ltr'>viel</span> <span class='ocrx_word' id='word_1_374' title='bbox 1324 299 1478 341; x_wconf 55' lang='lat' dir='ltr'>metten,</span> <span class='ocrx_word' id='word_1_375' title='bbox 1512 300 1589 335; x_wconf 76' lang='lat' dir='ltr'>abet</span> <span class='ocrx_word' id='word_1_376' title='bbox 1623 301 1728 345; x_wconf 75' lang='lat' dir='ltr'>menig</span> <span class='ocrx_word' id='word_1_377' title='bbox 1762 299 1868 345; x_wconf 68' lang='lat' dir='ltr'>macbt</span> <span class='ocrx_word' id='word_1_378' title='bbox 1902 310 1934 335; x_wconf 77' lang='lat' dir='ltr'>et</span> <span class='ocrx_word' id='word_1_379' title='bbox 1961 300 2048 346; x_wconf 64' lang='lat' dir='ltr'>flag.</span> <span class='ocrx_word' id='word_1_380' title='bbox 2110 299 2149 334; x_wconf 88' lang='lat' dir='ltr'>ld</span> <span class='ocrx_word' id='word_1_381' title='bbox 2187 308 2240 335; x_wconf 88' lang='lat' dir='ltr'>est</span> 
     </span>
     <span class='ocr_line' id='line_1_60' title="bbox 1237 351 2239 396; baseline 0.004 -14"><span class='ocrx_word' id='word_1_382' title='bbox 1237 351 1279 383; x_wconf 88' lang='lat' dir='ltr'>de</span> <span class='ocrx_word' id='word_1_383' title='bbox 1312 351 1523 384; x_wconf 77' lang='lat' dir='ltr'>monstrosis</span> <span class='ocrx_word' id='word_1_384' title='bbox 1562 353 1720 391; x_wconf 85' lang='lat' dir='ltr'>naturis,</span> <span class='ocrx_word' id='word_1_385' title='bbox 1765 363 1919 396; x_wconf 87' lang='lat' dir='ltr'>quarum</span> <span class='ocrx_word' id='word_1_386' title='bbox 1961 353 2147 386; x_wconf 87' lang='lat' dir='ltr'>cerebrum</span> <span class='ocrx_word' id='word_1_387' title='bbox 2186 359 2239 387; x_wconf 87' lang='lat' dir='ltr'>est</span> 
     </span>
     <span class='ocr_line' id='line_1_61' title="bbox 1237 402 2239 436; baseline 0.002 -2"><span class='ocrx_word' id='word_1_388' title='bbox 1237 408 1479 435; x_wconf 86' lang='lat' dir='ltr'>monstrosum</span> <span class='ocrx_word' id='word_1_389' title='bbox 1515 407 1580 435; x_wconf 90' lang='lat' dir='ltr'>etc.</span> <span class='ocrx_word' id='word_1_390' title='bbox 1633 402 1670 435; x_wconf 90' lang='lat' dir='ltr'>Si</span> <span class='ocrx_word' id='word_1_391' title='bbox 1701 403 1848 436; x_wconf 88' lang='lat' dir='ltr'>stultum</span> <span class='ocrx_word' id='word_1_392' title='bbox 1880 403 1919 435; x_wconf 88' lang='lat' dir='ltr'>in</span> <span class='ocrx_word' id='word_1_393' title='bbox 1952 403 2128 436; x_wconf 85' lang='lat' dir='ltr'>mortario</span> <span class='ocrx_word' id='word_1_394' title='bbox 2153 415 2239 436; x_wconf 91' lang='lat' dir='ltr'>con-</span> 
     </span>
     <span class='ocr_line' id='line_1_62' title="bbox 1236 453 2239 499; baseline 0.003 -14"><span class='ocrx_word' id='word_1_395' title='bbox 1236 454 1378 493; x_wconf 87' lang='lat' dir='ltr'>tundas,</span> <span class='ocrx_word' id='word_1_396' title='bbox 1398 465 1472 485; x_wconf 90' lang='lat' dir='ltr'>non</span> <span class='ocrx_word' id='word_1_397' title='bbox 1490 453 1672 486; x_wconf 78' lang='lat' dir='ltr'>auferetur</span> <span class='ocrx_word' id='word_1_398' title='bbox 1690 454 1734 485; x_wconf 86' lang='lat' dir='ltr'>ab</span> <span class='ocrx_word' id='word_1_399' title='bbox 1752 465 1792 486; x_wconf 92' lang='lat' dir='ltr'>eo</span> <span class='ocrx_word' id='word_1_400' title='bbox 1812 454 1975 493; x_wconf 86' lang='lat' dir='ltr'>stultitia,</span> <span class='ocrx_word' id='word_1_401' title='bbox 1993 454 2112 499; x_wconf 90' lang='lat' dir='ltr'>inquit</span> <span class='ocrx_word' id='word_1_402' title='bbox 2128 455 2239 488; x_wconf 87' lang='lat' dir='ltr'>etiarn</span> 
     </span>
     <span class='ocr_line' id='line_1_63' title="bbox 1237 503 2239 551; baseline 0.003 -15"><span class='ocrx_word' id='word_1_403' title='bbox 1237 503 1478 549; x_wconf 63' lang='lat' dir='ltr'>Salomonffi).</span> <span class='ocrx_word' id='word_1_404' title='bbox 1541 503 1628 540; x_wconf 60' lang='lat' dir='ltr'>&amp;ott</span> <span class='ocrx_word' id='word_1_405' title='bbox 1655 504 1758 548; x_wconf 74' lang='lat' dir='ltr'>macbt</span> <span class='ocrx_word' id='word_1_406' title='bbox 1786 504 1863 551; x_wconf 78' lang='lat' dir='ltr'>aud&gt;</span> <span class='ocrx_word' id='word_1_407' title='bbox 1891 505 2026 541; x_wconf 60' lang='lat' dir='ltr'>marten</span> <span class='ocrx_word' id='word_1_408' title='bbox 2055 506 2150 551; x_wconf 69' lang='lat' dir='ltr'>flag,</span> <span class='ocrx_word' id='word_1_409' title='bbox 2177 507 2239 540; x_wconf 83' lang='lat' dir='ltr'>sed</span> 
     </span>
     <span class='ocr_line' id='line_1_64' title="bbox 1237 555 2009 601; baseline 0.004 -14"><span class='ocrx_word' id='word_1_410' title='bbox 1237 568 1314 588; x_wconf 84' lang='lat' dir='ltr'>cnm</span> <span class='ocrx_word' id='word_1_411' title='bbox 1343 556 1438 588; x_wconf 88' lang='lat' dir='ltr'>bona</span> <span class='ocrx_word' id='word_1_412' title='bbox 1464 555 1709 599; x_wconf 82' lang='lat' dir='ltr'>castigatione.</span> <span class='ocrx_word' id='word_1_413' title='bbox 1762 555 2009 601; x_wconf 73' lang='lat' dir='ltr'>Horatius4⁷):</span> 
     </span>
    </p>

    <p class='ocr_par' dir='ltr' id='par_1_18' title="bbox 1236 614 2240 804">
     <span class='ocr_line' id='line_1_65' title="bbox 1343 614 2105 646; baseline 0 -8"><span class='ocrx_word' id='word_1_414' title='bbox 1343 615 1475 638; x_wconf 79' lang='lat' dir='ltr'>Naturam</span> <span class='ocrx_word' id='word_1_415' title='bbox 1498 614 1624 644; x_wconf 80' lang='lat' dir='ltr'>expellas</span> <span class='ocrx_word' id='word_1_416' title='bbox 1643 614 1732 645; x_wconf 78' lang='lat' dir='ltr'>furca,</span> <span class='ocrx_word' id='word_1_417' title='bbox 1751 615 1842 638; x_wconf 84' lang='lat' dir='ltr'>tamen</span> <span class='ocrx_word' id='word_1_418' title='bbox 1861 621 1949 646; x_wconf 85' lang='lat' dir='ltr'>usque</span> <span class='ocrx_word' id='word_1_419' title='bbox 1967 617 2105 642; x_wconf 80' lang='lat' dir='ltr'>recurret,</span> 
     </span>
     <span class='ocr_line' id='line_1_66' title="bbox 1236 658 2240 703; baseline 0.001 -12"><span class='ocrx_word' id='word_1_420' title='bbox 1236 658 1372 698; x_wconf 84' lang='lat' dir='ltr'>Fu1·ca‚</span> <span class='ocrx_word' id='word_1_421' title='bbox 1412 659 1446 691; x_wconf 90' lang='lat' dir='ltr'>id</span> <span class='ocrx_word' id='word_1_422' title='bbox 1470 665 1539 698; x_wconf 80' lang='lat' dir='ltr'>cst,</span> <span class='ocrx_word' id='word_1_423' title='bbox 1573 658 1634 692; x_wconf 76' lang='lat' dir='ltr'>mit</span> <span class='ocrx_word' id='word_1_424' title='bbox 1661 659 1731 693; x_wconf 76' lang='lat' dir='ltr'>bem</span> <span class='ocrx_word' id='word_1_425' title='bbox 1759 659 1898 703; x_wconf 58' lang='lat' dir='ltr'>gulgen&#39;</span> <span class='ocrx_word' id='word_1_426' title='bbox 1932 659 2022 692; x_wconf 89' lang='lat' dir='ltr'>sicut</span> <span class='ocrx_word' id='word_1_427' title='bbox 2054 659 2112 692; x_wconf 88' lang='lat' dir='ltr'>ille</span> <span class='ocrx_word' id='word_1_428' title='bbox 2141 660 2240 703; x_wconf 89' lang='lat' dir='ltr'>apud</span> 
     </span>
     <span class='ocr_line' id='line_1_67' title="bbox 1236 709 2238 755; baseline 0.001 -13"><span class='ocrx_word' id='word_1_429' title='bbox 1236 710 1418 749; x_wconf 79' lang='lat' dir='ltr'>Plautum,</span> <span class='ocrx_word' id='word_1_430' title='bbox 1436 710 1495 754; x_wconf 86' lang='lat' dir='ltr'>qui</span> <span class='ocrx_word' id='word_1_431' title='bbox 1509 709 1594 742; x_wconf 83' lang='lat' dir='ltr'>dicit</span> <span class='ocrx_word' id='word_1_432' title='bbox 1610 721 1646 742; x_wconf 90' lang='lat' dir='ltr'>se</span> <span class='ocrx_word' id='word_1_433' title='bbox 1665 722 1805 743; x_wconf 89' lang='lat' dir='ltr'>caesum</span> <span class='ocrx_word' id='word_1_434' title='bbox 1825 710 1870 742; x_wconf 91' lang='lat' dir='ltr'>iri</span> <span class='ocrx_word' id='word_1_435' title='bbox 1885 709 2010 755; x_wconf 77' lang='lat' dir='ltr'>etc.&#39;¹⁸).</span> <span class='ocrx_word' id='word_1_436' title='bbox 2036 709 2159 754; x_wconf 81' lang='lat' dir='ltr'>Legite</span> <span class='ocrx_word' id='word_1_437' title='bbox 2177 711 2238 743; x_wconf 85' lang='lat' dir='ltr'>illa</span> 
     </span>
     <span class='ocr_line' id='line_1_68' title="bbox 1237 761 1914 804; baseline 0 -10"><span class='ocrx_word' id='word_1_438' title='bbox 1237 761 1426 798; x_wconf 75' lang='lat' dir='ltr'>Plautina.</span> <span class='ocrx_word' id='word_1_439' title='bbox 1455 767 1539 794; x_wconf 84' lang='lat' dir='ltr'>sunt</span> <span class='ocrx_word' id='word_1_440' title='bbox 1564 761 1666 804; x_wconf 88' lang='lat' dir='ltr'>plena</span> <span class='ocrx_word' id='word_1_441' title='bbox 1692 761 1914 794; x_wconf 88' lang='lat' dir='ltr'>eruditionis.</span> 
     </span>
    </p>

    <p class='ocr_par' dir='ltr' id='par_1_19' title="bbox 1239 811 2241 903">
     <span class='ocr_line' id='line_1_69' title="bbox 1340 811 2241 857; baseline 0 -12"><span class='ocrx_word' id='word_1_442' title='bbox 1340 811 1399 845; x_wconf 90' lang='lat' dir='ltr'>Vs.</span> <span class='ocrx_word' id='word_1_443' title='bbox 1420 811 1505 845; x_wconf 81' lang='lat'>431.</span> <span class='ocrx_word' id='word_1_444' title='bbox 1559 811 1605 844; x_wconf 84' lang='lat' dir='ltr'>Et</span> <span class='ocrx_word' id='word_1_445' title='bbox 1621 812 1682 857; x_wconf 88' lang='lat' dir='ltr'>qui</span> <span class='ocrx_word' id='word_1_446' title='bbox 1698 812 1834 846; x_wconf 86' lang='lat' dir='ltr'>fecisset</span> <span class='ocrx_word' id='word_1_447' title='bbox 1850 812 1985 845; x_wconf 89' lang='lat' dir='ltr'>malum</span> <span class='ocrx_word' id='word_1_448' title='bbox 2002 812 2137 845; x_wconf 87' lang='lat' dir='ltr'>bonum</span> <span class='ocrx_word' id='word_1_449' title='bbox 2149 812 2174 856; x_wconf 76' lang='lat'>,]</span> <span class='ocrx_word' id='word_1_450' title='bbox 2201 811 2241 845; x_wconf 88' lang='lat' dir='ltr'>id</span> 
     </span>
     <span class='ocr_line' id='line_1_70' title="bbox 1239 863 2056 903; baseline 0.001 -7"><span class='ocrx_word' id='word_1_451' title='bbox 1239 869 1308 903; x_wconf 88' lang='lat' dir='ltr'>est,</span> <span class='ocrx_word' id='word_1_452' title='bbox 1337 863 1436 897; x_wconf 86' lang='lat' dir='ltr'>illum</span> <span class='ocrx_word' id='word_1_453' title='bbox 1466 870 1708 896; x_wconf 88' lang='lat' dir='ltr'>monstrosum</span> <span class='ocrx_word' id='word_1_454' title='bbox 1732 864 1870 897; x_wconf 84' lang='lat' dir='ltr'>fecisset</span> <span class='ocrx_word' id='word_1_455' title='bbox 1889 863 2056 897; x_wconf 85' lang='lat' dir='ltr'>docilem.</span> 
     </span>
    </p>

    <p class='ocr_par' dir='ltr' id='par_1_20' title="bbox 1238 913 2242 1307">
     <span class='ocr_line' id='line_1_71' title="bbox 1340 913 2240 958; baseline 0.002 -12"><span class='ocrx_word' id='word_1_456' title='bbox 1340 913 1399 948; x_wconf 90' lang='lat' dir='ltr'>Vs.</span> <span class='ocrx_word' id='word_1_457' title='bbox 1422 914 1508 950; x_wconf 75' lang='lat'>432.</span> <span class='ocrx_word' id='word_1_458' title='bbox 1570 914 1607 947; x_wconf 88' lang='lat' dir='ltr'>Si</span> <span class='ocrx_word' id='word_1_459' title='bbox 1639 914 1790 948; x_wconf 86' lang='lat' dir='ltr'>dedisset</span> <span class='ocrx_word' id='word_1_460' title='bbox 1825 913 1893 948; x_wconf 88' lang='lat' dir='ltr'>hoc</span> <span class='ocrx_word' id='word_1_461' title='bbox 1926 913 2023 948; x_wconf 90' lang='lat' dir='ltr'>Deus</span> <span class='ocrx_word' id='word_1_462' title='bbox 2062 914 2240 958; x_wconf 64' lang='lat' dir='ltr'>medicis]</span> 
     </span>
     <span class='ocr_line' id='line_1_72' title="bbox 1238 964 2240 1010; baseline 0.002 -13"><span class='ocrx_word' id='word_1_463' title='bbox 1238 965 1476 1010; x_wconf 84' lang='lat' dir='ltr'>Hippocrates</span> <span class='ocrx_word' id='word_1_464' title='bbox 1493 972 1545 999; x_wconf 86' lang='lat' dir='ltr'>est</span> <span class='ocrx_word' id='word_1_465' title='bbox 1561 972 1660 999; x_wconf 88' lang='lat' dir='ltr'>ortus</span> <span class='ocrx_word' id='word_1_466' title='bbox 1680 979 1720 999; x_wconf 86' lang='lat' dir='ltr'>ex</span> <span class='ocrx_word' id='word_1_467' title='bbox 1741 966 1876 999; x_wconf 84' lang='lat' dir='ltr'>familia</span> <span class='ocrx_word' id='word_1_468' title='bbox 1892 965 2108 1009; x_wconf 86' lang='lat' dir='ltr'>Aesculapii.</span> <span class='ocrx_word' id='word_1_469' title='bbox 2147 964 2240 1002; x_wconf 65' lang='lat' dir='ltr'>§man</span> 
     </span>
     <span class='ocr_line' id='line_1_73' title="bbox 1239 1017 2241 1063; baseline -0.003 -11"><span class='ocrx_word' id='word_1_470' title='bbox 1239 1020 1295 1057; x_wconf 76' lang='lat' dir='ltr'>bat</span> <span class='ocrx_word' id='word_1_471' title='bbox 1321 1018 1483 1063; x_wconf 69' lang='lat' dir='ltr'>not5eiten</span> <span class='ocrx_word' id='word_1_472' title='bbox 1511 1018 1560 1053; x_wconf 78' lang='lat' dir='ltr'>bie</span> <span class='ocrx_word' id='word_1_473' title='bbox 1591 1023 1684 1051; x_wconf 78' lang='lat' dir='ltr'>artes</span> <span class='ocrx_word' id='word_1_474' title='bbox 1712 1017 1750 1050; x_wconf 86' lang='lat' dir='ltr'>in</span> <span class='ocrx_word' id='word_1_475' title='bbox 1773 1017 1919 1050; x_wconf 80' lang='lat' dir='ltr'>familiis</span> <span class='ocrx_word' id='word_1_476' title='bbox 1952 1017 2115 1062; x_wconf 68' lang='lat' dir='ltr'>Bebalten.</span> <span class='ocrx_word' id='word_1_477' title='bbox 2158 1017 2241 1051; x_wconf 80' lang='lat' dir='ltr'>Ari-</span> 
     </span>
     <span class='ocr_line' id='line_1_74' title="bbox 1239 1066 2240 1113; baseline 0 -12"><span class='ocrx_word' id='word_1_478' title='bbox 1239 1070 1381 1102; x_wconf 89' lang='lat' dir='ltr'>stoteles</span> <span class='ocrx_word' id='word_1_479' title='bbox 1408 1075 1569 1102; x_wconf 84' lang='lat' dir='ltr'>materna</span> <span class='ocrx_word' id='word_1_480' title='bbox 1591 1069 1730 1113; x_wconf 84' lang='lat' dir='ltr'>origine</span> <span class='ocrx_word' id='word_1_481' title='bbox 1754 1075 1807 1102; x_wconf 84' lang='lat' dir='ltr'>est</span> <span class='ocrx_word' id='word_1_482' title='bbox 1823 1081 1864 1102; x_wconf 81' lang='lat' dir='ltr'>ex</span> <span class='ocrx_word' id='word_1_483' title='bbox 1880 1067 1946 1102; x_wconf 86' lang='lat' dir='ltr'>hac</span> <span class='ocrx_word' id='word_1_484' title='bbox 1964 1068 2115 1101; x_wconf 76' lang='lat' dir='ltr'>familia.</span> <span class='ocrx_word' id='word_1_485' title='bbox 2149 1066 2240 1101; x_wconf 87' lang='lat' dir='ltr'>Item</span> 
     </span>
     <span class='ocr_line' id='line_1_75' title="bbox 1240 1119 2240 1164; baseline 0.001 -13"><span class='ocrx_word' id='word_1_486' title='bbox 1240 1126 1341 1163; x_wconf 87' lang='lat' dir='ltr'>pater</span> <span class='ocrx_word' id='word_1_487' title='bbox 1358 1120 1560 1153; x_wconf 84' lang='lat' dir='ltr'>Aristotelis</span> <span class='ocrx_word' id='word_1_488' title='bbox 1589 1120 1655 1152; x_wconf 85' lang='lat' dir='ltr'>fuit</span> <span class='ocrx_word' id='word_1_489' title='bbox 1680 1120 1848 1154; x_wconf 88' lang='lat' dir='ltr'>medicus.</span> <span class='ocrx_word' id='word_1_490' title='bbox 1901 1119 1947 1153; x_wconf 76' lang='lat' dir='ltr'>Et</span> <span class='ocrx_word' id='word_1_491' title='bbox 1970 1119 2044 1164; x_wconf 89' lang='lat' dir='ltr'>ipse</span> <span class='ocrx_word' id='word_1_492' title='bbox 2065 1119 2240 1152; x_wconf 82' lang='lat' dir='ltr'>Aristote-</span> 
     </span>
     <span class='ocr_line' id='line_1_76' title="bbox 1239 1168 2242 1216; baseline 0.004 -13"><span class='ocrx_word' id='word_1_493' title='bbox 1239 1171 1288 1204; x_wconf 91' lang='lat' dir='ltr'>les</span> <span class='ocrx_word' id='word_1_494' title='bbox 1312 1168 1463 1205; x_wconf 78' lang='lat' dir='ltr'>Athenis</span> <span class='ocrx_word' id='word_1_495' title='bbox 1487 1171 1554 1204; x_wconf 87' lang='lat' dir='ltr'>snit</span> <span class='ocrx_word' id='word_1_496' title='bbox 1583 1171 1805 1216; x_wconf 86' lang='lat' dir='ltr'>aliquamdiu</span> <span class='ocrx_word' id='word_1_497' title='bbox 1834 1171 2045 1216; x_wconf 80' lang='lat' dir='ltr'>myropola,</span> <span class='ocrx_word' id='word_1_498' title='bbox 2078 1171 2130 1206; x_wconf 75' lang='lat' dir='ltr'>ein</span> <span class='ocrx_word' id='word_1_499' title='bbox 2152 1170 2242 1215; x_wconf 66' lang='lat' dir='ltr'>2sp0=</span> 
     </span>
     <span class='ocr_line' id='line_1_77' title="bbox 1239 1221 2242 1268; baseline -0.002 -11"><span class='ocrx_word' id='word_1_500' title='bbox 1239 1222 1441 1268; x_wconf 67' lang='lat' dir='ltr'>tefetfnecbt.</span> <span class='ocrx_word' id='word_1_501' title='bbox 1496 1222 1553 1255; x_wconf 87' lang='lat' dir='ltr'>Sic</span> <span class='ocrx_word' id='word_1_502' title='bbox 1577 1222 1615 1254; x_wconf 88' lang='lat' dir='ltr'>in</span> <span class='ocrx_word' id='word_1_503' title='bbox 1639 1222 1784 1255; x_wconf 79' lang='lat' dir='ltr'>familiis</span> <span class='ocrx_word' id='word_1_504' title='bbox 1809 1228 1893 1256; x_wconf 84' lang='lat' dir='ltr'>sunt</span> <span class='ocrx_word' id='word_1_505' title='bbox 1911 1221 2065 1255; x_wconf 87' lang='lat' dir='ltr'>instituti</span> <span class='ocrx_word' id='word_1_506' title='bbox 2081 1233 2098 1254; x_wconf 86' lang='lat' dir='ltr'>a</span> <span class='ocrx_word' id='word_1_507' title='bbox 2115 1221 2242 1265; x_wconf 88' lang='lat' dir='ltr'>primis</span> 
     </span>
     <span class='ocr_line' id='line_1_78' title="bbox 1240 1286 2097 1307; baseline 0.001 -1"><span class='ocrx_word' id='word_1_508' title='bbox 1240 1286 1355 1307; x_wconf 85' lang='lat' dir='ltr'>amns.</span> <span class='ocrx_word' id='word_1_509' title='bbox 2096 1304 2097 1307; x_wconf 73' lang='grc'>,</span> 
     </span>
    </p>

    <p class='ocr_par' dir='ltr' id='par_1_21' title="bbox 1240 1323 2243 1672">
     <span class='ocr_line' id='line_1_79' title="bbox 1342 1323 2243 1367; baseline -0.002 -11"><span class='ocrx_word' id='word_1_510' title='bbox 1342 1323 1419 1358; x_wconf 87' lang='lat' dir='ltr'>Vss.</span> <span class='ocrx_word' id='word_1_511' title='bbox 1437 1324 1565 1358; x_wconf 84' lang='lat'>433——</span> <span class='ocrx_word' id='word_1_512' title='bbox 1580 1323 1665 1358; x_wconf 83' lang='lat'>438.</span> <span class='ocrx_word' id='word_1_513' title='bbox 1719 1324 1853 1357; x_wconf 80' lang='lat' dir='ltr'>sanare</span> <span class='ocrx_word' id='word_1_514' title='bbox 1869 1329 2053 1367; x_wconf 86' lang='lat' dir='ltr'>stuporem</span> <span class='ocrx_word' id='word_1_515' title='bbox 2078 1328 2113 1355; x_wconf 86' lang='lat' dir='ltr'>et</span> <span class='ocrx_word' id='word_1_516' title='bbox 2137 1328 2243 1355; x_wconf 87' lang='lat' dir='ltr'>natu-</span> 
     </span>
     <span class='ocr_line' id='line_1_80' title="bbox 1240 1375 2243 1417; baseline -0.002 -9"><span class='ocrx_word' id='word_1_517' title='bbox 1240 1388 1297 1408; x_wconf 86' lang='lat' dir='ltr'>ras</span> <span class='ocrx_word' id='word_1_518' title='bbox 1315 1382 1548 1415; x_wconf 86' lang='lat' dir='ltr'>monstrosas‚</span> <span class='ocrx_word' id='word_1_519' title='bbox 1568 1376 1731 1409; x_wconf 87' lang='lat' dir='ltr'>tulissent</span> <span class='ocrx_word' id='word_1_520' title='bbox 1748 1375 1876 1408; x_wconf 89' lang='lat' dir='ltr'>multas</span> <span class='ocrx_word' id='word_1_521' title='bbox 1894 1380 1928 1406; x_wconf 88' lang='lat' dir='ltr'>et</span> <span class='ocrx_word' id='word_1_522' title='bbox 1945 1385 2094 1417; x_wconf 84' lang='lat' dir='ltr'>magnas</span> <span class='ocrx_word' id='word_1_523' title='bbox 2109 1385 2243 1406; x_wconf 86' lang='lat' dir='ltr'>merce-</span> 
     </span>
     <span class='ocr_line' id='line_1_81' title="bbox 1241 1424 2241 1470; baseline -0.002 -10"><span class='ocrx_word' id='word_1_524' title='bbox 1241 1428 1312 1460; x_wconf 92' lang='lat' dir='ltr'>des.</span> <span class='ocrx_word' id='word_1_525' title='bbox 1367 1427 1404 1460; x_wconf 82' lang='lat' dir='ltr'>Si</span> <span class='ocrx_word' id='word_1_526' title='bbox 1427 1439 1526 1460; x_wconf 89' lang='lat' dir='ltr'>mens</span> <span class='ocrx_word' id='word_1_527' title='bbox 1549 1428 1645 1460; x_wconf 87' lang='lat' dir='ltr'>bona</span> <span class='ocrx_word' id='word_1_528' title='bbox 1672 1432 1761 1459; x_wconf 89' lang='lat' dir='ltr'>esset</span> <span class='ocrx_word' id='word_1_529' title='bbox 1783 1424 1960 1470; x_wconf 88' lang='lat' dir='ltr'>possibilis</span> <span class='ocrx_word' id='word_1_530' title='bbox 1983 1425 2078 1458; x_wconf 85' lang='lat' dir='ltr'>factu</span> <span class='ocrx_word' id='word_1_531' title='bbox 2103 1430 2136 1457; x_wconf 92' lang='lat' dir='ltr'>et</span> <span class='ocrx_word' id='word_1_532' title='bbox 2161 1437 2241 1469; x_wconf 88' lang='lat' dir='ltr'>pos-</span> 
     </span>
     <span class='ocr_line' id='line_1_82' title="bbox 1241 1478 2242 1522; baseline -0.004 -10"><span class='ocrx_word' id='word_1_533' title='bbox 1241 1478 1351 1512; x_wconf 85' lang='lat' dir='ltr'>sibilis</span> <span class='ocrx_word' id='word_1_534' title='bbox 1380 1478 1488 1511; x_wconf 88' lang='lat' dir='ltr'>insitu</span> <span class='ocrx_word' id='word_1_535' title='bbox 1508 1485 1582 1511; x_wconf 85' lang='lat' dir='ltr'>arte</span> <span class='ocrx_word' id='word_1_536' title='bbox 1595 1505 1603 1518; x_wconf 86' lang='lat'><em>‚</em></span> <span class='ocrx_word' id='word_1_537' title='bbox 1626 1490 1811 1522; x_wconf 88' lang='lat' dir='ltr'>nunquam</span> <span class='ocrx_word' id='word_1_538' title='bbox 1832 1483 1919 1510; x_wconf 83' lang='lat' dir='ltr'>esset</span> <span class='ocrx_word' id='word_1_539' title='bbox 1938 1482 2162 1510; x_wconf 89' lang='lat' dir='ltr'>monstrosus</span> <span class='ocrx_word' id='word_1_540' title='bbox 2177 1488 2242 1508; x_wconf 86' lang='lat' dir='ltr'>na-</span> 
     </span>
     <span class='ocr_line' id='line_1_83' title="bbox 1242 1527 2242 1573; baseline -0.003 -10"><span class='ocrx_word' id='word_1_541' title='bbox 1242 1536 1297 1563; x_wconf 88' lang='lat' dir='ltr'>tus</span> <span class='ocrx_word' id='word_1_542' title='bbox 1316 1542 1356 1562; x_wconf 81' lang='lat' dir='ltr'>ex</span> <span class='ocrx_word' id='word_1_543' title='bbox 1372 1530 1468 1563; x_wconf 89' lang='lat' dir='ltr'>bono</span> <span class='ocrx_word' id='word_1_544' title='bbox 1489 1536 1588 1573; x_wconf 77' lang='lat' dir='ltr'>patre</span> <span class='ocrx_word' id='word_1_545' title='bbox 1604 1556 1612 1569; x_wconf 88' lang='lat'><em>‚</em></span> <span class='ocrx_word' id='word_1_546' title='bbox 1642 1529 1893 1572; x_wconf 87' lang='lat' dir='ltr'>obtemperans</span> <span class='ocrx_word' id='word_1_547' title='bbox 1919 1527 2155 1572; x_wconf 88' lang='lat' dir='ltr'>prudentibus</span> <span class='ocrx_word' id='word_1_548' title='bbox 2170 1539 2242 1561; x_wconf 85' lang='lat' dir='ltr'>ser-</span> 
     </span>
     <span class='ocr_line' id='line_1_84' title="bbox 1242 1580 2242 1619; baseline -0.002 -6"><span class='ocrx_word' id='word_1_549' title='bbox 1242 1582 1421 1615; x_wconf 84' lang='lat' dir='ltr'>monibus.</span> <span class='ocrx_word' id='word_1_550' title='bbox 1475 1581 1542 1614; x_wconf 85' lang='lat' dir='ltr'>Sed</span> <span class='ocrx_word' id='word_1_551' title='bbox 1569 1583 1718 1619; x_wconf 85' lang='lat' dir='ltr'>docens,</span> <span class='ocrx_word' id='word_1_552' title='bbox 1754 1580 1887 1614; x_wconf 86' lang='lat' dir='ltr'>scilicet</span> <span class='ocrx_word' id='word_1_553' title='bbox 1913 1584 2153 1613; x_wconf 84' lang='lat' dir='ltr'>monstrosam</span> <span class='ocrx_word' id='word_1_554' title='bbox 2178 1590 2242 1612; x_wconf 82' lang='lat' dir='ltr'>na-</span> 
     </span>
     <span class='ocr_line' id='line_1_85' title="bbox 1242 1629 2031 1672; baseline -0.003 -8"><span class='ocrx_word' id='word_1_555' title='bbox 1242 1640 1380 1672; x_wconf 79' lang='lat' dir='ltr'>turam,</span> <span class='ocrx_word' id='word_1_556' title='bbox 1408 1639 1445 1665; x_wconf 87' lang='lat' dir='ltr'>nt</span> <span class='ocrx_word' id='word_1_557' title='bbox 1463 1632 1665 1670; x_wconf 62' lang='lat' dir='ltr'>Neronem,</span> <span class='ocrx_word' id='word_1_558' title='bbox 1695 1629 1785 1664; x_wconf 86' lang='lat' dir='ltr'>nihil</span> <span class='ocrx_word' id='word_1_559' title='bbox 1811 1631 1937 1664; x_wconf 77' lang='lat' dir='ltr'>efficiet</span> <span class='ocrx_word' id='word_1_560' title='bbox 1967 1636 2031 1663; x_wconf 89' lang='lat' dir='ltr'>etc.</span> 
     </span>
    </p>

    <p class='ocr_par' dir='ltr' id='par_1_22' title="bbox 1344 1680 2061 1729">
     <span class='ocr_line' id='line_1_86' title="bbox 1344 1680 2061 1729; baseline -0.004 -12"><span class='ocrx_word' id='word_1_561' title='bbox 1344 1683 1420 1717; x_wconf 71' lang='lat' dir='ltr'>Vss.</span> <span class='ocrx_word' id='word_1_562' title='bbox 1441 1683 1514 1717; x_wconf 81' lang='lat'>439</span> <span class='ocrx_word' id='word_1_563' title='bbox 1532 1696 1610 1729; x_wconf 90' lang='lat' dir='ltr'>sqq.</span> <span class='ocrx_word' id='word_1_564' title='bbox 1640 1681 1793 1716; x_wconf 82' lang='lat' dir='ltr'>XXVm.</span> <span class='ocrx_word' id='word_1_565' title='bbox 1827 1682 1881 1715; x_wconf 90' lang='lat' dir='ltr'>De</span> <span class='ocrx_word' id='word_1_566' title='bbox 1900 1680 2061 1714; x_wconf 85' lang='lat' dir='ltr'>curiosis.</span> 
     </span>
    </p>

    <p class='ocr_par' dir='ltr' id='par_1_23' title="bbox 1344 1730 2105 1778">
     <span class='ocr_line' id='line_1_87' title="bbox 1344 1730 2105 1778; baseline -0.007 -10"><span class='ocrx_word' id='word_1_567' title='bbox 1344 1735 1501 1768; x_wconf 89' lang='lat' dir='ltr'>Stultitia</span> <span class='ocrx_word' id='word_1_568' title='bbox 1529 1742 1580 1768; x_wconf 89' lang='lat' dir='ltr'>est</span> <span class='ocrx_word' id='word_1_569' title='bbox 1598 1734 1683 1768; x_wconf 87' lang='lat' dir='ltr'>foris</span> <span class='ocrx_word' id='word_1_570' title='bbox 1703 1746 1828 1778; x_wconf 86' lang='lat' dir='ltr'>sapere</span> <span class='ocrx_word' id='word_1_571' title='bbox 1844 1739 1879 1766; x_wconf 91' lang='lat' dir='ltr'>et</span> <span class='ocrx_word' id='word_1_572' title='bbox 1901 1744 1975 1765; x_wconf 92' lang='lat' dir='ltr'>non</span> <span class='ocrx_word' id='word_1_573' title='bbox 1994 1730 2105 1765; x_wconf 88' lang='lat' dir='ltr'>domi.</span> 
     </span>
    </p>

    <p class='ocr_par' dir='ltr' id='par_1_24' title="bbox 1242 1790 2245 2189">
     <span class='ocr_line' id='line_1_88' title="bbox 1378 1790 2132 1824; baseline -0.004 -6"><span class='ocrx_word' id='word_1_574' title='bbox 1378 1794 1431 1818; x_wconf 86' lang='lat' dir='ltr'>Sed</span> <span class='ocrx_word' id='word_1_575' title='bbox 1450 1800 1504 1818; x_wconf 87' lang='lat' dir='ltr'>uon</span> <span class='ocrx_word' id='word_1_576' title='bbox 1524 1793 1651 1818; x_wconf 86' lang='lat' dir='ltr'>videmus</span> <span class='ocrx_word' id='word_1_577' title='bbox 1670 1792 1822 1824; x_wconf 77' lang='lat' dir='ltr'>manticae,</span> <span class='ocrx_word' id='word_1_578' title='bbox 1841 1791 1913 1823; x_wconf 80' lang='lat' dir='ltr'>quod</span> <span class='ocrx_word' id='word_1_579' title='bbox 1930 1790 1959 1815; x_wconf 74' lang='grc' dir='ltr'>ἰιι</span> <span class='ocrx_word' id='word_1_580' title='bbox 1979 1792 2058 1821; x_wconf 81' lang='lat' dir='ltr'>tergo</span> <span class='ocrx_word' id='word_1_581' title='bbox 2077 1790 2132 1815; x_wconf 87' lang='lat' dir='ltr'>est.</span> 
     </span>
     <span class='ocr_line' id='line_1_89' title="bbox 1243 1834 2244 1883; baseline -0.008 -11"><span class='ocrx_word' id='word_1_582' title='bbox 1243 1838 1403 1872; x_wconf 89' lang='lat' dir='ltr'>Catullus</span> <span class='ocrx_word' id='word_1_583' title='bbox 1412 1839 1471 1883; x_wconf 78' lang='lat' dir='ltr'>l¹⁹).</span> <span class='ocrx_word' id='word_1_584' title='bbox 1500 1838 1614 1872; x_wconf 65' lang='lat' dir='ltr'>Nemo</span> <span class='ocrx_word' id='word_1_585' title='bbox 1630 1845 1692 1878; x_wconf 89' lang='lat' dir='ltr'>est,</span> <span class='ocrx_word' id='word_1_586' title='bbox 1712 1837 1774 1883; x_wconf 87' lang='lat' dir='ltr'>qui</span> <span class='ocrx_word' id='word_1_587' title='bbox 1789 1848 1863 1869; x_wconf 92' lang='lat' dir='ltr'>non</span> <span class='ocrx_word' id='word_1_588' title='bbox 1874 1848 1915 1868; x_wconf 87' lang='lat' dir='ltr'>ex</span> <span class='ocrx_word' id='word_1_589' title='bbox 1931 1834 2049 1879; x_wconf 89' lang='lat' dir='ltr'>aliqua</span> <span class='ocrx_word' id='word_1_590' title='bbox 2067 1838 2169 1877; x_wconf 88' lang='lat' dir='ltr'>parte</span> <span class='ocrx_word' id='word_1_591' title='bbox 2191 1837 2244 1866; x_wconf 82' lang='lat' dir='ltr'>est</span> 
     </span>
     <span class='ocr_line' id='line_1_90' title="bbox 1242 1884 2242 1935; baseline -0.007 -12"><span class='ocrx_word' id='word_1_592' title='bbox 1242 1890 1408 1923; x_wconf 84' lang='lat' dir='ltr'>Suffenus</span> <span class='ocrx_word' id='word_1_593' title='bbox 1424 1890 1490 1935; x_wconf 73' lang='lat'>⁵⁰),</span> <span class='ocrx_word' id='word_1_594' title='bbox 1519 1890 1672 1931; x_wconf 61' lang='lat' dir='ltr'>ffiatten,</span> <span class='ocrx_word' id='word_1_595' title='bbox 1695 1889 1756 1933; x_wconf 89' lang='lat' dir='ltr'>qui</span> <span class='ocrx_word' id='word_1_596' title='bbox 1778 1899 1852 1921; x_wconf 86' lang='lat' dir='ltr'>sese</span> <span class='ocrx_word' id='word_1_597' title='bbox 1877 1886 1980 1919; x_wconf 87' lang='lat' dir='ltr'>valde</span> <span class='ocrx_word' id='word_1_598' title='bbox 2004 1884 2242 1917; x_wconf 85' lang='lat' dir='ltr'>admirantur.</span> 
     </span>
     <span class='ocr_line' id='line_1_91' title="bbox 1242 1936 2245 1986; baseline -0.008 -12"><span class='ocrx_word' id='word_1_599' title='bbox 1242 1942 1404 1986; x_wconf 80' lang='lat' dir='ltr'>Aesopus</span> <span class='ocrx_word' id='word_1_600' title='bbox 1428 1942 1517 1974; x_wconf 85' lang='lat' dir='ltr'>dixit</span> <span class='ocrx_word' id='word_1_601' title='bbox 1541 1940 1705 1974; x_wconf 88' lang='lat' dir='ltr'>homines</span> <span class='ocrx_word' id='word_1_602' title='bbox 1737 1937 1868 1971; x_wconf 83' lang='lat' dir='ltr'>habere</span> <span class='ocrx_word' id='word_1_603' title='bbox 1902 1936 2096 1975; x_wconf 86' lang='lat' dir='ltr'>manticas,</span> <span class='ocrx_word' id='word_1_604' title='bbox 2131 1946 2245 1968; x_wconf 87' lang='lat' dir='ltr'>unam</span> 
     </span>
     <span class='ocr_line' id='line_1_92' title="bbox 1244 1985 2242 2036; baseline -0.008 -10"><span class='ocrx_word' id='word_1_605' title='bbox 1244 1994 1280 2026; x_wconf 93' lang='lat' dir='ltr'>in</span> <span class='ocrx_word' id='word_1_606' title='bbox 1308 2000 1428 2036; x_wconf 84' lang='lat' dir='ltr'>tergo,</span> <span class='ocrx_word' id='word_1_607' title='bbox 1457 1993 1606 2025; x_wconf 85' lang='lat' dir='ltr'>alteram</span> <span class='ocrx_word' id='word_1_608' title='bbox 1629 1998 1730 2029; x_wconf 82' lang='lat' dir='ltr'>ante,</span> <span class='ocrx_word' id='word_1_609' title='bbox 1759 1990 1794 2022; x_wconf 91' lang='lat' dir='ltr'>in</span> <span class='ocrx_word' id='word_1_610' title='bbox 1814 1988 2048 2033; x_wconf 88' lang='lat' dir='ltr'>posteriorem</span> <span class='ocrx_word' id='word_1_611' title='bbox 2067 1998 2131 2021; x_wconf 89' lang='lat' dir='ltr'>sua</span> <span class='ocrx_word' id='word_1_612' title='bbox 2155 1985 2242 2018; x_wconf 87' lang='lat' dir='ltr'>vitia</span> 
     </span>
     <span class='ocr_line' id='line_1_93' title="bbox 1244 2037 2245 2088; baseline -0.008 -11"><span class='ocrx_word' id='word_1_613' title='bbox 1244 2051 1423 2088; x_wconf 84' lang='lat' dir='ltr'>reponunt</span> <span class='ocrx_word' id='word_1_614' title='bbox 1452 2042 1595 2087; x_wconf 62' lang='lat' dir='ltr'>eti-,⁵⁰2)</span> <span class='ocrx_word' id='word_1_615' title='bbox 1643 2040 1890 2087; x_wconf 82' lang='lat' dir='ltr'>Salomon⁵¹):</span> <span class='ocrx_word' id='word_1_616' title='bbox 1914 2038 2030 2073; x_wconf 86' lang='lat' dir='ltr'>Iustus</span> <span class='ocrx_word' id='word_1_617' title='bbox 2057 2039 2091 2071; x_wconf 92' lang='lat' dir='ltr'>in</span> <span class='ocrx_word' id='word_1_618' title='bbox 2110 2037 2245 2082; x_wconf 90' lang='lat' dir='ltr'>princi-</span> 
     </span>
     <span class='ocr_line' id='line_1_94' title="bbox 1244 2089 2242 2139; baseline -0.006 -12"><span class='ocrx_word' id='word_1_619' title='bbox 1244 2096 1302 2139; x_wconf 91' lang='lat' dir='ltr'>pio</span> <span class='ocrx_word' id='word_1_620' title='bbox 1332 2102 1516 2128; x_wconf 84' lang='lat' dir='ltr'>accusator</span> <span class='ocrx_word' id='word_1_621' title='bbox 1541 2101 1590 2127; x_wconf 87' lang='lat' dir='ltr'>est</span> <span class='ocrx_word' id='word_1_622' title='bbox 1615 2094 1690 2132; x_wconf 90' lang='lat' dir='ltr'>sni,</span> <span class='ocrx_word' id='word_1_623' title='bbox 1731 2099 1854 2137; x_wconf 86' lang='lat' dir='ltr'>postea</span> <span class='ocrx_word' id='word_1_624' title='bbox 1891 2091 2094 2124; x_wconf 88' lang='lat' dir='ltr'>considerat</span> <span class='ocrx_word' id='word_1_625' title='bbox 2120 2089 2242 2122; x_wconf 87' lang='lat' dir='ltr'>alium.</span> 
     </span>
     <span class='ocr_line' id='line_1_95' title="bbox 1243 2144 1844 2189; baseline -0.012 -6"><span class='ocrx_word' id='word_1_626' title='bbox 1243 2148 1303 2183; x_wconf 53' lang='lat' dir='ltr'>Qu</span> <span class='ocrx_word' id='word_1_627' title='bbox 1331 2147 1444 2189; x_wconf 62' lang='lat' dir='ltr'>ffiatts</span> <span class='ocrx_word' id='word_1_628' title='bbox 1472 2146 1644 2179; x_wconf 84' lang='lat' dir='ltr'>descende</span> <span class='ocrx_word' id='word_1_629' title='bbox 1670 2144 1763 2177; x_wconf 92' lang='lat' dir='ltr'>intra</span> <span class='ocrx_word' id='word_1_630' title='bbox 1790 2150 1844 2183; x_wconf 90' lang='lat' dir='ltr'>te,</span> 
     </span>
    </p>

    <p class='ocr_par' dir='ltr' id='par_1_25' title="bbox 1347 2197 2226 2237">
     <span class='ocr_line' id='line_1_96' title="bbox 1347 2197 2226 2237; baseline -0.007 -8"><span class='ocrx_word' id='word_1_631' title='bbox 1347 2207 1443 2230; x_wconf 83' lang='lat' dir='ltr'>Tecum</span> <span class='ocrx_word' id='word_1_632' title='bbox 1462 2204 1568 2237; x_wconf 79' lang='lat' dir='ltr'>habita,</span> <span class='ocrx_word' id='word_1_633' title='bbox 1588 2207 1615 2228; x_wconf 86' lang='lat' dir='ltr'>et</span> <span class='ocrx_word' id='word_1_634' title='bbox 1628 2202 1723 2235; x_wconf 83' lang='lat' dir='ltr'>noris,</span> <span class='ocrx_word' id='word_1_635' title='bbox 1747 2208 1827 2233; x_wconf 81' lang='lat' dir='ltr'>quam</span> <span class='ocrx_word' id='word_1_636' title='bbox 1841 2202 1879 2226; x_wconf 84' lang='lat' dir='ltr'>sit</span> <span class='ocrx_word' id='word_1_637' title='bbox 1897 2201 1946 2226; x_wconf 79' lang='lat' dir='ltr'>tibi</span> <span class='ocrx_word' id='word_1_638' title='bbox 1959 2202 2037 2226; x_wconf 78' lang='lat' dir='ltr'>curta</span> <span class='ocrx_word' id='word_1_639' title='bbox 2048 2197 2226 2232; x_wconf 59' lang='lat' dir='ltr'>supellexss).</span> 
     </span>
    </p>
   </div>
   <div class='ocr_carea' id='block_1_12' title="bbox 1277 2312 1727 2389">
    <p class='ocr_par' dir='ltr' id='par_1_26' title="bbox 1277 2312 1727 2389">
     <span class='ocr_line' id='line_1_97' title="bbox 1277 2312 1557 2347; baseline -0.011 -7"><span class='ocrx_word' id='word_1_640' title='bbox 1277 2315 1324 2347; x_wconf 70' lang='lat'>45)</span> <span class='ocrx_word' id='word_1_641' title='bbox 1345 2315 1426 2338; x_wconf 85' lang='lat' dir='ltr'>Prov.</span> <span class='ocrx_word' id='word_1_642' title='bbox 1446 2313 1496 2339; x_wconf 80' lang='lat'>27,</span> <span class='ocrx_word' id='word_1_643' title='bbox 1514 2312 1557 2337; x_wconf 77' lang='lat'>22.</span> 
     </span>
     <span class='ocr_line' id='line_1_98' title="bbox 1278 2356 1727 2389; baseline -0.011 -6"><span class='ocrx_word' id='word_1_644' title='bbox 1278 2359 1325 2389; x_wconf 77' lang='lat'>47)</span> <span class='ocrx_word' id='word_1_645' title='bbox 1347 2359 1443 2382; x_wconf 75' lang='lat' dir='ltr'>uorat.</span> <span class='ocrx_word' id='word_1_646' title='bbox 1463 2357 1549 2386; x_wconf 79' lang='lat' dir='ltr'>Epist.</span> <span class='ocrx_word' id='word_1_647' title='bbox 1571 2356 1596 2382; x_wconf 81' lang='lat'>1.</span> <span class='ocrx_word' id='word_1_648' title='bbox 1620 2356 1667 2385; x_wconf 75' lang='lat'>10,</span> <span class='ocrx_word' id='word_1_649' title='bbox 1686 2356 1727 2379; x_wconf 64' lang='lat'>24.</span> 
     </span>
    </p>
   </div>
   <div class='ocr_carea' id='block_1_13' title="bbox 1278 2393 2242 2463">
    <p class='ocr_par' dir='ltr' id='par_1_27' title="bbox 1278 2393 2242 2463">
     <span class='ocr_line' id='line_1_99' title="bbox 1278 2393 2242 2430; baseline -0.008 -5"><span class='ocrx_word' id='word_1_650' title='bbox 1278 2404 1325 2430; x_wconf 53' lang='lat'>4³5)</span> <span class='ocrx_word' id='word_1_651' title='bbox 1348 2402 1419 2424; x_wconf 75' lang='lat' dir='ltr'>Haec</span> <span class='ocrx_word' id='word_1_652' title='bbox 1445 2402 1571 2429; x_wconf 73' lang='lat' dir='ltr'>spectare</span> <span class='ocrx_word' id='word_1_653' title='bbox 1596 2399 1723 2421; x_wconf 79' lang='lat' dir='ltr'>videntur</span> <span class='ocrx_word' id='word_1_654' title='bbox 1748 2398 1782 2421; x_wconf 80' lang='lat' dir='ltr'>ad</span> <span class='ocrx_word' id='word_1_655' title='bbox 1810 2396 1900 2420; x_wconf 79' lang='lat' dir='ltr'>Plauti</span> <span class='ocrx_word' id='word_1_656' title='bbox 1930 2394 2060 2419; x_wconf 85' lang='lat' dir='ltr'>Casinam</span> <span class='ocrx_word' id='word_1_657' title='bbox 2079 2394 2122 2424; x_wconf 85' lang='lat' dir='ltr'>n,</span> <span class='ocrx_word' id='word_1_658' title='bbox 2145 2394 2178 2424; x_wconf 78' lang='lat'>6,</span> <span class='ocrx_word' id='word_1_659' title='bbox 2197 2393 2242 2420; x_wconf 79' lang='lat'>37.</span> 
     </span>
     <span class='ocr_line' id='line_1_100' title="bbox 1315 2435 1609 2463; baseline -0.014 -4"><span class='ocrx_word' id='word_1_660' title='bbox 1315 2436 1357 2459; x_wconf 80' lang='lat' dir='ltr'>vel</span> <span class='ocrx_word' id='word_1_661' title='bbox 1378 2435 1430 2461; x_wconf 83' lang='grc'>111,</span> <span class='ocrx_word' id='word_1_662' title='bbox 1456 2436 1483 2458; x_wconf 80' lang='grc'>1,</span> <span class='ocrx_word' id='word_1_663' title='bbox 1507 2435 1537 2457; x_wconf 76' lang='lat'>14</span> <span class='ocrx_word' id='word_1_664' title='bbox 1552 2441 1609 2463; x_wconf 80' lang='lat' dir='ltr'>sqq.</span> 
     </span>
    </p>
   </div>
   <div class='ocr_carea' id='block_1_14' title="bbox 1279 2477 1574 2509">
    <p class='ocr_par' dir='ltr' id='par_1_28' title="bbox 1279 2477 1574 2509">
     <span class='ocr_line' id='line_1_101' title="bbox 1279 2477 1574 2509; baseline -0.007 -7"><span class='ocrx_word' id='word_1_665' title='bbox 1279 2478 1324 2509; x_wconf 70' lang='lat'>49)</span> <span class='ocrx_word' id='word_1_666' title='bbox 1344 2478 1443 2502; x_wconf 73' lang='lat' dir='ltr'>catull.</span> <span class='ocrx_word' id='word_1_667' title='bbox 1463 2477 1512 2505; x_wconf 72' lang='lat'>22,</span> <span class='ocrx_word' id='word_1_668' title='bbox 1533 2477 1574 2500; x_wconf 84' lang='grc'>21.</span> 
     </span>
    </p>
   </div>
   <div class='ocr_carea' id='block_1_15' title="bbox 1279 2513 2244 2613">
    <p class='ocr_par' dir='ltr' id='par_1_29' title="bbox 1279 2513 2244 2613">
     <span class='ocr_line' id='line_1_102' title="bbox 1279 2513 2243 2551; baseline -0.008 -6"><span class='ocrx_word' id='word_1_669' title='bbox 1279 2522 1325 2551; x_wconf 77' lang='lat'>50)</span> <span class='ocrx_word' id='word_1_670' title='bbox 1347 2521 1490 2544; x_wconf 67' lang='lat' dir='ltr'>Suffenus.</span> <span class='ocrx_word' id='word_1_671' title='bbox 1512 2526 1608 2542; x_wconf 80' lang='lat' dir='ltr'>nomeu</span> <span class='ocrx_word' id='word_1_672' title='bbox 1633 2521 1729 2548; x_wconf 77' lang='lat' dir='ltr'>poetae</span> <span class='ocrx_word' id='word_1_673' title='bbox 1750 2517 1849 2547; x_wconf 70' lang='lat' dir='ltr'>inepti.</span> <span class='ocrx_word' id='word_1_674' title='bbox 1877 2515 1920 2546; x_wconf 83' lang='lat' dir='ltr'>qui</span> <span class='ocrx_word' id='word_1_675' title='bbox 1941 2522 1971 2538; x_wconf 85' lang='lat' dir='ltr'>se</span> <span class='ocrx_word' id='word_1_676' title='bbox 1991 2514 2135 2544; x_wconf 80' lang='lat' dir='ltr'>plurimum</span> <span class='ocrx_word' id='word_1_677' title='bbox 2154 2513 2243 2538; x_wconf 84' lang='lat' dir='ltr'>admi-</span> 
     </span>
     <span class='ocr_line' id='line_1_103' title="bbox 1315 2547 2244 2579; baseline -0.008 -1"><span class='ocrx_word' id='word_1_678' title='bbox 1315 2557 1437 2578; x_wconf 80' lang='lat' dir='ltr'>rabatur.</span> <span class='ocrx_word' id='word_1_679' title='bbox 1484 2555 1551 2577; x_wconf 72' lang='lat' dir='ltr'>niue</span> <span class='ocrx_word' id='word_1_680' title='bbox 1578 2553 1710 2576; x_wconf 72' lang='lat' dir='ltr'>‹onmnmi</span> <span class='ocrx_word' id='word_1_681' title='bbox 1741 2552 1846 2575; x_wconf 73' lang='lat' dir='ltr'>:munuc</span> <span class='ocrx_word' id='word_1_682' title='bbox 1879 2551 2014 2573; x_wconf 81' lang='lat' dir='ltr'>vocantur</span> <span class='ocrx_word' id='word_1_683' title='bbox 2042 2549 2161 2579; x_wconf 58' lang='lat' dir='ltr'>sufflati,</span> <span class='ocrx_word' id='word_1_684' title='bbox 2197 2547 2244 2579; x_wconf 82' lang='lat' dir='ltr'>qui</span> 
     </span>
     <span class='ocr_line' id='line_1_104' title="bbox 1314 2589 1648 2613; baseline -0.009 0"><span class='ocrx_word' id='word_1_685' title='bbox 1314 2591 1399 2613; x_wconf 77' lang='lat' dir='ltr'>stulte</span> <span class='ocrx_word' id='word_1_686' title='bbox 1418 2596 1449 2612; x_wconf 74' lang='lat' dir='ltr'>sc</span> <span class='ocrx_word' id='word_1_687' title='bbox 1468 2589 1648 2612; x_wconf 74' lang='lat' dir='ltr'>admirantur.</span> 
     </span>
    </p>
   </div>
   <div class='ocr_carea' id='block_1_16' title="bbox 1278 2625 1999 2747">
    <p class='ocr_par' dir='ltr' id='par_1_30' title="bbox 1278 2625 1999 2747">
     <span class='ocr_line' id='line_1_105' title="bbox 1278 2625 1999 2662; baseline -0.007 -6"><span class='ocrx_word' id='word_1_688' title='bbox 1278 2634 1350 2658; x_wconf 66' lang='lat'>5011]</span> <span class='ocrx_word' id='word_1_689' title='bbox 1371 2632 1473 2662; x_wconf 73' lang='lat' dir='ltr'>Aesopi</span> <span class='ocrx_word' id='word_1_690' title='bbox 1493 2632 1558 2656; x_wconf 77' lang='lat' dir='ltr'>Fal).</span> <span class='ocrx_word' id='word_1_691' title='bbox 1578 2631 1637 2654; x_wconf 73' lang='lat'>407.</span> <span class='ocrx_word' id='word_1_692' title='bbox 1660 2629 1808 2659; x_wconf 69' lang='lat' dir='ltr'>inscripta:</span> <span class='ocrx_word' id='word_1_693' title='bbox 1829 2628 1921 2660; x_wconf 76' lang='grc' dir='ltr'><strong><em>Ιιῆραι</em></strong></span> <span class='ocrx_word' id='word_1_694' title='bbox 1940 2625 1999 2652; x_wconf 79' lang='grc' dir='ltr'><em>δύο.</em></span> 
     </span>
     <span class='ocr_line' id='line_1_106' title="bbox 1278 2674 1557 2704; baseline -0.004 -6"><span class='ocrx_word' id='word_1_695' title='bbox 1278 2676 1325 2703; x_wconf 80' lang='lat'>51]</span> <span class='ocrx_word' id='word_1_696' title='bbox 1348 2675 1428 2698; x_wconf 66' lang='grc' dir='ltr'><strong><em>υτον.</em></strong></span> <span class='ocrx_word' id='word_1_697' title='bbox 1453 2676 1496 2704; x_wconf 67' lang='lat' dir='ltr'>m,</span> <span class='ocrx_word' id='word_1_698' title='bbox 1518 2674 1557 2697; x_wconf 84' lang='lat'>17.</span> 
     </span>
     <span class='ocr_line' id='line_1_107' title="bbox 1279 2716 1628 2747; baseline -0.006 -6"><span class='ocrx_word' id='word_1_699' title='bbox 1279 2718 1326 2745; x_wconf 74' lang='lat'>52)</span> <span class='ocrx_word' id='word_1_700' title='bbox 1348 2718 1437 2741; x_wconf 69' lang='lat' dir='ltr'>Pvrsii</span> <span class='ocrx_word' id='word_1_701' title='bbox 1458 2720 1514 2742; x_wconf 60' lang='lat' dir='ltr'>Sat.</span> <span class='ocrx_word' id='word_1_702' title='bbox 1534 2719 1566 2747; x_wconf 67' lang='lat'>⁴,</span> <span class='ocrx_word' id='word_1_703' title='bbox 1586 2716 1628 2740; x_wconf 82' lang='lat'>52.</span> 
     </span>
    </p>
   </div>
  </div>
 </body>
</html>
