2341 2973
2150 72 2224 106 604

182 86 258 120 605
764 76 885 112 pun..
923 74 1034 109 MEL.
1068 73 1272 109 SCRIPTA
1307 71 1646 108 PHILOLOGICA.

183 170 294 216 plieus
320 169 465 212 insignis
491 172 595 211 poeta
621 172 655 198 et
680 164 854 203 musicus,
883 163 944 208 qui
969 167 1123 205 agrestes
1141 167 1176 193 et
1200 162 1203 193 ἒ
1227 159 1295 193 fuit
1310 159 1502 199 studiosus,
1531 166 1564 192 et
1581 166 1769 204 poetarum
1787 158 1926 202 scriptis
1943 159 2138 191 celebratus
2155 164 2225 193 est;

182 224 275 256 feros
301 219 477 253 Thraciae
509 216 661 262 populos
697 222 804 248 cantu
830 220 863 247 et
893 212 1068 246 suavitate
1100 223 1175 244 car-
1200 202 1203 255 =
1228 211 1315 244 tales
1332 210 1426 243 enim
1445 210 1606 254 Apollini
1623 216 1684 243 aut
1699 209 1811 243 Musis
1827 207 1926 242 chari
1940 207 2129 243 habentur.
2171 208 2223 241 Ac

182 274 321 306 minum
347 270 590 315 permulcens,
619 268 662 300 ab
678 265 939 300 inhumanitate
957 262 1116 296 traduxit
1132 263 1177 295 ad
1230 261 1402 307 quoniam
1422 273 1607 305 cupressus
1630 261 1762 295 succisa
1788 272 1975 306 nunquam
1995 260 2225 304 regerminat,

181 322 492 357 mansuetudinem
513 335 519 352 1
567 321 603 352 id
627 319 724 364 quod
752 322 900 351 testatur
926 314 1097 347 Horatius
1115 312 1175 359 5⁸),
1200 326 1204 356 ς
1231 313 1311 346 ideo
1335 313 1372 345 iu
1403 312 1559 358 exequiis
1583 313 1669 345 olim
1695 309 1875 351 adhibita,
1910 318 1944 345 et
1965 318 2046 345 ante
2063 317 2224 345 mortuo-

182 387 260 407 cum
279 373 413 418 inquit2
1201 358 1205 390 ἶ
1229 377 1310 397 rum
1336 365 1464 397 domus
1498 363 1633 397 funeris
1663 363 1763 406 signo
1799 363 1915 407 posita
1944 369 2014 402 est,
2056 374 2128 408 quo
2152 362 2224 395 ritu

250 433 416 463 sylvestres
432 429 556 454 homines
576 435 655 452 sacer
676 428 869 456 interpresque
888 426 1007 448 Deorum
1201 405 1204 461 ἒ
1229 415 1516 459 significabatur,
1546 412 1637 447 lianc
1654 414 1763 447 vitam
1782 427 1854 448 esse
1875 414 2064 447 mortalem
2077 440 2087 454 ‚
2115 419 2149 446 et
2172 425 2225 446 se-

250 475 387 500 caedibus
406 476 433 497 et
451 474 530 497 foedo
550 473 622 495 victu
639 470 677 495 ᾖ’9)
696 469 832 493 deterruit
853 469 998 497 Orpheus.
1201 465 1205 504 ξ
1230 466 1301 499 mel
1323 466 1489 499 amissflln
1516 478 1590 498 non
1615 466 1832 510 recuperari·
1900 465 2039 499 Alludit
2071 465 2116 498 ad
2139 475 2223 497 eun..

253 518 349 541 Dictus
370 518 403 541 ⁰¹³
423 517 450 540 id
467 516 503 544 ⁵⁹)
527 515 615 538 ¹⁰¹¹iffl
635 514 723 544 “g‘es
744 512 907 541 ‘³¹¹¹d⁰⁵‘³¹¹⁰
928 511 1032 534 ¹e⁰¹¹⁰⁵·
1201 506 1205 546 i
1230 518 1309 550 dein
1329 517 1438 550 ritum
1456 516 1608 550 Ovidius
1624 514 1679 550 his
1699 516 1857 550 versibus
1877 516 1971 563 (Vss.
1994 515 2064 551 141
2083 516 2170 562 sq.):

181 572 331 606 Constat
345 576 462 603 autem
481 566 656 611 poeticam
676 572 710 598 et
727 564 899 598 musicam
919 561 1051 596 habere
1079 573 1177 595 suui-
1202 561 1205 611 ξ

183 635 279 656 mam
299 621 372 654 vim
391 621 436 652 ad
462 618 606 651 ciendos
629 623 664 650 et
688 615 963 660 permulcendos
987 611 1176 646 hominum
1201 614 1205 646 Ξ

181 674 340 710 animos;
374 670 472 704 nulla
495 670 589 702 enim
617 680 673 702 res
698 667 744 700 ita
774 671 939 711 penetrat
963 665 1000 698 in
1024 663 1176 702 animos,
1201 651 1205 711 Ξ

182 731 221 758 ut
239 722 429 757 harmonia
445 732 681 754 numerorum
701 725 735 752 et
750 730 879 751 vocum
893 744 902 758 ‚
931 728 1000 762 qua
1019 716 1081 761 qui
1101 726 1176 747 non
1201 716 1204 735 ¹

1282 579 1467 621 Inyemuit,
1495 579 1669 622 tristisque
1683 579 1796 611 Deus:
1825 578 1994 620 Luyebere
2010 577 2123 616 nobis,

1282 631 1490 673 Luyebisque
1512 629 1616 668 avos,
1645 630 1822 673 aderisque
1836 629 2043 674 dolentibus,
2070 629 2192 672 inquii.

1484 713 1761 758 Ganymedis
1798 719 1970 757 raptus.

180 781 394 814 moventur,
417 784 484 805 nae
501 772 553 805 illi
570 770 759 815 rigidiores
775 775 857 803 sunt
874 767 957 801 seris
981 773 1015 800 et
1039 765 1177 799 arbori-

180 829 258 861 bus.
323 822 516 864 Monachi,
551 829 591 856 ut
614 821 909 855 commendarent
932 817 1175 863 eloquentiam

180 877 333 913 Antonii
357 875 544 914 Patavini,
584 872 677 907 hanc
699 872 857 905 fabulam
887 869 1035 909 imitati,
1068 869 1177 901 finxe-

181 935 267 962 runt
289 928 401 973 pisces
426 925 571 960 exsertis
598 937 615 957 e
638 924 729 957 mari
747 922 923 967 capitibus
939 920 1114 954 audivisse
1138 919 1178 951 il-

181 981 256 1014 lum
274 980 311 1012 in
329 979 449 1012 littore
464 976 648 1010 Adriatico
669 975 956 1008 concionantem.
1005 970 1178 1005 Erasmus

181 1031 447 1065 Roterodamus
462 1028 541 1061 ioco
560 1027 699 1066 scribit,
723 1038 765 1059 ex
783 1037 907 1058 earum
931 1023 1103 1056 arborum
1121 1033 1179 1066 ge-

182 1095 289 1122 nere,
317 1093 408 1127 quae
427 1077 573 1124 Orphea
602 1084 741 1112 secutae
766 1083 867 1116 sunt,
894 1075 1000 1109 fuisse
1027 1085 1178 1120 quercus

184 1141 218 1167 et
240 1135 359 1177 fagos,
391 1131 520 1176 quibus
544 1130 647 1163 divus
672 1128 880 1161 Bernardus
910 1139 994 1160 usus
1028 1132 1079 1159 est
1111 1136 1178 1169 pro

183 1184 363 1229 magistris
378 1183 442 1225 (sic
458 1182 553 1215 enim
571 1178 740 1214 monachi
760 1180 802 1212 de
822 1179 883 1212 illo
910 1189 1055 1223 quoque
1078 1177 1179 1210 fabu-

183 1236 342 1282 lantur),
381 1235 501 1279 aitque
533 1233 732 1277 optandum
765 1243 861 1271 esse,
903 1236 943 1263 ut
965 1227 1180 1262 haberemus

186 1287 326 1333 aliquos
344 1299 386 1320 ex
410 1283 682 1330 sapientissimis
704 1282 774 1316 illis
797 1281 986 1315 arboribus
1007 1280 1180 1318 surculos,

185 1351 276 1384 quos
300 1338 549 1371 insereremus.
613 1335 707 1370 Nam
733 1335 782 1367 ita
809 1331 1023 1367 haberemus
1042 1333 1099 1378 (ut
1124 1342 1181 1363 co-

185 1390 298 1423 micus
316 1389 403 1435 ait),
428 1389 523 1422 unde
541 1387 769 1421 disceremus.

491 1483 601 1528 Atys
634 1481 677 1514 in
712 1480 878 1525 pinum.

240 1553 298 1587 Vs.
321 1550 405 1586 105.
434 1553 543 1585 Exuit
564 1551 622 1583 hoc
638 1548 686 1595 ⁶⁰)
718 1551 904 1586 hominem,
928 1553 1109 1591 truncoque
1126 1547 1183 1577 in·

497 1603 615 1635 duruit
634 1602 703 1634 illo.

290 1671 378 1715 Atys
409 1669 555 1712 fingitur
585 1667 710 1700 excisis
742 1665 956 1709 genitalibus
990 1664 1026 1696 in
1058 1663 1182 1708 pinum

189 1729 345 1757 mutatus
375 1727 521 1764 propter
550 1719 685 1752 fructus
717 1717 856 1750 arboris
891 1716 1050 1753 inutiles;
1099 1726 1182 1746 nam

1282 780 1357 814 Yss.
1377 778 1448 814 159
1464 794 1516 827 sq.
1549 794 1705 824 percusso
1723 783 1938 815 mendacibus
1956 786 2037 814 ae're
2049 781 2172 823 permis

1282 834 1423 875 Arripit
1439 832 1486 877 62)
1511 834 1655 866 Iliaden.

1334 890 1562 925 Herodianus
1595 890 1786 924 historicus
1817 891 1940 925 scribit
1964 890 2225 936 Ganymedem,

1231 941 1339 976 Trois
1354 942 1446 985 regis
1464 942 1589 982 filium,
1618 943 1656 975 in
1674 943 1831 987 quodam
1848 940 2028 988 Phrygiae
2046 953 2146 986 agro,
2171 939 2227 973 cui

1231 1005 1366 1026 nomen
1389 993 1624 1033 Pessimunti,
1656 992 1912 1037 interemptum
1937 1006 1956 1026 a
1985 995 2096 1026 fratre
2119 998 2228 1037 atque

1233 1051 1394 1077 amatore
1407 1071 1416 1083 ,
1444 1045 1696 1089 sublatumque
1715 1056 1732 1076 e
1752 1043 1883 1077 medio.
1930 1043 2070 1077 Deinde
2087 1054 2154 1087 pro
2171 1054 2229 1075 ca-

1231 1095 1403 1129 lamitatis
1419 1095 1548 1129 solatio
1569 1095 1676 1129 fuisse
1692 1094 1822 1128 divinis
1834 1092 2034 1128 honoribus
2049 1094 2228 1133 affectum,

1233 1147 1344 1180 relata
1362 1148 1407 1180 ad
1424 1146 1546 1180 lovem
1564 1153 1748 1190 raptorem
1767 1146 1899 1180 fabula.
1951 1145 2126 1180 Eusebius
2142 1155 2228 1177 vero

1234 1198 1345 1232 tradit
1372 1199 1525 1231 eundem
1554 1210 1573 1231 a
1604 1197 1761 1230 Tantalo
1785 1204 1929 1242 raptum
1961 1203 1996 1231 et
2026 1197 2064 1229 in
2086 1195 2229 1230 Cretam

1233 1249 1311 1283 Iovi
1330 1250 1499 1290 missum,
1530 1256 1563 1282 et
1579 1255 1703 1294 postea
1729 1248 1862 1282 bellum
1888 1248 1971 1282 inde
1995 1254 2115 1282 ortum
2137 1247 2230 1280 inter

1234 1301 1369 1334 Troem
1389 1308 1422 1334 et
1440 1301 1650 1334 Tantalum.
1703 1299 1792 1333 Erat
1816 1306 1934 1334 autem
1952 1299 2072 1345 aquila
2092 1298 2230 1342 insigne

1235 1352 1478 1386 Cretensium:
1509 1352 1591 1385 inde
1610 1358 1752 1396 sumpta
1772 1351 1958 1385 occasione
1980 1352 2161 1384 finxerunt
2176 1347 2231 1381 lo-

1236 1416 1316 1437 vem
1359 1403 1398 1436 in
1439 1403 1597 1449 aquilam
1641 1415 1852 1436 conversum
1865 1429 1874 1442 ,
1914 1402 2075 1446 rapuisse
2110 1400 2232 1444 Gany-

1237 1456 1389 1488 medem.

1271 1535 1560 1583 Hyacinthus
1597 1536 1639 1568 in
1675 1536 1837 1568 slorern
1873 1535 1941 1568 sui
1979 1534 2195 1568 nominis.

1287 1606 1364 1640 Vss.
1383 1606 1455 1641 211
1477 1618 1529 1649 sq.
1562 1606 1730 1649 Tyrioque
1748 1605 1909 1637 nitentior
1926 1608 2016 1637 ostro

1291 1659 1366 1692 Flos
1389 1659 1511 1690 oritur.

1340 1717 1499 1749 Lazarus
1517 1713 1757 1753 Bonamicus,
1785 1713 1885 1747 cuius
1907 1713 1945 1745 in
1968 1711 2070 1746 Italia
2091 1711 2235 1746 auditor

187 1772 412 1818 Porphyrius
430 1767 667 1816 philosophus
685 1770 728 1802 de
751 1768 891 1801 ratione
916 1765 1073 1800 naturali
1091 1764 1184 1798 Deo·
1238 1769 1301 1809 sui,
1327 1780 1408 1801 cum
1425 1771 1611 1800 enarraret
1621 1764 1795 1808 Georgica
1808 1763 1971 1808 Virgilii,
1998 1764 2176 1798 referebat
2190 1764 2235 1797 de

187 1838 290 1865 rum,
310 1823 433 1858 scribit
452 1834 515 1867 per
531 1823 638 1866 Atym
661 1826 695 1854 et
709 1820 865 1854 Adonim
884 1818 1027 1851 inutiles
1050 1818 1185 1850 fructus

1237 1817 1435 1866 hyacintho
1467 1817 1586 1851 varias
1627 1815 1816 1861 opiniones
1847 1816 2091 1856 medicorum,
2140 1815 2235 1849 inter

187 1875 400 1921 significari,
442 1880 476 1907 et
506 1873 630 1912 flores,
673 1871 735 1917 qui
767 1871 956 1910 decidunt,
991 1875 1185 1913 antequam
1210 1858 1214 1923 Ι
1240 1884 1330 1918 quos
1349 1871 1466 1904 aiebat
1484 1881 1556 1903 esse
1575 1868 1770 1914 quosdam,
1799 1867 1861 1912 qui
1878 1867 1925 1900 ita
1944 1878 2152 1911 persuasum
2171 1864 2235 1899 ha-

188 1929 307 1962 serant
322 1928 468 1960 fructus.

351 2019 626 2064 Cyparissus
662 2017 706 2049 in
743 2027 1022 2060 cupressum.

247 2087 305 2122 Vs.
333 2088 349 2120 1
357 2087 416 2121 37.
462 2089 500 2120 In
535 2088 679 2121 viridem
712 2086 797 2118 verti
830 2088 1006 2126 coeperunt
1039 2083 1186 2117 membra

502 2140 648 2182 rigorem
668 2136 727 2181 ⁶¹).

297 2205 425 2239 Graeci
441 2202 675 2251 κυπάρισσον
694 2209 823 2236 vocant
842 2213 1066 2246 cupressum:
1104 2199 1186 2234 hinc

195 2256 406 2302 Cyparissus
439 2268 528 2299 puer
564 2257 600 2288 in
634 2266 838 2300 cupressum
868 2259 1043 2293 mutatus,
1081 2259 1115 2285 et
1142 2253 1186 2285 ab

194 2308 362 2352 Apolline
392 2307 539 2340 dilectus
571 2307 716 2350 fingitur
744 2317 806 2344 eo,
850 2305 945 2350 quod
974 2310 1005 2337 et
1032 2304 1187 2348 poetices

229 2448 280 2477 58)
304 2449 401 2472 uorat.
417 2453 464 2471 ars
484 2448 554 2477 poet,
570 2446 619 2470 ³91
630 2446 729 2471 —39³.

231 2501 280 2526 59)
300 2499 380 2522 foedo
406 2499 479 2522 victu
499 2511 533 2515 —-
552 2499 584 2521 oh
610 2498 652 2526 id]
675 2498 713 2520 sic
738 2497 823 2522 Editt.
847 2498 938 2523 1555.,

266 2534 315 2557 Ed.
336 2534 439 2557 BentL:
460 2533 534 2556 victu
553 2533 633 2556 foedo
652 2545 686 2548 2—
705 2533 737 2555 ob
758 2532 815 2555 hoc.

232 2585 280 2612 60)
300 2584 367 2611 huc]
388 2584 426 2607 sie
445 2584 527 2608 Editt.
548 2584 639 2611 1555..
662 2583 754 2612 1559.;
781 2582 859 2606 ovid.
881 2583 929 2606 Ed.
955 2582 1062 2606 Mitsch.
1082 2583 1146 2607 hac.

232 2633 281 2664 61)
301 2634 446 2691 {morem}
478 2634 518 2657 sic
542 2633 626 2658 Editt.
651 2633 742 2663 ¹555„
771 2632 861 2662 1559,;
896 2632 973 2656 ovid.
1007 2632 1056 2657 Ed.
1083 2631 1188 2655 Mitscb.

265 2674 298 2692 co
313 2674 398 2693 orem,

972 2497 1045 2520 ¹559.
1055 2504 1063 2526 5
1094 2497 1188 2521 norat.

1239 1925 1366 1963 beant,
1394 1933 1570 1967 nusquam
1591 1927 1768 1953 terrarum
1787 1918 1964 1952 eiusmodi
1980 1917 2107 1951 florem
2124 1917 2234 1957 nasci,

1240 1975 1277 2008 in
1288 1974 1388 2008 cuius
1398 1973 1493 2007 foliis
1504 1971 1822 2005 notaelitterarum
1840 1969 2103 2013 reperirentur;
2129 1981 2165 2003 se
2182 1975 2235 2002 ta-

1239 2038 1323 2060 men
1340 2024 1499 2058 Venetiis
1517 2023 1626 2057 semel
1644 2021 1772 2055 vidisse
1798 2021 1923 2054 florem
1941 2021 2158 2055 Alexandria
2185 2020 2236 2053 al-

1239 2078 1353 2111 latum
1375 2077 1438 2109 tali
1463 2076 1599 2114 forma,
1627 2084 1696 2118 qua
1723 2079 1849 2116 poetae
1872 2085 1977 2106 suum
2000 2069 2234 2118 hyacinthum

1239 2129 1456 2163 describunt.
1508 2126 1624 2159 Porro
1644 2124 1741 2169 quod
1759 2125 1804 2157 ad
1820 2124 1977 2158 fabulam
1996 2123 2144 2164 attinet,
2171 2122 2236 2156 flo-

1239 2193 1295 2214 res
1314 2179 1427 2213 amari
1452 2178 1495 2210 ab
1511 2175 1677 2220 Apolline
1700 2175 1902 2220 finguntur,
1931 2175 2028 2221 quod
2052 2175 2171 2208 calore
2194 2185 2235 2208 ae

1241 2232 1372 2265 virtute
1389 2229 1474 2264 solis
1498 2234 1694 2261 evocantur
1718 2238 1757 2260 ac
1782 2233 2014 2271 vegetantur,
2040 2226 2144 2260 sicuti
2171 2225 2235 2259 ali-

1240 2282 1380 2329 quoties
1400 2281 1470 2314 iam
1492 2279 1625 2313 dictum
1643 2284 1706 2312 est.

1480 2363 1641 2409 Cyprii
1677 2363 1720 2395 in
1759 2362 1987 2395 cerastas.

1295 2436 1352 2469 VS.
1370 2435 1456 2470 223.
1486 2436 1572 2467 unde
1588 2435 1690 2466 etiam
1710 2444 1824 2465 nomen
1843 2437 1984 2465 traxere
2004 2433 2174 2465 cerastae.

1346 2495 1485 2539 Cyprus
1511 2506 1528 2526 a
1558 2492 1818 2537 promontoriis
1852 2491 1937 2523 olim
1963 2491 2117 2524 Cerastis
2141 2490 2233 2523 dicta

1242 2553 1314 2586 est,
1343 2545 1410 2579 hoc
1430 2552 1501 2585 est,
1524 2549 1692 2582 cornuta;
1721 2554 1804 2575 nam
1822 2541 2072 2586 promontoria
2092 2552 2235 2587 quoque

1275 2631 1324 2658 62)
1356 2628 1484 2661 Arripit]
1519 2629 1557 2653 sic
1584 2627 1668 2653 Editt.
1692 2625 1782 2656 ¹555„
1817 2622 1910 2654 155⁹.;
1937 2624 2015 2649 Ovid.
2050 2625 2099 2648 Ed.
2127 2624 2235 2649 ffitflcb.

1312 2665 1436 2694 Abripit.

1787 2707 1805 2725 l
