2421 3005
97 103 172 140 305

103 192 200 237 quod
227 202 298 225 ase
322 190 368 226 sit
389 191 545 226 alienata
571 192 703 237 puella.

101 242 319 288 increpatiO.

576 104 782 141 LXXXVII.
833 105 1121 141 ENARRATIO
1151 108 1441 148 BUCOLICON
1477 113 1686 150 VIRGILII.

767 192 830 229 Est
853 200 973 228 autem
1000 193 1114 229 civilis
1138 212 1144 238 ς

2099 124 2172 159 306

1273 198 1350 234 Vss.
1370 200 1414 234 31
1437 213 1515 247 sqq.
1548 205 1677 237 Tristis
1699 209 1736 238 at
1757 203 1839 253 etc.]
1878 205 1999 251 Fingit
2025 207 2172 243 Gallum

1136 248 1141 293 f
1167 252 1469 294 respondentem,
1497 260 1535 287 ut
1561 255 1675 299 magis
1698 255 1743 289 ob
1769 257 1892 292 oculos
1915 266 2029 303 ponat
2054 258 2169 295 homi-

194 310 255 346 Vs.
269 312 328 347 18.
362 315 407 348 Et
419 313 589 357 formosus
605 311 690 361 em]
713 314 850 349 Adonis
869 315 1106 362 formosusssss)
1162 312 1219 335 ¹¹¹⁵
1238 303 1431 339 ¹⁰⁵³¹¹i²m¹⁸

92 362 231 397 iuvenis
242 391 251 404 ‚
287 377 395 410 quem
413 365 549 398 amavit
564 365 696 400 Venus.

195 432 255 467 Vs.
275 433 334 468 19.
363 432 516 482 bubulci]
547 434 607 467 alii
626 435 826 481 subulciffl).

190 501 250 536 Vs.
265 503 315 538 28
334 515 387 548 sq.
417 505 460 537 Et
479 506 555 549 quis
571 507 638 538 erit
659 502 741 552 etc.]
771 504 1026 549 Amplificatio.

117 682 166 715 33)
186 683 341 712 formosus]
360 684 409 707 Ed.
431 684 514 708 Nor..

150 719 179 743 in
197 724 280 742 uuam
300 720 344 743 est
364 718 527 743 coniuncta,
554 719 640 744 male:
669 719 807 743 formosis.

113 779 162 808 39)
183 779 258 804 Haec
277 779 401 804 varietas
419 779 547 804 lectionis
567 779 593 802 in
620 778 690 803 solis
712 778 796 802 Editt.
817 779 890 810 Μῦς.
903 796 909 802 .

148 814 300 846 Βάκι-ἱρεῖαι,

553 685 578 707 in
607 689 660 714 qua
679 684 746 707 haet-
766 686 859 708 annot.
880 690 940 707 Cum
962 683 1088 714 praeced.

939 778 1015 803 1547.
1044 781 1085 803 est

1265 353 1325 388 Vs.
1347 353 1408 390 50.
1452 357 1528 398 Ibo,
1573 363 1605 392 et
1632 359 1821 394 Chalcidico
1854 361 1934 407 etc.]
1970 362 2166 408 Disceptat,

1128 450 1129 453 Ἰ
1159 416 1335 449 quorsum
1352 419 1388 441 se
1408 409 1589 450 conferat,
1618 422 1780 444 amorem
1799 412 2007 448 ex-itaturus.

1261 456 1321 492 Vs.
1339 458 1400 495 62.
1429 462 1504 494 Iam
1520 473 1625 508 neque
1642 460 1728 510 citu]
1760 462 1879 497 Mutat
1895 466 2058 509 superius
2080 478 2163 500 con-

1153 506 1274 542 silium
1285 509 1345 556 4⁰).

1257 559 1316 595 Vs.
1334 562 1395 596 69.
1428 566 1551 598 Omnia
1566 567 1673 599 vincit
1689 567 1771 610 etc]
1800 564 2034 614 {accerrimum

1255 611 1315 647 VS.
1335 614 1394 648 70.
1424 616 1518 649 Haec
1531 622 1585 650 sat
1604 619 1670 651 erit
1689 615 1772 666 eto]
1802 617 1988 664 Epilogus.

1143 712 1153 744 I
1240 662 1476 747 ΓῩεεΠόεΨῙ.
1513 669 1725 712 Suryamus:
1752 670 1835 705 solet
1860 669 1947 719 etc.]
1979 671 2157 706 Periodus

1153 725 1236 747 Juco
1254 727 1320 750 ica.

1174 814 1222 846 40)
1243 818 1404 847 consilium]
1427 818 1474 841 Ed.
1494 818 1568 843 1547.
1591 825 1689 844 errore
1709 825 1837 853 typogr.:
1863 823 2016 847 concilium.

700 1018 736 1054 2.
793 1017 855 1053 IN
891 1017 1164 1058 VIRGILII
1204 1021 1522 1059 BUCOLICA

246 1092 561 1122 ARGUMENTA
591 1091 682 1120 SEU
705 1091 1091 1122 DISPOSITIONES
1114 1092 1432 1122 RHETORM‘JAE
1456 1093 1576 1122 Patr.
1601 1092 1969 1124 MELANTHOMS.

199 1177 280 1205 Haec
303 1184 495 1214 argumenta,
524 1187 576 1206 seu
601 1177 806 1216 dispositiones
836 1176 1014 1214 rhetoricas,
1049 1188 1121 1216 quas
1146 1177 1322 1207 Melanthon
1355 1178 1504 1216 quondam
1527 1179 1568 1207 M.
1591 1177 1693 1207 Ioanni
1723 1179 1865 1208 Marcello
1894 1180 2140 1219 Regiomontam,

71 1225 101 1248 et
126 1219 168 1248 Μ.
191 1219 293 1248 Ioanni
316 1219 438 1258 Stigelio
462 1226 492 1248 et
515 1221 597 1257 aliis,
627 1226 767 1258 tanquam
799 1220 922 1257 publicis
953 1220 1169 1258 professoribus
1202 1222 1344 1250 bonarum
1376 1223 1484 1249 artium
1514 1222 1543 1249 in
1567 1222 1726 1251 Academia
1750 1222 1984 1261 Wittebergensi
2015 1224 2137 1254 diversis

69 1262 253 1300 temporibus
277 1262 431 1291 dictandas
454 1264 607 1301 proposuit
621 1262 649 1301 *)
678 1263 724 1299 (id
749 1263 828 1300 quod
848 1263 966 1291 Riccius
992 1264 1020 1291 in
1045 1265 1172 1302 epistola
1195 1265 1375 1293 dedicatoria
1398 1262 1528 1303 refert),
1558 1275 1617 1293 non
1640 1266 1705 1303 ipse
1729 1271 1848 1303 auctor,
1879 1266 1931 1295 sed
1947 1267 2139 1305 Steph.Ric-

70 1305 131 1333 eius
153 1304 256 1333 edidit.
300 1305 347 1333 Ex
370 1311 498 1343 quatuor
521 1315 623 1334 eorum
646 1305 844 1342 Editionibus‚
875 1315 947 1343 quas
971 1307 1000 1333 in
1028 1307 1252 1345 Prolegomenis
1284 1308 1528 1345 commemoravi,
1565 1307 1622 1336 hae
1653 1315 1715 1337 tres
1747 1309 1818 1337 mihi
1847 1309 1886 1338 ad
1916 1319 2019 1339 manus
2052 1316 2136 1339 sunt;

70 1345 106 1386 1)
128 1344 333 1386 Leucopetr.
358 1346 470 1385 1565„
499 1347 534 1385 2)
560 1344 684 1395 Gorlt‘c.
710 1346 823 1383 1568„
853 1344 1034 1387 3)‚W2·teb.
1061 1348 1172 1388 1593„
1206 1360 1276 1389 quas
1301 1351 1370 1380 solis
1393 1360 1537 1379 annorum
1560 1352 1691 1380 numeris
1715 1352 1894 1390 significabo.

195 1416 242 1445 Ex
265 1417 317 1455 iis,
347 1426 425 1455 quae
449 1417 544 1447 editor
569 1418 598 1445 in
622 1417 666 1446 his
693 1417 786 1446 tribus
808 1417 902 1446 Editt.
932 1419 1115 1457 argumentis
1138 1419 1338 1448 Melanthonis
1362 1420 1531 1458 praemisit,
1572 1421 1775 1450 tantummodo
1806 1423 1898 1452 hocce
1923 1422 2037 1462 Stigelii
2070 1425 2137 1462 epi-

67 1467 196 1497 gramma
219 1459 411 1499 exhibemus:

399 1523 433 1547 D.
455 1521 600 1547 lohannes
620 1522 764 1554 Stiyelius
783 1522 817 1546 de
838 1521 906 1546 riva
927 1522 1054 1554 imagine
1073 1523 1107 1547 D.
1130 1521 1261 1553 Philippi
1279 1522 1498 1553 Melanthotzis,
1526 1524 1608 1548 Anno
1628 1523 1669 1550 M.
1686 1525 1721 1550 D,
1739 1524 1799 1549 LV.

693 1574 770 1598 Sicut
790 1573 851 1603 apis
870 1573 949 1597 vario
969 1580 1074 1604 sugens
1095 1581 1109 1597 e
1128 1576 1197 1598 ssore
1216 1575 1351 1605 liquorem

799 1609 899 1632 subtili
918 1614 1044 1638 pressum
1064 1610 1178 1633 nectare
1197 1609 1276 1640 fingit
1296 1615 1382 1639 opus.

693 1643 739 1668 Sic
758 1644 863 1667 selecta
884 1643 965 1667 etiam
986 1643 1034 1667 tibi
1052 1650 1131 1667 mens
1150 1645 1252 1675 arguta
1271 1644 1496 1668 Melantlion.

798 1678 833 1701 Et
853 1678 930 1701 veris
951 1677 1043 1708 gignit
1062 1679 1169 1709 scripta
1187 1679 1295 1703 referta
1315 1679 1402 1702 bonis.

693 1711 764 1742 Quid
783 1712 911 1742 strepitis
931 1709 1010 1736 fuci?
1035 1713 1081 1743 qui
1101 1715 1233 1744 quantum
1252 1713 1279 1737 in
1300 1715 1413 1744 pectore
1433 1714 1508 1738 succi

795 1746 909 1775 Fertis,
938 1748 973 1771 ab
993 1747 1045 1771 liae
1064 1753 1119 1772 una
1139 1748 1318 1778 surripuistis
1338 1754 1399 1778 ape.

691 1781 768 1804 Haec
786 1781 847 1810 apis
867 1781 950 1804 officii
969 1787 1089 1811 memorq
1119 1782 1148 1805 in
1167 1788 1311 1806 commune
1329 1783 1479 1813 laborans,

798 1816 871 1838 Esse
889 1816 948 1839 Deo
970 1816 1097 1846 gratum,
1128 1817 1198 1846 quod
1217 1817 1301 1845 facit,
1333 1823 1413 1842 omne
1432 1818 1515 1848 cupit.

693 1849 747 1878 Qui
767 1849 867 1873 mundo
887 1850 978 1879 potius
997 1850 1055 1873 suci
1074 1850 1215 1875 inservire
1235 1852 1382 1877 laborant.

797 1883 847 1907 His
866 1889 917 1907 sua
938 1884 1109 1908 conveniens
1131 1886 1255 1915 praemia
1278 1889 1352 1911 meta
1372 1888 1453 1911 feret.

690 1917 787 1942 Cedite
811 1917 966 1946 degeneres
985 1918 1078 1943 fucato
1102 1921 1217 1949 pectore
1236 1921 1306 1952 suci,

795 1953 870 1976 Haec
893 1953 953 1983 apis
974 1954 1018 1976 est
1040 1953 1101 1983 ipso
1121 1954 1231 1978 vindice
1250 1956 1309 1979 tuta
1330 1956 1398 1979 Deo.

694 1987 772 2017 Quod
794 1987 819 2010 si
839 1988 908 2011 adeo
928 1993 1010 2011 caeco
1034 1987 1111 2012 iuvat
1130 1989 1256 2013 insanire
1274 1990 1388 2021 furore,

799 2022 830 2046 si
850 2022 936 2046 satum
958 2022 1089 2052 impietas
1111 2029 1166 2047 non
1185 2024 1261 2047 videt
1278 2024 1333 2048 ista
1352 2031 1448 2055 suum,

692 2056 746 2080 Hei
765 2058 895 2087 quantuni
917 2057 1021 2081 Christi
1041 2058 1161 2082 alveolis
1183 2065 1297 2083 examen
1318 2060 1351 2082 ab
1371 2059 1456 2090 ipsis,

795 2092 824 2115 ln
844 2094 971 2115 vestram
991 2092 1111 2116 armabit
1131 2093 1238 2123 spicula
1257 2096 1383 2124 prompta
1404 2101 1507 2121 necem.

690 2125 788 2150 Pedite
807 2127 962 2156 degeneres
983 2127 1076 2150 fucato
1095 2129 1210 2157 pectore
1229 2129 1301 2159 ruci,

796 2162 870 2185 llaec
889 2162 949 2191 apis
974 2164 1017 2185 est
1038 2161 1096 2192 ipso
1116 2163 1226 2187 vindice
1246 2165 1305 2187 tnta
1326 2164 1391 2188 Deo.

96 2296 128 2328 ss)
149 2297 190 2320 Ex
208 2296 250 2320 his
274 2295 457 2327 intelligitur,
483 2296 554 2320 unde
573 2298 651 2322 tauta
671 2298 767 2323 horum
787 2302 1014 2331 argumentorum
1036 2300 1099 2326 Mel.
1122 2299 1247 2324 varietas
1265 2303 1326 2324 orta
1345 2301 1389 2324 sit.

80 2392 176 2438 Quo
206 2391 409 2426 consilio
439 2391 616 2437 scripta
645 2401 750 2429 sunt
779 2396 922 2430 initio
950 2397 1036 2432 Bu-

476 2456 492 2477 c
505 2444 594 2477 ΟΥΕ
635 2445 650 2458 „
1117 2412 1332 2446 describitur
1348 2419 1460 2447 status
1479 2414 1581 2460 regni
1598 2413 1719 2450 Israel.
1775 2415 1851 2449 Hoc
1878 2416 1986 2460 igitur
2009 2416 2112 2450 initio

558 2457 567 2476 1
605 2457 644 2478 a:

1115 2464 1253 2498 discant
1273 2465 1528 2509 adolescentes,
1556 2474 1743 2512 pastorum
1762 2468 1924 2512 personis
1941 2474 1973 2500 et
1989 2467 2112 2511 figuris

164 2512 478 2557 Supervacaneum
503 2520 553 2547 est
571 2525 756 2559 quaerere,
786 2528 878 2562 quae
896 2517 941 2551 sit
957 2517 1058 2561 origo
1114 2516 1306 2560 significari
1325 2517 1411 2551 alias
1430 2530 1579 2563 magnas
1598 2532 1653 2554 res
1670 2519 1707 2552 in
1726 2518 1795 2552 vita
1808 2546 1816 2559 ‚
1854 2525 1888 2551 et
1902 2519 2009 2553 scribi
2025 2517 2110 2553 haec

60 2562 223 2597 Bucolici
247 2565 428 2600 carminis.
483 2565 632 2610 Semper
657 2566 752 2600 enim
775 2568 920 2602 suerunt
947 2570 1058 2602 canti-

59 2615 174 2655 lenae,
204 2620 238 2648 et
255 2616 395 2652 rusticis
413 2617 535 2661 figuris
553 2618 640 2653 alias
656 2630 712 2653 res
731 2631 770 2653 ac
785 2632 957 2664 personas
975 2633 1058 2655 can·

59 2665 179 2701 tilenis
197 2667 395 2711 significare
414 2681 492 2704 mos
509 2669 597 2711 fuit,
633 2676 674 2704 ut
697 2671 874 2706 canticum
894 2672 1057 2707 Salomo-

59 2717 115 2752 nis
141 2729 270 2763 magna
297 2732 338 2753 ex
363 2728 464 2765 parte
486 2721 696 2756 Bucolicum
722 2730 791 2764 est,
835 2737 906 2770 quo
936 2732 1057 2760 tamen

111 2776 296 2810 MELANTH.
321 2779 427 2810 Omni.
451 2781 534 2811 Vox..
560 2781 649 2812 ΧΙΧ.

1112 2569 1263 2612 figurata
1291 2576 1456 2613 poemata
1480 2571 1537 2604 vel
1562 2572 1607 2604 ad
1639 2570 1935 2611 oblectationem,
1978 2571 2034 2604 vel
2067 2573 2108 2606 ad

1112 2621 1416 2662 consolationem,
1459 2623 1514 2656 vel
1549 2624 1594 2656 ad
1629 2622 1938 2667 deplorationem,
1981 2623 2036 2656 vel
2066 2625 2109 2657 ad

1111 2672 1256 2707 affectus
1285 2673 1397 2706 animi
1421 2686 1655 2720 quoscunque
1681 2674 1951 2718 significandos,
1984 2676 2039 2709 vel
2064 2676 2106 2709 ad

1111 2725 1485 2761 commonefaciendos
1502 2724 1689 2765 homines,
1716 2738 1756 2759 ac
1772 2726 1952 2761 docendos
1976 2727 2018 2760 de
2044 2726 2106 2760 ali-

1587 2778 1637 2813 20
