2341 2973
220 95 264 127 71

217 178 328 213 macia
355 178 392 210 in
410 175 639 215 saevioribus,
666 173 829 219 superbia
849 173 967 207 etiam.
1020 173 1089 207 Sed
1114 171 1203 206 haec

217 230 336 265 omnia
354 227 526 272 significat
543 225 660 272 ὕβρις.
721 225 827 270 Quod
844 224 965 258 Latini
991 231 1121 258 vocant
1146 225 1203 258 in-

217 283 344 315 iuriam
379 285 555 318 atrocem,
596 275 664 310 hoc
693 277 821 310 Graeci
858 283 986 309 vocant
1016 275 1132 322 ὓβριν
1145 276 1205 321 3⁴¹),

217 332 360 378 quando
378 329 463 363 dicis
480 341 536 362 me
555 341 627 363 esse
654 326 869 361 haereticum
896 333 960 360 etc.
1012 325 1139 374 ὕβρις,
1169 327 1206 360 id

217 390 286 421 est,
328 381 443 415 nullas
467 381 579 424 leges,
619 379 716 413 nulla
747 379 887 411 vincula
917 377 1124 422 disciplinae
1149 390 1207 412 cu-

214 445 303 467 rare.
335 433 453 465 Turca
464 437 515 465 est
525 430 704 474 magister,
720 430 876 475 quibene
895 435 1012 473 potest
1028 429 1206 474 principes

215 486 397 527 castigare.
420 482 593 516 Salomon
601 481 682 526 3³³)
702 481 854 525 Propter
863 487 1004 524 peecata
1015 480 1208 515 multisunt

215 535 409 579 principes,
437 534 472 566 id
491 540 560 573 est,
586 533 719 566 multae
743 531 959 566 mutationes
980 531 1207 576 regiminum,

212 591 398 619 mutantur
432 584 619 628 regimina,
654 589 688 616 et
716 583 840 616 crescit
870 583 1031 617 servitus.

314 642 374 676 Vs.
392 642 452 676 41.
494 641 595 675 Cives
624 638 781 687 populi.]
814 640 893 676 205
927 651 998 677 arm
1024 640 1207 683 {Bsslcfleins

211 707 284 728 non
303 693 446 739 quidem
463 690 570 725 habet
588 691 722 724 atrocia
742 698 898 736 peccata.

316 753 383 786 Sed
413 752 672 795 gubernatores
684 748 713 798 ,]
742 750 913 783 Potentes
936 756 1104 794 potenter
1134 757 1206 783 tor-

212 809 330 837 menta
355 802 555 847 patientur,
589 802 674 835 dicit
695 802 869 845 scriptura
881 801 939 845 3³).
1002 801 1051 836 &3
1081 801 1117 844 ist
1138 802 1208 837 {ein

214 855 361 898 (emman
393 854 425 898 Ῐο
459 853 560 895 ftein,
604 857 638 888 ee
670 852 706 895 ist
740 853 881 897 bengenss
911 851 1066 897 metbssss).
1137 853 1207 886 Τα-

212 904 394 951 uictima),
440 904 476 936 id
505 911 575 944 est,
616 910 839 949 quaestores,
882 903 1062 947 ‘lsmptlcut
1127 902 1206 936 Λα-

212 954 394 1001 ,1ιίαι363),
422 955 457 988 id
473 961 541 995 est,
569 961 714 1000 stryges.
775 954 867 988 Nam
886 960 937 987 est
953 953 1206 997 paronomasia

213 1014 360 1051 propter
378 1006 596 1039 vicinitatem
616 1005 778 1038 vocabuli
799 1005 988 1044 discedere,
1017 1017 1096 1037 cum
1121 1016 1207 1049 qua-

212 1059 294 1091 dam
318 1057 446 1092 illustri
467 1057 616 1101 pictura.
678 1056 866 1098 Regimina
891 1061 974 1088 sunt
994 1061 1066 1086 tam
1093 1054 1207 1088 tristia

211 1115 358 1155 propter
374 1115 515 1153 peccata
532 1113 671 1144 nostra;
700 1106 728 1140 si
747 1107 1018 1139 emendaremus
1036 1117 1120 1145 nos,
1156 1117 1207 1138 es-

213 1166 290 1195 sent
305 1159 462 1193 mitiora.

313 1219 390 1254 Vss.
402 1218 462 1255 42.
474 1218 533 1252 43.
560 1216 664 1250 Versi
680 1223 773 1250 sunt.
802 1216 973 1250 Nondum
994 1215 1080 1247 boni
1098 1215 1206 1248 ullam

212 1271 390 1305 civitatem
407 1265 672 1315 perdiderunt]
690 1267 813 1301 Bonus
830 1267 904 1306 vir,
934 1266 983 1301 ein
1000 1264 1121 1310 frontet
1136 1268 1208 1301 obet

214 1323 343 1358 etbaret·
361 1321 463 1358 {math
513 1320 636 1353 Bonus
653 1318 708 1351 vir
727 1324 798 1358 est,
827 1318 888 1362 qui
906 1315 1013 1350 habet
1037 1316 1207 1350 iustitiam

213 1373 463 1412 universalem,
491 1371 552 1417 qui
567 1377 618 1404 est
633 1369 744 1403 iustus
759 1368 890 1402 iustitia
909 1367 1119 1407 universali,
1148 1366 1210 1412 qui

212 1425 350 1458 nullum
384 1422 492 1456 habet
524 1422 678 1460 crimen,
712 1425 861 1463 propter
884 1418 981 1463 quod
1004 1418 1115 1462 possit
1140 1417 1209 1450 dici

210 1477 378 1509 famosus.
431 1473 494 1507 Est
519 1470 772 1505 affirmativum
795 1476 829 1502 et
851 1468 1070 1513 negativum.
1123 1469 1209 1504 Ξῦαῧ

211 1524 300 1571 beiss't
328 1524 442 1559 Iustus
469 1523 603 1557 iustitia
630 1520 848 1556 universali?
901 1520 973 1565 Qui
995 1517 1103 1553 habet
1126 1519 1209 1552 obe-

211 1576 382 1611 dientiam
410 1582 593 1609 externam
617 1573 654 1606 in
677 1571 843 1606 omnibus
872 1571 1070 1615 praeceptis
1095 1576 1208 1604 exter-

213 1628 278 1662 nis.
316 1627 387 1672 Qui
416 1626 525 1659 violat
549 1625 696 1669 aliquod
718 1628 966 1667 praeceptum,
995 1628 1045 1654 est
1067 1621 1208 1654 infamis

213 1679 336 1713 saltem
358 1678 400 1710 de
419 1678 524 1710 facto.
576 1676 625 1708 Ut
651 1686 728 1707 cum
749 1674 877 1718 aliquis
902 1679 953 1706 est
977 1672 1134 1712 adulter,
1167 1672 1207 1706 ob

212 1740 287 1764 man
310 1729 343 1773 jn
361 1729 427 1763 mot
443 1728 525 1773 nicht
543 1727 632 1762 einen
648 1724 843 1769 &bebtecber
868 1723 975 1768 schilt„
1008 1729 1128 1756 tamen
1156 1728 1207 1756 est

211 1780 360 1813 adulter.

310 1838 403 1871 Boni
430 1837 496 1870 viri
521 1849 594 1870 non
619 1841 784 1869 evertunt
813 1830 1024 1879 civitatem]
1061 1830 1206 1876 Quare?

211 1890 302 1935 Quia
322 1890 456 1922 bonum
474 1894 525 1922 est
544 1886 843 1926 conservativum,
866 1882 1203 1917 communicativum

211 1947 244 1973 et
260 1939 547 1984 congregativum
565 1938 630 1972 sui.
682 1937 806 1971 Bonus
825 1936 880 1969 vir
906 1941 956 1968 est
980 1935 1115 1967 bonum
1140 1945 1205 1976 pu-

212 1990 360 2029 blicum,
388 1990 471 2022 dicit
488 1988 754 2034 Menanderffl).
807 1987 936 2022 Nostra
956 1985 1096 2030 privata
1122 1983 1204 2016 civi-

212 2042 251 2075 lis
280 2041 410 2075 iustitia
441 2038 689 2073 debetliabere
715 2040 803 2072 duos
829 2038 932 2076 fines,
966 2036 1146 2080 privatum
1171 2041 1205 2067 et

213 2092 389 2136 publicum
403 2118 412 2131 ,
445 2091 534 2123 sient
556 2090 763 2124 Aristoteles
788 2089 824 2121 in
849 2087 1026 2132 principio
1046 2086 1088 2119 V.
1104 2083 1204 2117 Ethi-

211 2155 333 2175 eornin
344 2142 402 2187 3⁸³).
456 2141 570 2174 Debes
588 2142 718 2173 referre
736 2140 892 2172 actiones
909 2138 1015 2170 etiam
1040 2138 1083 2168 ad
1109 2147 1204 2168 com-

213 2193 396 2227 munitatis
414 2191 740 2230 conservationem,
776 2190 881 2223 debes
908 2199 981 2222 esse
1008 2187 1137 2225 iustus,
1164 2193 1203 2219 ut

242 2319 290 2346 ³4)
310 2317 388 2342 Conf.
409 2315 487 2339 huius
508 2316 590 2345 corp.
610 2314 732 2339 Reform.
752 2314 812 2337 Vol.
829 2313 901 2336 XVI.
922 2319 946 2342 p.
965 2311 1016 2335 602
1030 2317 1070 2339 sq.

242 2363 311 2391 34³)
330 2360 411 2384 l’rov.
431 2359 474 2387 25,
494 2357 518 2382 2.

246 2404 293 2433 ³5)
315 2406 377 2431 sap.
396 2402 423 2429 6,
442 2400 466 2424 7.

249 2447 295 2473 36)
315 2445 372 2468 Hoc
392 2442 563 2472 proverbium
583 2440 701 2464 afferunt
717 2440 798 2462 etiam
815 2439 899 2461 Kiirte
919 2439 936 2462 1.
953 2439 968 2460 l.
990 2437 1064 2466 p.16.
1084 2444 1124 2461 nr.
1137 2438 1203 2464 i50.,

286 2478 406 2502 Eisclcin
428 2477 475 2500 Ι.1,
497 2475 593 2506 p.25.,
617 2473 739 2497 sinn-oeli
762 2474 777 2497 1.
795 2474 812 2496 l.
833 2479 855 2501 p.
876 2472 914 2495 1³.
936 2471 1050 2494 111·.271.

251 2522 282 2544 36
293 2525 320 2550 ³¹)
341 2520 398 2542 liae
410 2524 494 2543 voees
509 2523 560 2541 non
578 2518 641 2539 sunt
650 2515 824 2545 Theognidis,
845 2514 892 2537 sed
907 2513 1043 2543 pertinent
1057 2514 1090 2536 ad
1103 2514 1203 2537 (lictum

287 2555 418 2584 quoddam
437 2553 460 2575 h.
481 2553 497 2575 Ι.
516 2551 655 2575 omissum.

253 2597 299 2626 37)
321 2597 377 2619 lloc
397 2595 496 2617 dictum
523 2594 549 2616 in
568 2591 696 2617 Meinekii
722 2591 842 2615 editione
868 2589 1042 2619 reliquiarum
1060 2590 1201 2614 Menandri

285 2631 311 2654 et
329 2629 493 2654 Philemonis
513 2627 616 2658 (Berol.
639 2626 713 2651 132³.
731 2628 773 2653 a.)
792 2631 845 2649 non
865 2624 964 2648 inveni.

250 2672 297 2698 38)
317 2671 429 2694 Ariston
449 2669 534 2694 Ethic.
552 2669 653 2694 Nicom.
670 2668 704 2697 V,
727 2667 752 2691 2.

762 85 884 121 PHIL.
921 85 1033 121 MEL.
1068 85 1268 122 SCRIPTA
1302 88 1637 125 PHILOLOGICA.

2201 90 2248 125 72

1255 175 1321 209 tibi
1344 177 1434 210 bene
1457 176 1521 217 sit,
1556 179 1616 212 ὓαὸ
1640 186 1717 212 man
1742 175 1807 221 bid)
1832 174 1915 220 nicht
1939 175 2065 220 benget.
2120 175 2249 209 Postea

1256 228 1362 262 debes
1379 239 1451 262 esse
1469 228 1602 267 iustus,
1629 234 1667 261 ut
1685 239 1808 272 parcas
1830 226 1918 260 aliis.
1981 226 2063 260 Non
2087 226 2162 260 sitis
2189 238 2251 260 ceu

1256 279 1438 320 bestiales,
1476 285 1516 312 ut
1539 291 1613 312 non
1635 278 1750 312 velitis
1779 278 2004 312 considerare
2031 277 2251 311 voluntatem

1257 330 1345 371 Dei,
1373 337 1407 363 et
1424 330 1558 376 aliquid
1576 331 1617 363 de
1637 329 1886 363 communibus
1904 328 2028 362 officiis
2045 328 2149 362 vitae.

1360 398 1419 432 Vs.
1436 397 1495 432 44.
1522 397 1617 430 Τ11111
1635 403 1786 441 pereunt
1802 397 1979 436 civitates,
2015 397 2160 442 quando
2179 408 2251 429 ma-

1259 449 1300 483 lis
1318 450 1432 493 placet
1451 448 1707 482 contumaciter
1731 448 1859 482 iniuste
1882 459 2006 491 agere,
2041 453 2177 481 atroces
2200 447 2252 479 in-

1260 501 1368 534 iurias
1384 498 1531 546 facere]
1557 499 1650 540 Scio,
1679 500 1775 545 quod
1794 510 1867 532 non
1884 499 2000 543 parcis
2015 498 2250 544 delinquenti,

1262 552 1310 584 ait
1327 550 1456 598 Iob39).
1510 551 1716 584 Puniuntur
1734 550 1854 583 omnia
1874 556 2036 594 peccata,
2064 556 2098 583 et
2120 560 2249 593 magna

1261 609 1293 636 et
1310 614 1434 647 parva.
1493 602 1623 646 Magna
1642 600 1774 634 hahent
1789 613 1922 645 poenas
1938 613 2105 645 magnas,
2140 611 2249 644 parva

1260 666 1344 687 vero
1371 653 1547 691 minores,
1584 659 1618 686 et
1642 653 1723 698 quia
1749 664 1871 686 omnes
1894 649 2067 686 habemus
2096 657 2250 695 peccata,

1260 706 1339 738 ideo
1359 716 1482 738 omnes
1498 702 1669 738 habemus
1686 715 1837 748 poenas,
1863 703 2001 737 etiarnsi
2016 703 2160 736 iuvenes
2178 714 2248 734 non

1259 757 1424 790 sentiant.
1458 755 1550 790 Nam
1568 761 1661 788 recte
1681 755 1765 788 dicit
1781 754 1907 788 Solon:

1394 815 1501 838 lutrant
1520 814 1546 838 in
1566 815 1698 838 thalamos
1717 812 1826 844 publica
1845 813 1943 836 damna
1961 812 2025 835 tuos
2034 808 2079 842 4⁰).

1362 858 1516 902 Quando
1549 864 1783 901 corrumpunt
1812 856 2004 900 populum,
2046 860 2079 886 et
2109 855 2253 899 quando

1260 910 1345 942 dant
1362 909 1490 941 iudicia
1511 909 1648 942 iniustis
1662 935 1670 947 ,
1698 909 1732 941 id
1753 914 1822 947 est,
1850 907 1995 952 quando
2012 904 2170 938 iudicant
2188 917 2253 949 pro

1260 960 1411 999 iniustis,
1429 961 1573 1004 quando
1591 959 1780 993 absolvunt
1799 958 1998 996 sceleratos,
2016 967 2091 989 non
2100 955 2255 1000 puniunt

1260 1023 1331 1051 eos,
1351 1017 1497 1054 propter
1508 1011 1653 1054 propria
1677 1011 1773 1043 lucra
1790 1016 1823 1042 et
1840 1009 2024 1053 propriam
2042 1006 2254 1051 potentiam,

1260 1067 1299 1094 ut
1330 1059 1478 1094 historia
1511 1063 1553 1094 de
1585 1061 1680 1096 tribu
1704 1059 1948 1103 Beniamin‘ss)
1981 1064 2015 1091 et
2042 1058 2085 1091 de
2112 1057 2253 1091 Scedasi

1260 1111 1339 1145 filiis
1352 1111 1411 1156 ²¹2).

1364 1170 1423 1204 Vs.
1440 1169 1500 1204 47.
1528 1170 1673 1214 Speres,
1702 1169 1737 1201 id
1764 1175 1832 1209 est,
1866 1169 2060 1208 existimes,
2097 1179 2171 1200 non
2193 1167 2254 1200 din

1262 1223 1358 1255 illam
1377 1221 1555 1254 civitatem
1574 1221 1732 1266 quietam
1750 1218 1859 1267 sore.]

1399 1280 1459 1303 Non
1479 1279 1541 1303 mihi
1561 1279 1598 1302 sit
1617 1284 1732 1309 servuS,
1760 1277 1896 1308 medicus,
1922 1277 2072 1307 propheta,
2094 1276 2233 1300 sacerdos

1364 1323 1498 1356 Omnes
1515 1323 1601 1356 tales
1620 1334 1760 1361 sumus,
1788 1323 1847 1355 sed
1873 1320 1999 1353 delicta
2023 1320 2252 1352 dominorum

1262 1381 1343 1408 sunt
1375 1374 1619 1418 conspectiora
1652 1372 1803 1411 nostris,
1841 1376 1989 1415 propter
2022 1370 2252 1403 eminentiam

1262 1437 1494 1470 personarum
1512 1431 1546 1457 et
1561 1425 1734 1457 locorum.
1769 1423 1876 1459 ffsserm
1898 1424 1958 1457 ῦαέ
1985 1421 2112 1467 Pomm,
2143 1420 2175 1464 fo
2202 1422 2253 1456 fo:

1261 1486 1333 1512 men
1363 1478 1411 1511 bie
1437 1487 1593 1520 poenae,
1635 1475 1667 1518 fo
1698 1477 1755 1520 bat
1784 1476 1846 1509 bas
1871 1474 2050 1518 {Regiment
2080 1473 2130 1508 ein
2166 1475 2252 1509 enbe·

1262 1528 1354 1561 Tum
1375 1527 1471 1560 venit
1497 1523 1718 1572 ἀδραστεία,
1745 1526 1779 1558 id
1804 1532 1873 1565 est,
1908 1524 2141 1564 inevitabilis,
2184 1526 2253 1559 bem

1260 1590 1337 1615 man
1361 1578 1443 1624 nicht
1469 1577 1646 1621 entlauffen
1670 1577 1751 1619 fan,
1786 1577 1841 1609 vel
1862 1576 2032 1610 Nemesis.
2092 1575 2253 1609 Nemesis

1261 1631 1452 1663 comitatur
1469 1629 1684 1673 superbiam.
1738 1629 1845 1663 {Issetm
1868 1631 1921 1663 bet
1938 1628 2036 1670 Stat}
2059 1627 2186 1671 Pomm!
2221 1626 2252 1669 fo

1260 1683 1369 1718 forneti
1387 1692 1534 1725 poenae.

1414 1745 1533 1795 Κόρυς
1548 1746 1659 1793 ὕβριν
1677 1744 1789 1780 τίκτει
1799 1745 1844 1791 ⁴³)
1857 1772 1864 1786 ,
1893 1743 2002 1792 ὕβρις
2016 1742 2212 1791 τιμωρίαν.

1411 1814 1573 1862 Sgocbmut
1598 1812 1700 1858 matht
1724 1816 1820 1856 ἰωῇ,

1413 1867 1509 1909 Strui}
1531 1866 1659 1909 bringct
1681 1863 1782 1908 stmff.
1836 1861 1898 1896 Est
1923 1861 2055 1895 iustitia
2080 1860 2158 1896 Dei.

1411 1916 1486 1952 (sut
1508 1917 1610 1960 matht
1633 1919 1721 1956 mut,
1881 1922 1893 1927 “

1410 1967 1495 2003 §mut
1516 1966 1619 2011 mad>t
1641 1966 1800 2001 ubermut.

1290 2112 1337 2140 ³9)
1357 2111 1409 2135 iob.
1423 2111 1449 2141 9,
1468 2110 1510 2135 28.

1290 2162 1337 2193 40)
1357 2162 1386 2185 111
1414 2159 1524 2185 solonis
1550 2158 1700 2189 elegiarum
1726 2158 1825 2185 fragm.
1847 2158 1879 2187 ³,
1904 2159 2040 2184 26—29.
2073 2160 2119 2184 Ed.
2146 2161 2244 2192 Bergk.

1325 2196 1442 2228 (Poetae
1461 2194 1544 2225 lyrici
1563 2193 1666 2224 graeci.
1694 2193 1784 2216 Edidit
1800 2193 1845 2216 Th.
1868 2193 1967 2224 Bergk.
1987 2201 2013 2224 p.
2026 2194 2101 2223 322.)
2119 2195 2185 2220 haec
2204 2196 2246 2219 le-

1342 2231 1439 2254 untur:

1323 2238 1340 2262 g
1359 2260 1434 2288 Οὕτω
1453 2259 1587 2294 δημόσιον
1605 2260 1692 2284 κακὸν
1711 2259 1819 2292 ἔρχεται
1839 2259 1933 2285 οἴκαδ’
1951 2259 2075 2294 ἑκάστῳ,

1428 2294 1530 2320 tifilam
1547 2292 1576 2319 ‹5’
1596 2292 1637 2319 ἔτ’
1657 2294 1729 2327 ἔχειν
1749 2292 1798 2319 οὐκ
1817 2293 1943 2320 ἐθέλουσι
1959 2294 2062 2327 θύραι,

1358 2328 1465 2363 ὑψηλὸν
1484 2327 1512 2354 δ’
1531 2326 1600 2361 ὑπὲρ
1619 2327 1696 2369 ἕρκος
1714 2327 1884 2361 ὑπέρθορεν,
1908 2325 1969 2362 εὗρε
1988 2328 2017 2355 δὲ
2034 2328 2159 2362 πάντως,

1430 2365 1454 2389 εἰ
1471 2365 1519 2388 καί
1535 2371 1571 2391 τις
1590 2370 1704 2396 φευγων
1721 2363 1752 2387 ἐν
1769 2364 1851 2397 μυχῷ
1867 2360 1885 2399 ᾖ
1902 2362 2041 2397 θαλάμου,

1326 2402 1355 2425 111
1367 2401 1415 2424 Ed.
1437 2400 1568 2429 syihure.
1588 2399 1779 2429 (Theognidis,
1802 2399 1971 2430 Phocylidis‚
1990 2399 2177 2431 Pythagorae,
2191 2403 2243 2425 So-

1326 2434 1398 2458 lonis
1418 2435 1445 2458 et
1463 2434 1579 2457 aliorum
1598 2435 1723 2462 poemata
1741 2434 1875 2462 gnomica.
1913 2434 2019 2458 Graece
2044 2435 2071 2457 et
2091 2434 2138 2458 lat.
2159 2440 2243 2464 opera

1325 2469 1370 2492 Fr.
1391 2467 1541 2498 Sylburgii.
1567 2466 1711 2499 Ultrajecti
1734 2468 1807 2492 1659.
1828 2466 1892 2499 160)
1911 2475 1937 2499 p.
1955 2468 2012 2493 124.
2033 2468 2128 2493 eadem
2148 2469 2242 2499 pancio

1322 2503 1436 2527 mutatis
1454 2502 1612 2526 afferuntur.

1288 2545 1335 2577 41)
1353 2545 1469 2569 ludicum
1488 2545 1608 2570 19—21.

1286 2587 1335 2615 42)
1354 2587 1431 2611 cons.
1452 2593 1536 2616 supra
1555 2594 1579 2617 p.
1595 2586 1635 2611 70.

1287 2628 1334 2661 43)
1355 2629 1433 2654 Conf.
1453 2630 1573 2659 Theogn.
1594 2630 1711 2655 sentent.
1732 2629 1789 2654 ¹53.
1813 2630 1863 2657 Ed.
1883 2630 1967 2655 Bekk.
1993 2632 2019 2654 et
2038 2630 2149 2655 solonis
2169 2630 2238 2661 eleg.

1321 2663 1355 2687 fr.
1367 2664 1391 2689 7.
1410 2664 1461 2690 Ed.
1481 2664 1580 2695 Bergk.
