2341 2973
176 74 224 111 95

181 160 323 195 metalla
341 158 450 192 multa
463 184 471 197 ‚
498 162 532 189 et
547 156 614 190 fuit
631 154 737 188 etiam
754 166 882 189 avarus
898 153 1014 187 Midas
1027 180 1036 194 ‚
1064 160 1098 186 et
1115 151 1175 187 lia-

179 214 240 247 bet
271 211 410 255 patulas
442 220 556 242 aures.
623 206 690 243 Ξίε
716 206 888 242 ffiercfleut
909 206 1013 250 baben
1035 205 1176 249 patulas

181 274 301 301 aures,
330 259 447 306 inquit
464 259 541 299 ille,
569 258 695 292 volunt
710 270 833 292 omnes
848 257 1024 291 novitates
1041 255 1176 297 audire,

181 325 303 348 omnes
326 311 491 351 fabellas,
533 316 679 343 sumunt
703 309 769 343 sibi
797 308 968 342 iudicium
991 308 1033 340 de
1059 308 1177 347 rebus,

180 377 267 410 quas
291 375 363 395 non
399 362 611 406 intelligunt.
679 360 821 406 Ubique
847 367 897 393 est
920 359 1073 392 multum
1099 359 1176 391 illo-

179 427 281 454 rum,
324 413 385 459 qui
415 411 547 446 habent
577 412 716 456 patulas
744 411 1028 455 atires,⁶quales
1058 410 1176 443 Midas

179 464 316 499 habuit.

281 522 342 556 Vs.
359 521 445 556 288.
472 519 596 566 Itaque
622 519 725 553 multi
749 519 998 553 imbecilliores
1023 526 1105 553 sunt
1131 520 1175 552 ad

180 571 416 619 servandum]
454 572 586 610 active,
625 576 741 614 potest
765 570 871 603 etiam
903 570 1041 614 passive
1075 570 1177 603 intel-

180 627 259 671 ligi,
285 635 360 660 man
378 624 438 658 Pan
456 623 490 667 ju
508 622 591 666 nicbt
608 621 734 665 helffen,
763 624 838 657 obet
855 622 958 665 nicht&
975 622 1072 667 tbun,
1101 623 1175 658 obet·

180 679 218 721 sie
243 677 386 713 ΐὸηηεῐῐῧ
410 674 507 718 selber
530 672 614 717 nicht
638 673 731 717 tbun.
793 673 885 717 Quia
910 674 1002 705 bona
1028 673 1174 706 consilia

181 726 436 762 obtrectatione
454 730 754 768 corrumpuntur,
782 726 823 759 ba
848 725 909 759 fan
933 734 1010 759 man
1034 724 1069 768 jn
1093 723 1176 769 nid)t

177 777 311 824 beIffen,
353 777 488 809 interea
521 775 583 820 qui
617 775 757 814 vident,
803 775 889 820 quid
918 775 962 808 sit
987 776 1176 819 agendum,

178 830 317 874 fugiunt
334 828 493 872 publicas
509 826 802 866 deliberationes,
830 826 912 871 quia
935 833 1099 860 metuunt
1116 826 1177 859 oh-

178 879 418 915 trectationes.
489 877 732 910 Concionator
768 878 1094 923 quomodocunque
1125 878 1177 910 10-

180 938 330 978 quatur,
357 936 477 962 tamen
494 940 633 972 semper
648 926 795 960 habebit
813 928 971 973 aliquos,
1006 929 1068 974 qui
1093 926 1176 961 hor-

178 983 330 1017 ribiliter
347 982 543 1024 depravent
562 979 668 1011 etiam
687 979 880 1012 rectissime
899 980 1003 1013 dicta.

280 1038 340 1072 Vs.
357 1037 443 1073 289.
484 1037 713 1071 Calamitates
746 1038 924 1070 bonorum
960 1038 1049 1069 fiunt
1080 1037 1175 1069 bona

178 1088 313 1136 malis,]
335 1089 370 1122 id
387 1095 449 1128 est,
478 1088 654 1121 seditiosis
671 1088 891 1131 temporIbus
910 1087 1092 1120 calamitas
1109 1087 1175 1119 rei-

178 1142 340 1187 publicae
367 1140 513 1184 prodest
536 1139 733 1177 sceleratis,
762 1138 813 1170 illi
832 1145 1004 1178 crescunt,
1033 1144 1071 1171 ut
1094 1149 1176 1182 pro-

178 1195 254 1227 dest
272 1191 448 1231 Gabinio,
475 1189 692 1230 Ammonio,
722 1189 883 1223 Curioni.

206 1252 266 1287 Ἐν
284 1248 323 1285 δὲ
340 1246 558 1295 διχοστασίῃ
574 1246 636 1283 καὶ
652 1248 760 1295 πᾶςῧ)
779 1247 891 1287 κακὸς
905 1248 1040 1294 ἔμμορε
1058 1250 1175 1293 τιμῆς.

282 1308 336 1342 Illi
352 1307 485 1341 habent
502 1305 808 1353 κροτοθόρυβον,
838 1321 856 1339 a
871 1305 1022 1353 κρότος,
1052 1307 1086 1339 id
1114 1314 1176 1345 est,

180 1361 387 1405 applausus;
434 1357 736 1404 κροτοθόρυβος,
778 1358 815 1390 id
850 1364 918 1397 est,
959 1359 1085 1391 stultus
1116 1370 1177 1401 ap-

178 1413 340 1457 plausus,
373 1411 421 1443 sic
445 1410 611 1442 dicimus:
656 1409 799 1453 quidem
825 1408 1020 1452 implentur
1050 1421 1177 1453 κροτο-

180 1459 341 1508 θορύβῳ
366 1460 501 1505 populi.
570 1458 725 1492 Exilium
753 1459 935 1493 Ciceronis
967 1466 1018 1493 est
1040 1460 1175 1492 bonum

180 1513 319 1548 Clodio.

282 1571 342 1605 Vs.
359 1570 446 1606 290.
476 1568 704 1602 Calamitates
719 1569 881 1612 publicae
905 1569 994 1601 fiunt
1019 1568 1075 1601 lex
1098 1580 1177 1612 per-

180 1620 327 1669 versis,]
355 1622 390 1654 id
408 1627 477 1660 est,
506 1622 566 1655 1)αὸ
583 1618 620 1662 ist
647 1619 676 1664 it
702 1619 802 1665 recht,
835 1618 903 1653 hoc
927 1620 1002 1652 iure
1028 1619 1096 1663 ipsi
1119 1620 1178 1651 de-

183 1677 376 1711 lectantur,
420 1678 453 1704 et
481 1672 649 1703 fruuntur
681 1671 881 1704 calamitate
913 1670 1054 1714 publica
1067 1696 1075 1709 ‚
1115 1670 1176 1714 qui

183 1724 316 1770 alioqui
334 1730 426 1757 stare
445 1734 518 1754 non
535 1721 745 1765 potuissent.
799 1722 871 1766 Qui
889 1733 962 1753 non
980 1720 1178 1764 potuissent

182 1789 253 1810 esse
272 1775 359 1809 salvi
375 1773 479 1807 salvis
496 1772 647 1811 iudiciis,
675 1778 756 1805 sunt
774 1773 862 1805 salvi
881 1772 1009 1805 eversis
1026 1771 1177 1811 iudiciis,

181 1838 274 1863 menn
290 1826 357 1861 {ein
372 1824 473 1870 ffiecbt
489 1824 579 1868 mebt·
595 1822 643 1865 ist.

284 1885 343 1919 Vs.
362 1884 448 1919 291.
490 1883 613 1916 Pudor
635 1879 779 1928 periit‚]
815 1881 853 1926 ist
874 1882 923 1916 ein
950 1880 1027 1925 sisic?
1056 1893 1177 1915 versus

183 1935 407 1981 Homeriff‘a).
460 1933 522 1968 Est
539 1940 639 1967 vetus
662 1933 817 1978 querela.
873 1933 971 1977 Quot
990 1939 1072 1966 sunt
1092 1932 1178 1964 anni

184 1989 227 2021 ab
247 1986 313 2020 hoc
332 1998 424 2019 anuo
441 1997 551 2030 usque
569 1986 612 2017 ad
624 1984 756 2029 Cyrum
776 1984 831 2016 vel
842 1982 1063 2027 Theognidis
1082 1989 1176 2016 aeta-

184 2038 279 2072 tem?
334 2037 445 2082 Cyrus
464 2037 529 2069 suit
548 2042 709 2080 tempore
725 2035 929 2080 Tarquinii.
972 2035 1086 2078 Reges
1103 2035 1177 2066 fue-

185 2095 269 2123 runt
286 2089 391 2121 etiam
411 2085 485 2120 500
504 2087 623 2127 annis,
651 2093 732 2130 post
748 2098 846 2129 reges
863 2097 975 2130 usque
999 2087 1043 2118 ad
1058 2086 1177 2128 Augu-

185 2148 277 2174 stum
297 2145 378 2172 sunt
398 2137 481 2170 anni
495 2135 581 2170 500,
632 2137 848 2182 Plerumque
867 2143 948 2181 post
965 2135 1039 2170 500
1065 2147 1178 2168 annos

185 2193 276 2225 fiunt
293 2190 446 2231 insignes
463 2187 678 2221 mutationes
694 2188 942 2232 imperiorum.
996 2187 1086 2220 Sunt
1106 2186 1177 2218 iam

188 2241 263 2277 500
282 2241 367 2273 anni
383 2241 425 2272 ab
445 2239 548 2271 initio
568 2238 788 2272 electoratus.
842 2238 928 2271 Item
948 2235 1022 2271 500
1042 2237 1127 2269 anni
1146 2242 1180 2269 et

188 2293 294 2338 paulo
315 2290 467 2335 amplius
485 2290 528 2322 ab
553 2289 655 2321 initio
674 2290 774 2333 regni
794 2289 983 2333 Ungarici;
1028 2288 1111 2321 item
1136 2288 1179 2320 ab

189 2344 291 2377 initio
308 2342 409 2386 regni
425 2339 588 2373 Polonici
601 2366 610 2378 ,
638 2339 672 2371 id
691 2347 759 2379 est,
787 2353 828 2373 ex
847 2352 918 2385 quo
936 2351 1035 2383 reges
1061 2339 1181 2383 appel-

189 2395 251 2427 lati
273 2399 366 2427 sunt.
433 2390 519 2424 Item
547 2388 621 2423 500
649 2402 668 2422 a
690 2396 785 2423 statu
809 2392 911 2435 regni
931 2390 1079 2430 Gallici,
1121 2389 1182 2434 qui

190 2457 285 2479 nunc
303 2449 365 2478 est.
416 2441 533 2475 Erunt
547 2441 761 2474 mutationes
778 2453 927 2485 magnae
943 2442 1017 2476 sine
1033 2441 1103 2475 ulla
1121 2442 1184 2474 du-

227 2567 256 2599 5)
276 2566 343 2595 πᾶς]
362 2566 401 2589 sic
421 2564 537 2594 scripsi;
562 2563 701 2587 Ed.1560.
722 2563 787 2589 πᾶν,

224 2616 277 2647 ει)
298 2615 371 2638 Haec
389 2616 514 2643 spectare
534 2613 659 2636 videntur
679 2613 713 2636 ad
731 2614 809 2637 Hom.
828 2614 857 2637 11.
872 2614 936 2642 XV,
957 2613 1013 2638 ¹29.

296 2652 377 2679 οὔατ’
397 2652 532 2686 ἀκουέμεν
551 2652 624 2683 ἐστὶ,
650 2650 712 2681 νόος
731 2651 759 2678 δ’
779 2651 905 2678 ἀπόλωλε
922 2653 969 2678 καὶ
988 2653 1076 2682 αἰδώς,

756 67 879 103 PHIL.
914 65 1027 102 MEL.
1063 64 1268 102 SCRIPTA
1301 66 1638 105 PHILOLOGICA.

1211 2629 1215 2674 l

2179 74 2228 108 96

1229 154 1424 195 bitatione,
1465 166 1552 199 quas
1578 155 1675 190 Deus
1703 156 1895 190 clementer
1925 158 2108 201 gubernet.
2176 159 2227 195 (ΕΒ

1229 204 1295 248 sein
1318 208 1396 242 ubet*
1419 206 1519 241 2000
1535 207 1605 247 Sat
1637 219 1655 239 a
1681 213 1844 252 tempore
1866 205 2088 252 Theognidis
2114 221 2226 255 usque

1231 259 1276 290 ad
1302 255 1370 291 hoc
1394 264 1545 302 tempus.
1605 257 1678 291 Iam
1704 265 1787 292 sunt
1810 259 1894 292 anni
1919 258 2021 295 2025
2046 261 2091 293 ad
2116 260 2227 294 victo-

1229 308 1321 341 riam
1342 310 1386 342 ad
1403 308 1586 348 Plataeas,
1614 310 1759 354 quando
1778 310 1990 344 Mardonius
2004 308 2145 344 Thraso
2170 324 2227 345 su-

1229 360 1359 404 perbus
1376 360 1489 393 victus
1508 366 1558 393 est
1575 371 1594 392 a
1614 361 1701 393 duce
1717 361 1895 395 Pausania
1905 362 1936 408 ⁶)
1948 388 1956 402 ‚
1984 362 2046 407 qui
2061 368 2145 395 tunc
2160 362 2227 396 fuit

1231 411 1444 451 modestior,
1470 411 1530 456 qui
1548 418 1670 455 postea
1692 412 1818 446 incidit
1833 413 1870 446 in
1894 413 2112 447 tristissimas
2135 414 2227 446 cala-

1230 462 1388 502 mitates,
1417 463 1561 507 quando
1578 462 1695 506 coepit
1710 464 1786 497 fieri
1802 465 1958 499 insolens
1983 471 2017 497 et
2039 470 2225 510 tyrannus,

1229 513 1350 558 rapuit
1378 513 1486 546 filiam
1521 513 1606 547 civis
1630 513 1815 559 Byzantii,
1857 528 1964 562 quam
1998 515 2226 560 interfecit⁷)‚

1229 571 1351 608 postea
1369 564 1442 608 ipse
1460 571 1511 598 est
1528 577 1546 598 a
1565 565 1636 598 suis
1654 565 1788 599 civibus
1806 573 1949 600 necatus
1963 567 2056 600 fame
2075 566 2112 599 in
2137 573 2225 599 tem-

1229 616 1289 660 plo
1323 616 1499 656 Palladis,
1544 628 1623 649 cum
1658 616 1854 651 Pausanias
1889 624 2010 651 tamen
2044 615 2226 651 habuisset

1229 665 1323 699 hunc
1339 667 1430 699 diem
1449 667 1744 711 gloriosissimum
1762 667 1798 700 in
1813 668 1962 701 victoria
1975 695 1983 708 ,
2012 681 2091 702 cum
2110 674 2226 703 essent.

1229 718 1311 751 victi
1339 718 1481 751 Persae.
1549 717 1610 751 Illa
1636 719 1770 752 debetis
1794 720 2040 759 considerare,
2083 727 2123 753 ut
2150 719 2225 753 sitis

1229 769 1392 803 modesti.
1446 768 1571 802 Videte
1588 770 1695 803 etiam
1711 771 1908 814 praesentia
1927 771 2098 814 exempla.
2152 770 2226 803 Iam

1231 820 1265 852 in
1287 821 1419 864 oppido
1438 830 1509 865 &um
1524 819 1611 867 ᾥῡῗῗ
1624 821 1729 855 unius
1745 821 1813 854 viri
1829 823 1900 856 duo
1925 821 1988 855 filii
2015 822 2151 855 nobiles
2174 821 2226 854 in-

1230 872 1366 904 terfecti
1384 878 1485 911 sunt,
1523 878 1555 904 et
1572 872 1645 915 ipse
1663 879 1713 906 est
1731 879 1872 916 captus,
1910 879 2048 906 tantum
2073 879 2150 906 orta
2176 879 2227 906 est

1230 923 1303 955 rixa
1322 923 1415 956 sutili
1440 924 1680 957 contentione.
1733 922 1795 956 Illa
1813 924 2055 962 considerate,
2090 930 2129 956 ut
2151 923 2226 957 sitis

1230 974 1399 1013 modesti,
1428 974 1685 1008 commendetis
1701 987 1763 1008 vos
1782 981 1815 1008 et
1839 975 2043 1008 communia
2069 974 2226 1018 pericula

1230 1024 1327 1063 Deo,
1361 1027 1423 1060 ῠαέ
1448 1025 1478 1069 it·
1510 1025 1583 1070 bod)
1610 1025 1694 1070 nicht
1717 1026 1798 1068 teht,
1824 1028 1884 1063 mie
1905 1029 1954 1063 bie
1973 1025 2121 1070 zeuffel,
2150 1026 2225 1059 sine

1231 1076 1445 1118 cogitatione
1463 1077 1506 1109 de
1524 1076 1613 1109 Deo.

1331 1142 1389 1175 Vs.
1407 1142 1494 1177 294.
1522 1143 1751 1189 Quamquam
1772 1146 1898 1179 fortem
1917 1146 2011 1191 capit
2026 1146 2226 1190 impossibi-

1229 1191 1341 1240 litas]
1366 1193 1401 1226 id
1422 1200 1491 1234 est,
1516 1195 1638 1227 sames.

1332 1261 1390 1295 Vs.
1408 1261 1495 1297 293.
1523 1262 1646 1308 Neque
1663 1263 1718 1296 leo
1734 1263 1906 1311 semper]
1924 1264 2058 1299 Dicunt
2073 1266 2226 1304 leonem,

1231 1324 1310 1344 cum
1346 1313 1391 1345 sit
1428 1314 1632 1353 edentulus,
1675 1314 1712 1346 in
1740 1320 1895 1347 extrema
1933 1323 2071 1349 senecta
2108 1316 2224 1360 perire

1229 1363 1334 1395 fame.
1388 1362 1448 1395 llle
1467 1370 1517 1396 est
1541 1364 1653 1396 exitus
1677 1364 1770 1397 vitae
1793 1366 2003 1410 cyclopicae.
2057 1366 2131 1400 Leo
2152 1378 2226 1399 non

1231 1425 1370 1457 semper
1390 1421 1558 1451 venatum
1587 1416 1623 1446 in
1640 1422 1777 1448 senecta
1794 1416 1855 1452 Fan
1873 1428 1906 1452 et
1922 1417 2006 1462 nicht
2021 1419 2122 1462 mebt.

1333 1480 1409 1514 Vss.
1428 1478 1660 1516 295—297.
1689 1482 1843 1516 Garrulo
1860 1482 2012 1524 homini,
2040 1485 2075 1518 id
2085 1491 2147 1526 est,
2164 1485 2226 1518 ob-

1231 1532 1414 1564 trectatori
1439 1539 1555 1565 tacere
1577 1532 1628 1566 est
1642 1533 1897 1568 ,difficillimum
1925 1548 2033 1575 onus,
2075 1537 2226 1582 loquens

1231 1589 1349 1616 autem
1380 1583 1559 1627 ingratus,
1600 1596 1674 1616 non
1698 1585 1896 1620 intellectus
1923 1594 1973 1621 est
1998 1587 2086 1627 illis,
2130 1589 2225 1632 apud

1231 1647 1320 1678 quos
1338 1640 1409 1674 est,
1438 1641 1489 1667 est
1505 1634 1541 1666 iu
1561 1635 1644 1667 odio
1666 1636 1732 1669 illis
1745 1664 1753 1677 ,
1782 1639 1877 1680 apud
1897 1651 1986 1683 quos
2005 1645 2075 1678 est,
2109 1639 2144 1672 id
2162 1645 2224 1679 est,

1231 1686 1296 1721 &e
1313 1686 1430 1720 mosten
1449 1685 1484 1729 jn
1502 1686 1586 1729 nicht
1599 1684 1727 1730 miffen,
1762 1686 1794 1730 fo
1813 1689 1906 1724 [aute
1924 1700 2059 1733 graece.

1294 1804 1300 1811 .
1332 1752 1392 1786 Vs.
1410 1752 1497 1788 297.
1531 1753 1696 1787 Violenta
1724 1755 1930 1805 admixtio]
1961 1757 2009 1794 (St
2031 1759 2143 1804 btingt
2169 1757 2226 1804 sid)

1247 1815 1267 1839 U
1306 1815 1349 1840 m.

1230 1815 1243 1850 ὀ
1291 1815 1301 1849 1
1331 1863 1392 1897 Vs.
1409 1863 1495 1898 299.
1523 1863 1569 1897 Et
1583 1876 1658 1897 non
1673 1865 1749 1898 vult
1769 1866 1903 1900 amicus
1922 1879 2007 1907 esse,
2036 1868 2119 1913 quia
2138 1875 2228 1903 esset

1230 1915 1363 1949 malum
1379 1913 1541 1962 homini]
1571 1916 1608 1948 id
1625 1921 1695 1956 est,
1721 1917 1914 1960 pernicies,
1941 1930 2016 1952 non
2033 1920 2227 1955 delectatur

1231 1967 1304 2000 eius
1324 1966 1492 1999 amicitia.

1333 2025 1393 2059 Vs.
1410 2025 1496 2059 500.
1524 2024 1606 2058 Non
1624 2025 1653 2059 si
1670 2038 1710 2058 ex
1728 2038 1801 2059 uno
1820 2033 1942 2061 ventre
1966 2036 2072 2063 natus
2095 2030 2225 2079 esset‚]

1230 2076 1266 2108 id
1287 2082 1353 2115 est,
1392 2088 1436 2108 ne
1464 2076 1628 2121 quidem,
1664 2078 1692 2110 si
1717 2078 1828 2110 frater
1851 2086 1958 2120 esset,
1993 2088 2111 2125 posset
2139 2083 2227 2116 ami-

1232 2140 1292 2160 cus
1313 2139 1397 2160 esse.

1333 2185 1490 2219 Vss.301
1509 2197 1561 2230 sq.
1588 2184 1746 2219 Acerbus
1763 2193 1796 2219 et
1812 2187 1922 2222 dulcis
1941 2196 2014 2223 esto
2031 2197 2065 2224 et
2074 2191 2226 2227 difficilis

1233 2243 1267 2270 et
1289 2249 1410 2281 asper,
1451 2247 1576 2269 saevus
1597 2237 1758 2277 famulis,
1795 2238 1938 2281 vicinis,
1973 2242 2225 2291 propioribus]

1234 2289 1269 2320 id
1297 2294 1367 2327 est,
1408 2287 1453 2320 sis
1486 2287 1615 2327 comis,
1658 2294 1692 2320 et
1719 2288 1765 2322 sis
1795 2301 1917 2334 asper,
1959 2293 2021 2326 ubi
2048 2306 2136 2338 opus
2163 2301 2226 2330 est.

1234 2339 1389 2383 Quando
1408 2344 1458 2371 est
1472 2351 1527 2372 res
1545 2339 1651 2382 digna
1671 2339 1939 2384 obiurgatione,
1974 2342 2021 2387 fol
2043 2356 2076 2381 et
2099 2346 2226 2382 Ἐόηηρη

1235 2391 1367 2435 glimen.
1439 2388 1695 2434 Reprehendas
1725 2391 2039 2437 reprehendenda,
2086 2404 2121 2431 et
2151 2410 2225 2432 non

1236 2441 1355 2486 culpes
1369 2452 1443 2473 non
1462 2441 1649 2485 culpanda.

1271 2597 1302 2629 6)
1322 2600 1353 2621 A.
1368 2597 1425 2621 479.
1448 2603 1472 2622 a.
1489 2599 1551 2622 Chr.
1571 2600 1626 2627 (01.
1645 2599 1689 2630 75,
1708 2600 1747 2627 2.)
1769 2600 1791 2623 d.
1812 2599 1854 2624 25.
1871 2601 1944 2629 sept.

1275 2658 1305 2685 7)
1323 2656 1395 2680 vide
1414 2657 1530 2682 Pausan.
1546 2658 1591 2685 ΠΙ,
1613 2658 1650 2682 17.
