2341 2973
189 72 263 107 599

588 151 841 185 Iasion.

247 224 322 256 vss.
336 221 409 255 421
432 232 483 264 sq.
510 221 670 264 ›queriiur
687 231 860 252 canescere
877 220 989 251 mitem
1012 217 1057 262 ⁶⁰)

249 275 387 307 Iasiona
408 273 516 305 Ceres.

293 330 411 365 Iasion
443 329 511 363 suit
535 329 713 363 studiosus
740 328 1004 372 agriculturae:
1042 326 1123 359 ideo
1150 325 1189 358 in

190 382 319 417 fabulis
336 381 491 415 traditur
512 392 530 413 a
549 380 677 413 Cerere
701 381 901 412 adamatus.
1215 411 1218 435 i

1216 436 1219 454 l

468 462 903 498 Erichthonius.
1217 490 1218 506 χ

246 536 323 568 Vss-
340 534 414 568 422
432 546 482 577 sq.
511 534 689 575 repetitum
709 532 880 566 Mulciber
898 542 1011 564 aecum

250 588 359 618 Poscit
385 585 615 617 Erichthonio.

300 647 558 683 Erichthonius
591 648 737 691 fingitur
760 647 911 681 Vulcani
946 653 979 680 et
1005 646 1192 679 Minervae
1218 643 1221 680 ιΙ

197 702 307 741 filius,
337 701 419 746 quia
443 701 536 733 inter
561 699 714 732 infantes
742 699 849 741 vulgo
873 697 1054 743 quaesitus
1070 697 1194 730 inven-

198 761 252 786 tus
281 759 331 786 est
356 751 393 784 in
415 751 549 795 templo
567 749 720 783 Vulcani
739 756 773 783 et
792 750 977 782 Minervae
1003 749 1194 792 expositus,
1219 757 1220 761 ’

198 805 295 849 quod
312 804 487 836 ambobus
506 814 696 835 commune
711 799 862 835 Athenis
880 798 1090 832 habebatur.

1218 852 1221 873 ι

551 884 839 920 Anchises.

1220 926 1222 938 Ι

253 956 326 989 Vss.
345 955 418 990 423
437 967 488 999 sq.
528 957 687 987 Venerem
704 966 829 999 (letoque
848 953 1054 996 cnrasicsteri
1219 970 1222 999 ἦ

254 1009 396 1049 Tanye'i,
424 1011 454 1039 et
472 1006 644 1038 Anchisae
660 1017 819 1038 renovare
833 1006 1019 1047 paciscitur
1033 1014 1151 1036 annos.

300 1067 332 1099 A
357 1065 494 1097 Venere
522 1064 684 1097 adamari
707 1065 911 1108 finguntur,
952 1063 1012 1108 qui
1037 1069 1098 1095 aut
1121 1062 1196 1093 sor·
1220 1065 1222 1072 ¹

199 1129 318 1151 mosas
341 1114 476 1149 habent
499 1127 647 1154 uxores,
685 1122 746 1148 aut
777 1115 843 1159 ipsi
877 1120 1081 1159 praestante
1113 1104 1222 1146 sunt1

200 1170 336 1207 forma,
378 1167 518 1212 qualem
542 1164 722 1200 Anchisen
751 1173 784 1199 et
814 1178 962 1200 uxorem
991 1165 1065 1198 eius
1089 1163 1196 1197 fuisse

200 1232 273 1253 uon
291 1218 440 1252 dubium
457 1224 518 1251 est.
562 1218 687 1263 Neque
707 1218 814 1250 aliam
833 1219 877 1250 ob
895 1228 1037 1250 causam
1055 1217 1196 1249 Aeneas

201 1271 331 1304 dicitur
355 1269 505 1302 Veneris
529 1269 640 1309 filius,
673 1269 742 1303 nisi
767 1270 864 1315 quod
890 1275 1042 1301 matrem
1070 1265 1198 1300 hahuit

202 1321 511 1355 formosissimam.

588 1396 798 1440 Byblis.
1223 1398 1226 1415 ¹

253 1466 311 1499 Vs.
336 1463 422 1498 454.
468 1466 591 1507 Byblis
632 1466 804 1506 Apollinei
847 1470 998 1506 correpta
1043 1465 1199 1506 cupidine

506 1516 644 1558 fratris.

306 1575 410 1608 Talia
444 1575 605 1619 exempla
637 1580 913 1619 proponuntur,
954 1586 1027 1607 non
1054 1580 1094 1607 ut
1117 1573 1199 1606 inde

204 1628 380 1661 discamus
399 1626 484 1658 vitia
503 1633 565 1659 aut
582 1625 863 1670 turpitudinem;
898 1626 959 1658 sed
980 1631 1019 1658 ut
1046 1625 1114 1657 illis
1140 1625 1200 1656 ad-
1226 1646 1228 1649 -

205 1677 356 1717 moniti,
403 1689 611 1715 caveamus,
655 1688 698 1708 ne
740 1676 864 1708 illicito
904 1682 966 1708 aut
1009 1673 1200 1708 inhonesto

206 1741 328 1762 amore
347 1728 552 1772 capiamur:
590 1727 625 1759 id
653 1728 750 1772 quod
769 1733 874 1760 autor
891 1727 997 1760 etiam
1016 1726 1090 1771 ipse
1109 1726 1201 1759 indi-

206 1787 280 1820 cat,
311 1792 388 1812 cum
408 1779 525 1823 inquit
554 1776 767 1825 (Vs.453.):
1226 1767 1230 1805 Ι

257 1840 377 1884 Byblis
395 1841 429 1872 ῖη
446 1840 598 1881 exemplo
613 1844 681 1878 est,
709 1844 743 1872 ui
762 1843 872 1871 ament
892 1850 1046 1871 concessa
1060 1839 1202 1881 puellae.

207 1900 343 1932 Tantas
369 1905 489 1931 autem
521 1898 614 1931 vires
636 1898 745 1931 sumit
761 1898 944 1932 Venereus
963 1898 1138 1942 impetus,
1163 1904 1203 1931 ut

208 1951 345 1983 nullum
364 1962 479 1994 neque
497 1949 679 1993 sanguinis
696 1961 811 1995 neque
831 1949 1055 1993 cognationis
1081 1949 1202 1982 discri-

210 2013 291 2034 men
324 1998 448 2032 haberi
478 2000 586 2033 sinat:
623 2000 657 2032 id
689 2002 783 2045 quod
820 2001 979 2045 exempla
1007 2001 1202 2034 declarant.

211 2052 437 2085 Ptolemaeus
449 2051 632 2085 Ceraunus
647 2052 747 2085 duxit
763 2064 910 2085 uxorem
924 2065 1084 2085 sororem
1100 2064 1201 2086 suam

210 2103 438 2146 Antigonum.
492 2103 589 2146 Papa
613 2103 816 2137 Alexander
832 2103 889 2137 Vl.
913 2104 1043 2137 inceste
1069 2104 1205 2137 amavit

210 2155 319 2187 tiliam
346 2166 445 2187 suam
469 2153 691 2195 Lucretiam,
733 2157 775 2189 de
810 2167 880 2200 qua
911 2162 1007 2189 extat
1038 2154 1106 2188 hoc
1132 2156 1203 2200 epi-

210 2217 391 2249 grillnlslfl:

280 2265 413 2289 conditur
434 2265 482 2287 hoc
502 2265 603 2287 tumulo
628 2264 757 2289 Lucretia
776 2265 901 2296 nomine,
921 2266 969 2290 sod
989 2272 1018 2290 re

281 2308 378 2337 rhais,
397 2308 546 2331 Alexandri
566 2307 641 2338 filia,
662 2314 785 2340 sponsa,
804 2315 900 2334 nurus,

562 2376 865 2413 Chimaera.

262 2450 339 2483 Vss.
359 2448 433 2482 646
452 2461 503 2493 sq.
540 2449 672 2492 Quoque
700 2449 877 2481 Chimaera
907 2450 981 2491 iuqo
1015 2449 1134 2480 mediis
1169 2449 1202 2480 ῐη

518 2500 673 2541 partibus·
691 2500 810 2541 iqnem,

270 2555 382 2585 Pectus
400 2557 429 2584 ei
446 2564 505 2585 ora
524 2552 609 2589 leae,
638 2551 777 2583 caudam
797 2551 961 2591 serpentis
976 2550 1127 2584 habebat.

248 2655 296 2682 50)
316 2654 424 2681 mitem]
447 2653 486 2676 sic
501 2652 582 2676 mitt.
598 2651 682 2675 1555..
704 2651 795 2676 1559.;
816 2650 895 2673 Ovid.
910 2650 959 2673 Ed.
976 2649 1083 2673 sumen.
1099 2649 1188 2673 mitis.

778 65 899 101 PHlL.
930 64 1042 99 MEL.
1079 64 1281 99 SCRIPTA
1312 61 1650 97 PHILOLOGICA.

1220 1022 1221 1038 ³
1248 1024 1361 1058 tribus
1394 1023 1593 1059 rhetoricae
1629 1027 1802 1070 partibus.

2161 62 2235 96 600

1345 147 1593 189 Chimaeram,
1631 159 1722 194 quae
1758 159 1776 180 a
1813 148 1927 192 poetis
1961 147 2106 192 fingitur
2133 159 2236 180 mon-

1212 199 1216 239 ]
1242 207 1353 234 strum
1372 200 1618 244 ignivomum,
1647 199 1761 243 capite
1782 199 1948 240 leonino,
1976 206 2010 232 et
2035 199 2146 233 cauda
2175 210 2236 231 an-

1213 267 1215 272 2
1243 252 1369 295 guina,
1404 249 1617 284 Plutarchus
1639 250 1685 297 5¹)
1711 250 1833 285 scribit
1860 251 1966 284 fuisse
1990 251 2110 284 navim
2134 262 2236 295 prae-

1215 302 1217 310 '
1243 302 1440 342 datoriam,
1469 302 1568 336 cuius
1590 314 1698 346 prora
1725 302 1909 345 ignivomo
1932 302 2054 342 leone,
2089 308 2124 335 et
2146 314 2237 346 pup-

1244 353 1297 398 pis
1326 354 1481 386 dracone
1513 353 1682 397 insignita
1715 360 1809 391 erat,
1853 366 2005 399 eamque
2037 365 2056 385 a
2079 352 2238 387 Bellero-

1244 402 1380 448 phonte
1397 405 1574 437 sublatam
1593 405 1717 445 fuisse,
1745 405 1938 439 interfectis
1955 405 2098 449 piratis,
2125 416 2143 438 a
2161 403 2238 449 qui-

1217 478 1218 482 «
1244 457 1309 489 bus
1327 456 1508 488 maritima
1527 454 1659 500 Lyciae
1677 468 1738 488 ora
1759 456 2032 490 infestabantur.

1348 515 1492 549 Servius
1510 515 1620 548 tradit
1637 513 1865 548 Chimaeram
1893 528 1967 550 esse
1991 521 2151 549 montem
2169 513 2238 559 Ly-

1218 586 1219 596 *
1247 566 1320 598 ciae
1346 566 1430 599 olim
1452 566 1619 599 incendio
1644 573 1678 600 et
1705 567 1789 600 seris
1807 566 1971 601 infestum
1987 594 1997 607 ,
2032 568 2093 601 sed
2114 572 2237 611 postea

1247 617 1380 649 cultum
1411 624 1444 650 et
1472 615 1703 651 habitabilem
1739 630 1757 650 a
1783 617 2063 663 Bellerophonte
2094 619 2238 651 factum.

1247 667 1303 701 Sic
1328 669 1423 701 enim
1451 668 1525 713 ipse
1550 669 1623 702 ait:
1670 667 1859 703 Chimaera
1893 676 1944 708 est
1968 682 2005 703 rc
2028 681 2111 702 vera
2134 680 2238 701 mons

1247 718 1397 763 Lyciae,
1425 720 1524 754 cuius
1547 718 1653 753 hodie
1681 722 1782 754 ardet
1807 733 1997 760 cacumen,
2026 720 2122 753 iuxta
2143 719 2238 764 quod

1247 777 1329 803 suut
1354 771 1493 810 leones,
1538 771 1573 803 in
1602 772 1721 804 medio
1760 778 1877 805 autem
1909 784 2039 817 pascua
2070 777 2172 811 sunt,
2207 776 2241 803 et

1248 821 1319 853 ima
1339 822 1471 855 montis
1488 823 1712 866 serpentibus
1732 824 1853 867 plena:
1884 821 1978 857 hunc
1996 819 2240 867 Bellerophon

1220 910 1221 915 ¹
1247 869 1478 905 habitabilem
1496 874 1596 913 fecit,
1623 875 1718 907 unde
1743 872 1972 908 Chimaeram
1998 874 2129 908 dicitur
2151 872 2242 906 occi-

1247 922 1352 956 disse.
1427 924 1623 968 Gregorius
1657 925 1904 960 Nazianzenus
1939 927 1976 959 in
2010 926 2082 959 vita
2117 923 2240 958 Basilii

1247 973 1371 1018 Magni
1406 975 1597 1019 allegorico
1631 989 1735 1009 sensu
1761 975 1990 1010 Chimaeram
2020 977 2167 1021 exponit
2199 977 2242 1010 de

1860 1026 2049 1061 Chimaera
2090 1026 2242 1073 (inquit)

1248 1083 1448 1109 monstrum
1467 1089 1508 1110 ex
1527 1077 1638 1111 tribus
1655 1079 1891 1122 compositum
1905 1106 1914 1119 ‚
1942 1079 2122 1112 anteriore
2141 1084 2242 1122 parte

1249 1127 1303 1160 leo
1324 1134 1395 1167 est,
1423 1128 1622 1172 posteriore
1642 1130 1772 1169 draco,
1800 1130 1917 1163 media
1938 1143 2064 1175 capra:
2092 1130 2141 1164 sic
2157 1129 2243 1163 item

1222 1215 1223 1219 Ἰ
1250 1176 1427 1212 rhetorice
1446 1180 1482 1212 in
1501 1180 1569 1213 tria
1589 1180 1702 1214 divisa
1721 1187 1773 1214 est
1792 1194 1920 1225 genera
1933 1208 1942 1223 ,
1971 1182 2158 1221 iudiciale,
2186 1182 2245 1214 de-

1249 1229 1476 1263 liberativum
1490 1258 1498 1271 ‚
1525 1238 1559 1264 et
1577 1233 1912 1266 demonstrativum.
1956 1233 2110 1267 Videtur
2126 1239 2244 1267 autem

1251 1281 1497 1316 Nazianzenus
1517 1282 1682 1316 iudiciale
1700 1295 1829 1328 genus,
1854 1285 1937 1330 quia
1960 1285 2006 1319 sit
2022 1297 2123 1325 acre,
2151 1296 2246 1317 com-

1252 1345 1381 1376 parare
1406 1333 1520 1373 leoni,
1557 1341 1591 1367 et
1614 1334 1888 1369 deliberativum
1904 1336 2072 1377 draconi,
2101 1335 2184 1381 quia
2202 1334 2247 1368 sit

1253 1384 1390 1417 varium
1403 1411 1412 1424 ‚
1430 1391 1463 1417 et
1480 1386 1674 1419 multarum
1692 1387 1985 1426 conversionum3
2013 1399 2143 1433 caprae
2161 1398 2246 1420 vero

1252 1436 1573 1469 demonstrativum
1585 1463 1594 1476 ,
1623 1437 1706 1481 quia
1724 1438 1896 1471 lasciviat.

1579 1536 1640 1568 Ila
1656 1548 1765 1580 rpoc
1784 1544 1916 1570 rates.

1306 1603 1364 1637 Ys.
1381 1603 1467 1637 691.
1498 1607 1626 1649 Quique
1648 1606 1772 1647 premit
1801 1616 1904 1638 rocem
1916 1631 1925 1645 ,
1954 1607 2120 1651 diyitoque
2142 1607 2249 1640 silen-

1564 1657 1613 1688 tia
1633 1657 1761 1688 suadet.

1358 1715 1618 1759 Harpocrates,
1651 1716 1908 1761 Aegyptiorum
1941 1717 2047 1757 deus,
2081 1715 2251 1760 pingeba-

1257 1772 1314 1799 tur
1333 1766 1452 1800 clauso
1469 1779 1549 1807 ore,
1579 1767 1690 1811 digito
1708 1767 1817 1801 labris
1836 1769 1982 1801 admoto
1995 1795 2004 1808 ‚
2032 1780 2103 1813 quo
2119 1767 2251 1811 signifi·

1226 1808 1230 1868 ἰ
1256 1818 1405 1851 cabatur
1438 1818 1596 1862 linguam
1628 1818 1816 1863 diligenter
1848 1820 2117 1852 custodiendam
2144 1825 2250 1864 atque

1257 1867 1494 1903 cohibendam
1518 1882 1610 1911 esse,
1645 1868 1805 1916 nihilque
1829 1870 1970 1904 silentio
2000 1882 2040 1903 ac
2063 1869 2251 1903 taciturni-

1257 1928 1328 1954 tate
1347 1921 1468 1955 tutius.
1523 1921 1614 1955 Nam
1633 1928 1673 1955 ut
1691 1922 1759 1955 dici
1777 1922 1882 1955 solet:

1327 1981 1401 2005 Nulli
1419 1980 1541 2006 tacuisse
1559 1983 1654 2011 nocet;
1677 1982 1758 2004 nocet
1778 1987 1842 2004 esse
1861 1981 1989 2006 locutum.

1550 2065 1675 2112 Iphis
1708 2067 1751 2099 in
1787 2079 1965 2101 marem.

1309 2139 1368 2173 Vs.
1385 2137 1470 2172 774.
1509 2139 1590 2178 Fer,
1618 2149 1754 2180 precor,
1782 2140 1910 2183 inquit,
1940 2149 2048 2180 opem,
2074 2143 2250 2184 nostroque

1569 2191 1698 2222 medere
1722 2190 1830 2223 dolori
1848 2189 1905 2229 52).

1361 2258 1501 2302 Insigne
1528 2259 1757 2303 exemplum,
1799 2257 1880 2291 licet
1915 2257 2137 2298 fabulosum,
2178 2269 2251 2303 quo

1261 2322 1450 2343 monemur
1486 2310 1522 2342 in
1559 2311 1707 2344 summis
1739 2311 1844 2344 etiam
1879 2309 2146 2343 difficultatibus
2176 2320 2251 2342 non

1260 2363 1521 2406 desperandum
1541 2374 1612 2395 esse
1625 2389 1634 2402 ,
1661 2364 1720 2396 sed
1732 2361 1895 2407 precibus
1912 2360 2188 2405 confugiendum
2205 2360 2251 2393 ad

1259 2414 1429 2446 auxilium
1448 2413 1621 2446 divinum.

1293 2550 1339 2577 51)
1360 2549 1500 2573 Plutarch.
1521 2549 1552 2571 de
1572 2548 1715 2572 mulierum
1736 2547 1900 2575 urentibus„

1330 2584 1379 2608 ciis
1398 2584 1555 2607 mutieribus
1574 2583 1695 2606 disserit.

1293 2636 1341 2661 52]
1361 2636 1473 2663 dolori]
1495 2634 1576 2658 Edittv
1597 2635 1668 2659 1555.
1683 2651 1689 2658 .
1710 2635 1801 2658 1559.:
1822 2634 1900 2658 ovid.
1921 2634 1969 2657 Ed.
1992 2614 2098 2658 Mitseh.
2117 2632 2227 2658 timori.

1924 2553 1956 2571 eo
1971 2547 2047 2571 loco.
2067 2552 2120 2577 quo
2138 2546 2171 2571 de
2189 2546 2251 2576 Ly-
