2341 2973
189 114 264 151 419

293 200 352 234 Vs.
379 200 463 235 123.
505 202 724 246 Narcissum]
755 201 941 236 Narcissus
974 206 1026 233 est
1058 200 1184 234 similis

189 253 241 286 illi
264 252 363 293 flori,
409 264 516 297 quam
541 265 606 286 nos
632 265 799 286 vocamus
830 250 1048 291 colchicum,
1090 258 1184 297 zeyt-

189 305 311 343 losen,
367 309 418 337 est
461 304 584 348 exigua
627 304 824 337 diversitas.
905 300 1113 336 Colchicum
1147 303 1185 336 in

189 354 391 399 Septembri
409 355 549 398 prodit,
578 361 610 388 et
629 362 679 388 est
696 360 916 398 postremum
938 354 1100 387 omnium
1120 354 1185 387 flo-

188 418 284 440 rum.
343 404 383 438 In
406 418 483 438 mea
508 408 623 450 patria
651 411 701 438 est
724 406 963 445 consuetudo,
1002 411 1041 438 ut
1062 406 1185 438 rustici

189 457 337 490 veniant
372 457 409 489 in
445 458 571 490 urbem
616 456 736 488 ornati
779 454 936 488 colchico
953 482 963 495 ,
1010 455 1185 499 agitantes

189 508 377 547 convivia,
404 513 437 539 et
455 507 578 540 dicunt
597 520 632 540 se
650 507 712 539 illo
737 506 824 539 flore
848 507 1009 546 moneri,
1041 513 1081 540 ut
1104 508 1185 541 sub-

190 566 274 592 eant
298 571 392 591 nova
420 570 541 602 opera.
666 558 831 603 Acanthi]
866 556 1068 591 Branchiae
1094 559 1185 592 ursi-

189 623 276 650 nae,
303 609 513 642 berenklau.

289 658 455 694 Vs.125.
483 657 656 706 Oebaliae]
686 658 719 692 id
741 666 803 699 est,
831 659 1002 701 Tarenti,
1031 661 1113 706 quia
1134 667 1186 694 est

190 712 333 746 condita
360 709 448 744 haec
470 712 554 744 urbs
579 723 597 743 a
616 710 933 752 Lacedaemoniis,
967 712 1030 757 qui
1054 724 1185 745 vocan-

188 770 247 797 tur
264 762 435 797 Oebaliae
452 763 495 795 ab
513 761 650 795 Oebalo
668 775 761 806 rege.

291 813 352 848 Vs.
373 814 457 849 127.
487 810 680 859 Corycium]
709 814 743 846 id
762 819 825 853 est,
848 813 997 846 militem
1017 813 1184 857 piratam.

189 866 282 900 Nam
310 865 504 909 Pompeius
529 866 627 897 dedit
652 864 778 908 piratis
801 876 916 907 agros.
982 863 1036 897 Ibi
1068 864 1186 909 inquit

190 917 296 950 [uisse
320 916 471 949 militem
497 917 697 961 quendam,
740 915 801 960 qui
825 914 991 949 habuerit
1012 928 1183 960 magnum

192 973 378 1013 quaestum
396 980 437 1000 ex
454 965 561 1000 horto
579 978 656 1000 suo,
709 966 907 1000 Columella
934 967 1041 1000 etiam
1063 966 1187 1001 scribit

192 1020 372 1064 quendam
406 1017 700 1062 patremfamilias
731 1018 916 1063 reliquisse
942 1019 1082 1052 duobus
1105 1018 1186 1051 filiis

191 1082 340 1114 agrum,
366 1070 446 1103 illos
462 1075 579 1102 autem
599 1069 815 1102 convertisse
835 1081 960 1111 agrum
986 1070 1023 1102 in
1048 1068 1186 1109 hortos,

193 1128 227 1154 et
258 1121 451 1166 quotannis
485 1132 526 1153 ex
560 1120 628 1152 illis
659 1117 824 1153 habuisse
848 1122 1020 1154 ducentos
1045 1133 1186 1155 aureos.

192 1171 243 1205 Ita
262 1184 412 1215 magnus
431 1172 611 1216 profectus
628 1177 679 1203 est
696 1184 736 1204 ex
755 1169 880 1205 hortis.

294 1222 354 1256 Vs.
374 1223 457 1257 131.
490 1220 681 1268 Vei-henas]
711 1222 939 1257 Eisenkraut.
1030 1226 1187 1258 Vescum-

192 1286 254 1322 que
275 1275 438 1319 papaver]
465 1275 501 1307 id
531 1281 602 1313 est,
638 1273 833 1318 insipidum
862 1280 1010 1319 propter
1033 1275 1184 1308 nimiam

191 1324 444 1360 humiditatem
463 1332 497 1358 et
512 1325 757 1369 frigiditatem.

295 1376 356 1411 Vs.
375 1377 458 1411 137.
486 1378 550 1411 Ille
565 1375 707 1424 comam]
733 1376 792 1410 llle
809 1390 887 1411 mos
912 1375 1027 1410 adhuc
1055 1376 1187 1410 mansit

191 1429 229 1462 in
246 1428 368 1469 Italia,
395 1436 433 1463 ut
450 1441 553 1473 saepe
574 1436 761 1462 vescantur
785 1428 923 1469 herbis,
952 1429 1041 1462 :ient
1062 1440 1187 1461 narra-

192 1487 251 1514 tur
270 1480 367 1514 iocus
386 1482 428 1513 de
444 1480 579 1524 pictore
597 1482 768 1526 quodam.
821 1479 851 1514 Is
868 1481 905 1513 in
923 1486 1055 1514 aestate
1071 1492 1188 1513 come-

193 1533 295 1565 derat
315 1529 444 1565 herbas
467 1533 562 1576 apud
585 1545 687 1565 suum
714 1532 902 1565 dominum
931 1532 969 1564 in
994 1530 1119 1571 ltalia,
1155 1538 1188 1564 et

194 1596 274 1616 cum
294 1582 442 1616 instaret
459 1581 604 1628 hyems,
631 1583 745 1616 voluit
760 1584 953 1617 discedere.
1008 1582 1188 1616 Dominus

193 1634 448 1677 interrogavit,
484 1634 571 1679 quid
594 1646 719 1667 causae
744 1632 912 1673 baberet,
948 1646 1010 1667 cur
1033 1635 1189 1668 discede-

192 1692 259 1719 ret.
313 1683 374 1718 llle
392 1686 597 1729 respondit,
625 1683 715 1717 nibil
732 1686 950 1725 admodum,
977 1687 1036 1718 scd
1060 1686 1188 1725 vereri,

194 1737 278 1782 quia
314 1748 378 1780 per
413 1742 580 1769 aestatem
618 1734 745 1769 herbas
781 1737 1017 1776 comedisset,
1070 1749 1115 1770 ne
1151 1737 1188 1769 in

192 1786 321 1833 hyeme
340 1788 483 1820 foenum
504 1789 607 1820 cdere
626 1794 824 1831 cogeretur.

297 1838 356 1872 Vs.
379 1838 462 1872 141.
492 1840 616 1883 Pinus]
646 1839 677 1871 id
699 1845 769 1878 est,
797 1851 904 1872 nuces
923 1839 1057 1883 pineas.

296 1890 356 1924 Vs.
377 1888 459 1923 145.
498 1892 711 1937 Eduramque
732 1890 862 1935 pirum]
892 1890 965 1923 Der
991 1889 1090 1924 nicbt
1113 1904 1189 1924 seer

195 1940 278 1975 bart
302 1942 356 1975 ist.
418 1941 505 1974 Tale
532 1948 603 1981 est,
637 1943 766 1986 eyele'clcc
796 1953 908 1987 aqua,
948 1942 982 1974 id
1009 1949 1078 1983 est,
1114 1955 1188 1975 non

194 1993 299 2025 valde
326 1992 452 2035 gelida.
572 1994 717 2037 Spinos]
747 1993 877 2037 Spinus
901 2006 1028 2036 genere
1053 2006 1188 2027 mascu-

195 2044 270 2076 lino
298 2042 432 2088 (inquit
457 2043 617 2089 Scrxius)
644 2045 818 2089 significat
850 2047 1015 2077 arborem
1053 2058 1188 2089 pruno-

195 2107 298 2133 rum,
331 2095 507 2138 pilaumen
528 2096 648 2128 baum.
701 2095 847 2141 Alioqui
876 2097 980 2139 vulgo
1005 2102 1190 2140 exponunt

605 2145 808 2181 st‘lilcdorn.

296 2196 356 2230 Vs.
379 2196 462 2230 146.
491 2198 689 2241 Plutamcm]
717 2204 768 2231 est
787 2198 895 2230 arbor
916 2197 1063 2242 proprie
1078 2198 1188 2231 Grae-

198 2260 256 2288 ca,
281 2247 429 2286 sterilis,
456 2247 580 2281 similis
598 2249 705 2282 tiliae.

298 2299 359 2332 Vs.
380 2297 463 2332 149.
488 2301 588 2332 Nunc
603 2301 677 2343 aye]
707 2298 773 2333 Iste
789 2305 840 2333 est
858 2299 955 2333 locus
979 2299 1189 2333 iucundissi-

196 2363 274 2383 mus
291 2349 396 2383 buius
412 2350 513 2390 libri,
542 2357 728 2393 propterca
749 2352 844 2395 quod
869 2351 1037 2384 describit
1061 2352 1190 2385 multas

194 2402 453 2445 proprietates,
495 2407 529 2433 ct
554 2408 593 2434 ut
627 2401 670 2432 ita
695 2402 832 2439 dicam,
868 2404 1040 2446 dynamcs
1069 2414 1189 2446 apum.

196 2453 263 2485 Sed
284 2453 438 2497 primum
458 2452 558 2484 addit
575 2452 749 2496 poeticam
766 2453 963 2495 picturam,
990 2454 1087 2499 quod
1108 2454 1189 2487 istas

196 2504 434 2547 proprietates
459 2510 493 2536 et
517 2505 610 2536 dona
637 2504 827 2535 donaverit
854 2504 901 2537 cis
920 2503 1071 2548 Iupiter,
1108 2517 1189 2548 pro-

196 2561 316 2599 pterca
336 2556 430 2599 quod
449 2567 525 2587 eam
544 2560 717 2599 paverant
735 2554 769 2586 in
793 2555 910 2588 Creta.

299 2604 359 2638 Vs.
378 2604 460 2639 151.
490 2602 664 2651 Curetum]
693 2606 809 2645 idest,
836 2606 1070 2640 Cretensium.
1104 2606 1190 2639 Cae-

195 2662 313 2689 terum
334 2656 480 2690 Curetes
497 2659 639 2690 suerunt
666 2657 853 2700 peculiaris
881 2658 1034 2701 populus
1052 2658 1191 2697 Cretae,

199 2713 234 2740 et
265 2707 352 2742 alias
382 2714 554 2741 vocantur
580 2707 677 2741 ldaei
702 2708 855 2753 dactyli,
897 2709 933 2741 id
958 2715 1025 2749 est,
1067 2709 1193 2741 berck-

197 2146 336 2190 spinnm
356 2159 419 2189 pro
437 2147 557 2179 :zcatiis
570 2172 577 2179 .

795 115 918 151 PHH..
952 114 1066 149 MEL.
1102 114 1306 149 SCRIPTA
1339 113 1676 149 PHILOLOGICA.

2167 115 2242 152 420

1238 197 1389 239 knecht,
1432 199 1515 244 quia
1549 199 1585 232 in
1610 199 1715 233 Creta
1749 198 1906 242 primum
1932 200 2128 243 patefactae
2157 208 2241 235 sunt

1239 263 1350 283 venae
1374 251 1478 284 aeris.
1536 249 1621 283 Ideo
1646 250 1752 284 etiam
1778 251 1918 294 fingunt
1945 257 2071 294 poetae
2090 252 2244 287 Curetas,

1238 301 1482 335 tintinnabula
1511 302 1734 345 pulsasse.“{=†1{
1788 300 2018 350 Crepitamia]
2046 303 2129 348 quia
2155 315 2239 349 apes

1239 364 1313 385 non
1329 353 1445 386 solum
1463 350 1597 386 habent
1621 352 1757 393 visum,
1792 354 1852 386 sed
1879 353 1987 386 etiam
2014 354 2178 388 auditum
2204 361 2240 389 et

1240 404 1430 444 olfactum,
1466 405 1563 449 quod
1588 403 1671 436 inde
1702 403 1943 438 animadverti
1973 411 2109 449 potest,
2153 405 2239 451 quia

1240 455 1412 488 odoribus
1445 455 1652 488 aromaticis
1686 455 1902 499 eplasiorum
1931 462 2013 490 sunt
2036 456 2239 490 inimicissi-

1238 517 1339 545 mae,
1366 507 1447 539 dem
1466 504 1817 550 apoteckergeruch,
1843 513 1878 540 et
1902 508 2048 553 qnando
2075 507 2240 542 incidunt

1239 556 1276 589 in
1295 557 1430 591 olentes
1457 558 1633 601 graviter,
1668 564 1754 590 tunc
1778 558 1950 589 acerrime
1979 569 2038 591 eos
2055 563 2238 602 pungunt3

1238 609 1398 642 fortassis
1423 609 1532 641 etiam
1558 614 1699 650 gustum
1725 605 1876 647 habent,
1918 607 2001 653 quia
2030 620 2107 642 non
2141 608 2240 642 colli—

1239 665 1327 702 gunt
1345 671 1488 692 succum
1507 657 1643 697 mellis,
1671 657 1738 691 nisi
1765 669 1806 690 ex
1823 659 2032 693 suavissime
2060 660 2239 694 olentibus

1239 708 1370 743 herbis.

1342 759 1402 794 Vs.
1421 758 1505 795 152.
1533 763 1644 796 Antra
1662 758 1822 808 Dictaeo]
1850 761 1887 794 id
1914 768 1984 801 est,
2013 761 2051 795 in
2070 761 2187 796 Creta.

1341 811 1402 845 Vs.
1424 811 1507 846 153.
1535 811 1654 860 Solae]
1684 813 1720 846 id
1746 820 1816 853 est,
1851 812 1987 857 Iupiter
2013 813 2158 846 ornavit
2181 824 2239 847 eas

1239 862 1414 896 industria
1432 863 1604 907 singulari
1618 864 2129 908 praecaeterisanimantibus,
2149 863 2240 898 sicut

1238 914 1352 947 multa
1369 915 1538 947 animalia
1565 917 1741 960 quaedam
1767 916 1960 960 peculiaria
1982 914 2127 950 habent.
2180 915 2240 949 Pi-

1240 977 1299 999 cus
1318 971 1367 998 est
1384 965 1504 1010 imago
1522 966 1653 1010 ingrati
1671 967 1812 1008 mariti,
1841 968 1923 1013 quia
1942 968 2006 1002 sub
2025 974 2239 1002 autumnum

1240 1017 1335 1049 eiicit
1354 1017 1540 1061 coniugem
1554 1045 1563 1058 ,
1591 1030 1636 1051 ne
1655 1025 1804 1062 cogatur
1824 1031 1888 1063 per
1902 1017 2068 1064 hyemem
2087 1018 2240 1059 nutrire,

1240 1073 1360 1112 postea
1380 1067 1416 1100 in
1435 1081 1517 1102 vere
1534 1070 1662 1114 recipit
1678 1072 1723 1103 ad
1741 1082 1789 1104 se.
1842 1069 1929 1103 Item
1952 1069 2020 1104 hoc
2044 1070 2151 1104 etiam
2177 1070 2240 1103 ob-

1239 1120 1457 1153 servandum
1478 1126 1529 1154 est
1542 1147 1551 1160 ,
1580 1122 1678 1166 quod
1695 1120 1834 1165 apicula
1853 1128 1970 1166 potest
1987 1122 2109 1155 vivere
2125 1133 2239 1167 usque

1240 1171 1284 1203 ad
1303 1170 1481 1204 decimum
1502 1184 1659 1213 annum,
1691 1173 1904 1216 regulariter
1926 1185 1986 1207 sex
2013 1185 2140 1207 annos.
2194 1171 2240 1206 Et

1239 1222 1379 1256 nullum
1398 1222 1571 1256 insectum
1591 1225 1731 1257 tamdiu
1748 1225 1866 1259 durat.

1339 1272 1401 1305 Vs.
1422 1273 1505 1306 154.
1537 1276 1687 1319 Habent]
1719 1275 1755 1308 id
1783 1282 1854 1316 est,
1888 1273 2022 1309 habent
2043 1274 2240 1320 imaginem

1241 1322 1354 1356 civilis
1373 1323 1479 1358 vitae.
1573 1321 1742 1370 [Maynis]
1772 1323 1808 1356 id
1827 1329 1898 1363 est,
1924 1327 2171 1363 naturalibus,
2191 1326 2243 1355 sie

1240 1373 1363 1408 halten
1383 1372 1460 1408 ihre
1477 1375 1581 1418 leges.
1635 1374 1853 1407 Hominibus
1869 1373 1977 1407 etiam
1998 1380 2051 1407 est
2066 1373 2240 1418 impressa

1241 1427 1317 1467 lex,
1343 1427 1403 1459 sed
1421 1427 1481 1459 illa
1501 1432 1553 1460 est
1569 1426 1753 1469 corruptio
1773 1423 1983 1465 hominum,
2017 1431 2056 1458 ut
2077 1437 2152 1458 non
2178 1425 2241 1457 ob-

1242 1484 1443 1521 temperent
1459 1477 1527 1520 legi
1545 1483 1709 1510 naturae.
1750 1477 1902 1523 Reliqua
1921 1476 2118 1510 animantia
2134 1477 2240 1510 bruta
2265 1484 2268 1487 ’

1243 1529 1363 1562 omnia
1383 1530 1635 1572 obtemperant
1653 1528 1787 1571 legibus
1806 1535 1968 1563 naturae.

1344 1579 1405 1615 Vs.
1425 1579 1509 1614 156.
1559 1581 1805 1627 Venturaeque]
1839 1580 1874 1613 id
1903 1586 1973 1620 est,
2008 1585 2092 1614 sunt
2119 1578 2241 1624 provi-

1243 1634 1378 1666 dentes.

1343 1683 1403 1716 Vs.
1427 1682 1509 1717 158.
1555 1685 1669 1728 Viciu]
1704 1684 1741 1716 id
1768 1689 1838 1723 est,
1879 1682 2000 1716 victui.
2053 1680 2240 1716 *Describit

1243 1736 1312 1767 iam
1348 1735 1592 1768 diversitatem
1627 1747 1798 1779 opernm,
1841 1735 1933 1768 aliae
1961 1733 2095 1767 faciunt
2121 1732 2241 1772 mella,

1244 1787 1335 1819 aliae
1352 1784 1534 1819 advebunt
1552 1800 1693 1821 succum
1707 1814 1715 1825 ,
1744 1786 1833 1819 aliae
1852 1786 2016 1819 excubias
2032 1790 2155 1830 agunt.

1344 1838 1404 1871 Vs.
1427 1836 1511 1872 159.
1536 1835 1643 1885 Pars]
1670 1838 1738 1871 Ein
1765 1838 1835 1882 teyl
1859 1838 1968 1882 flcugt
1994 1849 2068 1870 aus.
2120 1835 2241 1869 Iunio-

1244 1901 1299 1922 rcs
1330 1890 1494 1931 evolant,
1538 1891 1733 1924 adultiores
1766 1895 1913 1922 manent
1943 1889 1980 1921 in
2014 1886 2114 1920 tectis
2143 1886 2240 1920 iuxta

1243 1941 1479 1982 versiculum,
1507 1941 1598 1990 ἔργα
1614 1944 1710 1976 νεῶν
1728 1947 1812 1979 etc„
1848 1940 1884 1973 id
1903 1945 1972 1978 est,
2007 1939 2154 1972 iuvenes
2182 1938 2241 1970 de-

1242 1992 1328 2024 bent
1352 1992 1536 2029 laborare,
1573 2002 1646 2023 esse
1672 1993 1709 2020 in
1733 1988 1852 2031 operis
1878 1987 2048 2027 militiae,
2084 1988 2243 2021 seniores

1244 2042 1375 2073 debent
1398 2041 1496 2073 domi
1525 2042 1647 2074 sedere
1672 2040 1715 2071 ad
1748 2038 2012 2081 gubernacula,
2055 2049 2179 2082 regere
2207 2043 2242 2070 et

1243 2094 1445 2136 gubernare
1463 2091 1623 2125 consilia.
1712 2088 1820 2137 Pars]
1844 2090 1880 2122 id
1896 2096 1967 2129 est,
1995 2088 2216 2133 grandiores.

1347 2143 1407 2177 Vs.
1431 2143 1513 2176 160.
1541 2143 1787 2186 Laclarymam]
1808 2143 1843 2175 id
1862 2147 1932 2182 est,
1958 2140 2150 2186 liquorem.
2177 2139 2242 2173 Est

1243 2196 1414 2228 usitatum
1449 2195 1663 2227 vocabulum
1697 2194 1866 2233 medicis,
1909 2204 2130 2238 quamquam
2158 2196 2242 2225 sunt

1244 2245 1449 2280 discrimina
1468 2245 1561 2277 inter
1579 2243 1801 2289 lachrymam
1823 2251 1856 2278 et
1868 2256 2024 2278 succum.
2100 2242 2241 2286 Gluten]

1244 2299 1279 2330 id
1305 2303 1374 2337 est,
1403 2297 1593 2339 glutinum.
1652 2297 1748 2340 Apes
1773 2293 1978 2330 convehunt
2002 2290 2135 2339 partim
2164 2304 2241 2327 suc-

1245 2362 1322 2382 cum
1356 2360 1396 2380 ex
1426 2348 1573 2382 floribus
1599 2346 1786 2388 haustum,
1829 2347 1962 2393 partim
1996 2345 2133 2390 gummi
2169 2344 2241 2377 col-

1244 2401 1373 2432 lectum
1406 2412 1447 2432 ex
1480 2400 1689 2439 arboribus,
1732 2405 1766 2432 et
1788 2411 1829 2432 ex
1854 2399 1916 2431 illo
1945 2397 2081 2442 gummi
2104 2395 2240 2429 faciunt

1244 2451 1418 2495 glutinum
1439 2458 1471 2483 ct
1490 2464 1628 2491 caeras,
1655 2464 1696 2484 ex
1713 2463 1818 2484 succo
1834 2450 1954 2483 mella.

1347 2502 1406 2536 Vs.
1428 2503 1512 2537 163.
1554 2505 1708 2537 Educunt
1725 2502 1851 2545 foelus]
1892 2501 1928 2533 id
1954 2505 2023 2539 est,
2067 2498 2240 2532 incubant

1244 2554 1459 2588 vermiculis.
1512 2554 1653 2597 Legunt
1671 2554 1850 2599 quendam
1880 2553 2016 2584 bonum
2046 2556 2080 2583 et
2105 2561 2237 2593 purum

1242 2618 1383 2645 rorem,
1425 2605 1634 2649 praesertim
1666 2605 1701 2638 in
1736 2605 1832 2636 oleae
1855 2603 1948 2636 soliis
1973 2602 2073 2635 illum
2102 2601 2237 2644 impor-

1242 2663 1339 2697 tant,
1367 2663 1401 2689 et
1421 2657 1471 2689 illi
1490 2657 1673 2690 incubant.
1711 2654 1797 2687 Inde
1813 2660 1934 2699 postea
1954 2654 1992 2686 fit
2010 2651 2238 2691 vermiculus,

1243 2709 1299 2742 cui
1316 2710 1487 2742 accedunt
1504 2709 1600 2749 alae,
1628 2713 1663 2740 et
1680 2707 1825 2753 quando
1851 2718 1912 2739 rex
1941 2704 2085 2750 pccdits
2110 2715 2153 2737 eu
2172 2713 2236 2735 an-
