2341 2973
216 130 291 164 383

217 216 317 249 nium
345 227 361 246 a
389 212 566 245 viriditate
591 222 724 243 nomen
747 208 872 250 habet,
908 210 988 255 quia
1019 216 1068 242 est
1092 210 1205 243 viride

217 263 394 300 nonnihil.

319 315 378 347 Vs.
400 314 482 347 133.
511 310 697 359 Labentia]
726 313 781 345 die
800 312 927 344 bletter
945 309 1069 343 steben
1084 311 1161 344 sest.

320 366 380 398 Vs.
407 364 491 398 135.
536 366 604 399 Ora
631 361 762 410 fovent]
798 363 831 395 id
861 368 929 400 est,
972 364 1082 395 odore
1109 362 1205 394 Medi

217 419 355 463 pellunt
378 428 536 455 venena,
570 413 840 458 Theophrastus
863 413 998 456 inquit,
1034 425 1133 445 senes
1160 412 1204 443 ali

217 583 383 614 magnam
415 569 504 607 vim,
546 567 635 600 sicut
659 563 745 598 mihi
771 565 855 598 civis
880 564 1025 609 quidam
1049 564 1205 598 Norber—

218 621 332 666 gensis
350 621 415 652 tria
435 630 540 663 poma
559 617 685 649 citrina
713 616 828 655 misit,
865 622 898 647 et
922 621 1019 647 tanta
1041 621 1117 647 erat
1141 615 1205 654 vis,

796 125 917 159 PHIL.
952 123 1065 159 MEL.
1098 123 1299 158 SCRIPTA
1331 122 1665 158 PHILOLOGICA.

1230 285 1234 333 ς

1230 335 1234 418 ἱ

1230 419 1234 472 ¹.

217 679 257 706 ut
288 683 361 704 non
391 682 526 715 possem
559 669 652 700 ferre
685 668 832 699 odorem
863 667 902 698 in
925 678 1004 698 meo
1030 666 1204 699 cubiculo.
1230 683 1233 699 z

216 723 361 756 Debetis
403 733 485 763 ergo
526 719 714 763 praecipue
752 719 940 750 observare
977 717 1013 749 in
1048 718 1233 750 secundo.

216 775 308 807 libro
327 772 600 815 descriptionem
620 770 718 813 pomi
739 768 869 801 citrini.

320 831 379 864 Vs.
400 829 482 864 136.
511 830 579 863 Sed
595 827 711 873 neque]
741 825 866 860 Inserit
889 825 1126 868 egressionem
1147 825 1206 857 de-

215 883 415 918 lectationis
435 887 468 913 et
487 880 638 912 ornandi
657 890 773 911 causa.
825 876 992 909 Continet
1012 882 1129 909 autem
1149 874 1206 908 hie

215 937 314 969 locus
343 932 542 965 encomium
574 929 716 967 Italiae,
771 941 878 974 quam
909 933 1014 970 poeta
1050 927 1207 970 praefert

217 985 382 1020 omnibus
407 983 484 1016 aliis
510 981 726 1024 regionibus.
779 979 825 1011 Et
839 979 976 1011 Plinius
1001 978 1105 1010 etiam
1131 978 1206 1010 lau-

216 1040 278 1071 dat
304 1034 440 1068 Italian·
468 1040 501 1065 et
526 1032 718 1064 littoralem
742 1029 951 1074 Hispaniam
980 1041 1065 1073 prae
1091 1029 1205 1061 omni—

214 1090 280 1122 bus
294 1086 499 1128 regionibus
517 1083 592 1115 noti
611 1082 716 1114 orbis.
760 1080 807 1113 Et
825 1081 985 1113 existimo
1006 1081 1040 1111 in
1059 1078 1203 1122 Europa

214 1138 303 1173 nibil
329 1149 402 1169 esse
427 1134 663 1179 praestantius
688 1132 802 1165 ltalia.
866 1131 933 1164 Sed
959 1137 1079 1163 tamen
1102 1130 1204 1174 Syria

215 1198 286 1223 tam
314 1193 496 1232 praestans
512 1185 596 1223 suit,
632 1184 704 1215 imo
734 1183 993 1227 praestantior,
1030 1182 1113 1227 quia
1144 1180 1205 1214 ha-

212 1241 290 1275 buit
309 1239 450 1277 omnia,
478 1248 570 1282 quae
591 1233 697 1268 habet
715 1232 835 1273 ltalia,
870 1240 904 1266 et
925 1231 1032 1266 habet
1059 1234 1204 1271 fructus,

214 1304 303 1338 quos
328 1289 426 1322 ltalia
464 1300 537 1320 non
568 1285 686 1319 habet.
757 1285 872 1318 Habet
906 1285 1000 1317 enim
1033 1285 1204 1329 dactylos,

213 1344 297 1377 item
315 1341 534 1377 balsamum,
564 1350 635 1382 quo
646 1336 692 1382 30)
710 1335 808 1368 ltalia
833 1342 939 1369 caret.

315 1392 375 1425 Vs.
402 1391 484 1424 137.
514 1389 662 1432 Ganyes]
691 1387 842 1420 Flumen
861 1386 1034 1421 Indicum.

213 1442 302 1491 mus]
330 1443 483 1475 Flumen
507 1441 623 1474 Asiae.

315 1494 376 1527 Vs.
411 1493 494 1527 138.
548 1492 722 1525 Laudibus
757 1489 890 1534 Italiae]

211 1546 371 1582 structio.

313 1604 373 1637 Vs.
394 1603 476 1636 139.
506 1599 701 1647 Panchaia]
732 1601 764 1632 id
788 1607 856 1640 est,
883 1599 1028 1632 Arabia.
1110 1600 1202 1632 Thu·

210 1656 329 1699 risere's
352 1655 483 1697 arenis]
514 1654 547 1685 id
574 1660 645 1692 est,
680 1652 739 1684 ubi
765 1658 816 1684 est
840 1649 940 1687 thus,
977 1663 1066 1694 quae
1095 1649 1201 1682 habet

211 1707 347 1743 solum,
376 1706 411 1737 in
430 1718 500 1750 quo
520 1710 713 1736 nascuntur
734 1703 878 1734 arbores
902 1701 1082 1743 gignentes
1108 1699 1199 1733 thus.

210 1755 358 1803 Arem’s]
390 1756 422 1787 id
441 1761 502 1793 est,
531 1755 619 1787 sole.
665 1751 764 1785 Thus
783 1759 832 1785 est
851 1752 969 1796 liquor
986 1764 1045 1783 seu
1065 1751 1199 1793 gummi

211 1808 391 1841 destillans
417 1818 458 1839 ex
478 1805 684 1843 arboribus,
717 1810 749 1835 et
776 1810 825 1836 est
848 1802 1037 1846 gratissimi
1068 1802 1199 1835 odoris.

211 1859 316 1903 Quod
342 1870 407 1890 nos
433 1856 623 1895 babemus,
652 1855 768 1899 potius
795 1854 956 1887 existimo
984 1866 1056 1886 esse

210 1922 296 1942 num
316 1922 420 1954 quam
445 1906 536 1940 tinus.

312 1967 371 2001 Vs.
394 1967 474 2001 140.
502 1969 592 2001 Haec
611 1963 700 2012 loca]
731 1966 764 1997 id
785 1971 831 1998 est
845 1991 854 2004 ,
882 1964 980 1997 ltalia
1000 1977 1072 1996 non
1093 1962 1200 1996 babet

210 2026 369 2052 monstra
390 2030 503 2062 neque
531 2025 603 2050 tam
629 2018 738 2049 multa
768 2028 902 2048 venena
929 2016 1017 2048 sieut
1042 2015 1198 2059 reliquae

210 2070 383 2113 regiones.
437 2070 536 2101 Aliae
553 2068 716 2111 regiones
735 2067 870 2101 etiamsi
889 2065 1020 2100 babent
1046 2066 1199 2109 insignes

210 2120 558 2158 commendationes,
587 2126 706 2152 tamen
728 2117 827 2151 Italia
856 2117 923 2151 hoe
946 2117 1093 2150 nomine
1122 2117 1198 2149 vin-

210 2172 276 2210 cit,
305 2172 399 2216 quod
418 2183 489 2202 non
509 2169 612 2202 babet
629 2176 820 2203 venenatas
840 2169 979 2203 bestias.
1048 2170 1198 2210 Spircm-

209 2222 272 2267 tes]
314 2223 403 2255 sicut
447 2222 481 2253 iu
520 2219 694 2255 Colchica.
767 2220 826 2253 llla
873 2227 955 2254 sunt
994 2231 1035 2252 ex
1071 2221 1198 2253 sabulis

208 2279 363 2317 sumpta.

312 2332 371 2365 Vs.
394 2331 475 2365 141.
501 2331 668 2364 Dentibus
686 2332 802 2375 hydri]
832 2332 986 2375 Quando
1013 2332 1120 2364 semel
1147 2339 1196 2364 est

209 2384 298 2416 sacta
324 2383 473 2415 mutatio
501 2393 713 2423 regnorum,
743 2389 824 2414 tuuc
849 2383 1057 2427 plerumque
1083 2382 1197 2415 oritur

208 2434 353 2468 seditio:
383 2433 441 2466 ubi
461 2432 618 2466 seditiosi
638 2431 729 2464 inter
754 2446 788 2464 se
811 2433 1038 2472 dimicantes,
1067 2434 1198 2466 mutuis

209 2491 359 2527 pereunt
379 2483 602 2522 vulneribus,
630 2488 669 2514 ut
692 2484 835 2526 quando
862 2483 1064 2517 interfectus
1091 2490 1142 2517 est
1159 2484 1196 2518 C.

209 2535 358 2573 Caesar,
388 2541 482 2566 mota
503 2540 553 2566 ost
570 2533 709 2571 seditio,
738 2534 795 2564 ubi
817 2534 1009 2576 perierunt,
1039 2536 1099 2579 qui
1120 2548 1195 2567 mo-

516 2583 602 2616 llem
641 2590 783 2615 mortuo
821 2584 1022 2617 Alexandro
1060 2585 1193 2629 Magno

940 1489 1075 1522 Graeca
1119 1500 1202 1520 eon-

1080 1854 1199 1897 galba-

209 2592 334 2617 verant
365 2598 454 2617 mun.

241 2721 290 2748 30)
311 2722 376 2751 quo]
400 2721 440 2744 sic
459 2721 575 2751 seruum
609 2721 657 2745 Ed.
675 2721 747 2745 1511.
786 2721 844 2744 nod.

1231 1046 1234 1133 l

1112 1387 1203 1419 Her·
1228 1383 1231 1398 ³

2176 123 2250 158 384

1260 209 1437 253 principes
1453 208 1546 241 inter
1563 221 1599 241 se
1618 208 1808 241 conflictati
1824 214 1918 248 sunt,
1944 201 1977 240 et
1992 220 2105 252 paene
2122 219 2246 242 omnes

1260 260 1434 292 interfecti
1470 265 1611 301 praeter
1646 271 1755 292 unum
1793 265 1899 304 atque
1934 260 2096 293 alterum.
2169 259 2247 292 Hoc

1231 350 1234 356 ,
1257 311 1492 353 significatum
1519 316 1569 342 est
1598 309 1661 342 ista
1687 310 1819 343 sabula.

1359 359 1420 392 Vs.
1447 359 1530 394 142.
1573 362 1674 403 Seyes
1698 359 1851 407 horruit]
1887 360 1922 392 id
1947 366 2016 399 est,
2051 371 2118 393 nee
2146 359 2248 392 ltalIa

1259 410 1379 453 genuit
1406 417 1563 443 armatos
1589 411 1704 450 viros,
1746 411 1835 445 sicut
1859 409 2032 443 Thebana
2058 410 2178 453 regio,
2211 410 2248 443 id

218 470 279 502 illo
307 469 435 505 odore3
479 472 513 499 et
538 464 625 498 mihi
656 477 729 497 non
763 464 909 496 dubium
937 469 1007 501 est,
1044 463 1131 507 quin
1168 463 1204 494 in
1230 473 1233 498 j
1258 468 1327 499 est,
1357 461 1431 504 ipsa
1452 468 1543 493 terra
1577 468 1627 493 est
1651 461 1797 500 cultior,
1832 473 1897 493 nec
1923 459 2030 493 habet
2053 461 2146 494 seras
2174 467 2247 493 tam

218 520 292 554 istis
312 519 418 558 locis,
449 518 508 551 ubi
535 516 657 549 erescit
681 527 827 558 pomum
856 513 1043 553 cin-inum,
1077 511 1205 546 habeat
1230 520 1233 541 ὲ

1482 511 1567 544 Item
1593 511 1669 555 ipsa
1694 512 1835 555 ingenia
1859 518 1942 544 sunt
1970 511 2114 544 mitiora
2140 522 2248 556 quam

1987 563 2079 596 Nam
2104 562 2247 606 ingenia

1259 512 1428 545 crudeles.

1259 565 1292 595 in
1315 563 1390 595 aliis
1409 563 1514 602 loeis,
1543 563 1576 595 id
1599 564 1693 607 quod
1716 574 1836 595 verum
1865 569 1926 596 ost.

1258 614 1477 658 respondent
1491 615 1628 646 naturis
1645 614 1817 646 locorum.

1360 663 1522 697 Ys.143.
1555 661 1701 711 Humor]
1740 664 1774 695 id
1798 670 1868 704 est,
1901 663 2022 696 vinum
2050 676 2069 696 a
2093 664 2245 698 Massico

1259 722 1392 748 monte.

1362 765 1419 800 Vs.
1441 764 1523 799 145.
1558 766 1710 799 Belicam·
1725 763 1845 812 equus]
1872 763 1971 797 Italia
1989 762 2097 798 habet
2115 765 2246 798 arduos

1259 823 1293 849 et
1318 817 1427 850 celsos
1453 829 1581 861 equos,
1616 816 1824 860 praesertim
1851 816 1908 848 illa
1933 815 2110 859 posterior
2132 814 2247 856 Italia,

1258 874 1297 900 ut
1314 868 1523 912 Campania.

1360 918 1419 952 Vs.
1440 917 1523 952 146.
1551 920 1642 951 Ilinc
1655 915 1738 964 albi]
1767 915 1996 961 Apostrophe
2012 918 2057 950 ad
2073 922 2246 950 montem.

1361 969 1421 1002 Vs.
1445 969 1527 1002 149.
1562 971 1626 1002 Ver
1643 964 1834 1014 assiduum]
1859 968 1893 1000 id
1913 974 1982 1008 est,
2006 974 2246 1012 temperatum

1260 1032 1339 1059 ver,
1367 1032 1441 1052 non
1460 1021 1507 1051 ita
1525 1017 1661 1052 babens
1676 1032 1798 1052 saevas
1817 1018 1972 1063 hyemes.

1360 1070 1420 1104 Vs.
1444 1068 1530 1103 151.
1578 1071 1712 1113 Tigres]
1747 1070 1782 1102 id
1805 1077 1873 1110 est,
1909 1069 2008 1102 ltalia
2036 1082 2110 1103 non
2138 1067 2247 1103 hahet

1258 1133 1380 1154 saevas
1404 1121 1531 1154 bestias
1559 1121 1647 1153 sicut
1669 1121 1874 1154 Germania.
1934 1121 2026 1155 Nam
2050 1118 2157 1154 habet
2184 1121 2246 1153 ad-

1258 1174 1404 1205 modum
1425 1185 1550 1217 parum
1569 1172 1708 1204 veneni.
1762 1170 1812 1203 lta
1835 1171 1862 1204 si
1889 1183 1979 1216 quae
2001 1177 2084 1204 sunt
2107 1182 2246 1203 venena

1259 1223 1294 1255 in
1321 1222 1442 1263 Italia,
1474 1236 1547 1256 non
1573 1229 1693 1255 tamen
1719 1223 1765 1254 ita
1789 1229 1871 1256 sunt
1894 1222 2008 1261 acria,
2039 1227 2080 1255 ut
2103 1221 2139 1253 in
2167 1221 2246 1254 aliis

1257 1275 1342 1309 locis
1359 1275 1598 1308 calidioribus,

1359 1326 1418 1360 Vs.
1441 1325 1525 1361 152.
1547 1323 1711 1372 Ananim]
1728 1324 1982 1364 &voum-unz,
2009 1323 2106 1369 quia,
2132 1335 2246 1369 quan-

1257 1379 1301 1409 do
1318 1378 1391 1421 lupi
1410 1383 1613 1415 vescuntur,
1640 1382 1725 1407 tune
1740 1377 1956 1408 moriuntur.
2009 1374 2121 1407 Necat
2137 1374 2246 1407 etiam

1228 1426 1230 1436 '
1256 1426 1452 1468 bominem,
1480 1428 1546 1461 nisi
1567 1427 1725 1459 inveniat
1741 1426 1836 1459 aliud
1855 1436 2045 1464 venenum,
2073 1437 2152 1458 eum
2173 1436 2244 1469 quo

1227 1477 1230 1491 ἶ
1256 1480 1409 1512 dimicet.

1476 1481 1575 1512 Adeo
1607 1477 1777 1524 mirabilis
1804 1483 1932 1509 natura
1955 1482 2006 1510 est
2033 1474 2139 1509 huius
2163 1473 2244 1508 her-

1254 1531 1341 1569 bae,
1385 1530 1464 1561 vide
1492 1529 1646 1562 Plinium
1672 1528 1762 1561 libro
1777 1529 1838 1562 27.
1869 1540 1944 1572 cap.
1960 1529 1996 1562 2.
2023 1528 2055 1561 A
2082 1538 2170 1571 rupe
2195 1526 2245 1560 sic

1255 1581 1393 1614 dicitur.

1358 1631 1415 1666 Vs,
1441 1631 1524 1666 153.
1564 1634 1746 1665 Immensos
1769 1628 1882 1677 orbes]
1918 1629 1954 1662 id
1978 1634 2049 1669 est,
2091 1629 2244 1673 aspidas.
2281 1647 2284 1650 ·

1254 1682 1351 1715 Sicut
1370 1690 1462 1715 certe
1483 1683 1595 1715 nostri
1621 1683 1726 1714 etiam
1755 1687 1934 1725 serpentes
1957 1686 2041 1714 sunt
2065 1680 2244 1721 venenati,

1254 1734 1287 1765 id
1313 1735 1408 1778 quod
1436 1733 1652 1777 experientia
1680 1738 1839 1766 testatur.
1901 1731 1969 1765 Sed
1992 1737 2113 1764 tamen
2137 1743 2243 1765 vene-

1255 1798 1339 1817 num
1363 1797 1435 1817 non
1462 1786 1507 1817 ita
1537 1791 1587 1818 est
1612 1785 1754 1823 efficax,
1792 1783 1879 1828 quin
1903 1782 2021 1816 curari
2042 1782 2172 1827 possit,
2212 1783 2242 1817 si

1253 1835 1370 1868 statim
1391 1834 1602 1868 adhibeatur
1618 1835 1828 1868 remedium.

1355 1886 1415 1920 Υε.
1436 1886 1518 1921 155.
1546 1889 1640 1921 Adde
1652 1886 1712 1930 iot]
1741 1886 1773 1917 id
1792 1892 1860 1924 est,
1888 1884 1984 1918 nulla
2006 1883 2105 1928 regio
2121 1890 2172 1918 est
2191 1884 2240 1918 ita

1254 1945 1378 1970 ornata
1405 1939 1551 1971 urbibus
1577 1945 1614 1971 ut
1638 1937 1749 1970 Italia.
1816 1935 1901 1969 Item
1927 1942 1978 1969 est
1999 1933 2240 1980 pulcherrima

1254 1989 1460 2032 peninsula,
1489 1996 1521 2022 et
1539 1987 1645 2022 habet
1665 1989 1813 2031 figuram
1840 1987 1937 2031 pedis
1962 1985 2122 2021 humani.
2177 1986 2239 2020 Illa

1255 2040 1367 2083 prima
1387 2053 1486 2084 pars,
1515 2040 1645 2074 scilicet
1660 2040 1788 2078 femur,
1815 2044 1866 2072 est
1880 2038 2047 2082 amplior,
2074 2038 2240 2072 videlicet

1254 2091 1310 2123 illa
1336 2104 1418 2135 pars
1440 2091 1580 2131 Italiae,
1618 2103 1709 2135 quae
1740 2096 1791 2123 est
1826 2090 1976 2134 propior
1999 2089 2170 2134 Alpibus,
2205 2095 2239 2123 et

1253 2142 1382 2176 dicitur
1407 2142 1679 2186 Longobnrdia,
1722 2147 1843 2185 postea
1875 2153 1997 2174 rursus
2021 2147 2238 2181 attenuatur,

1253 2200 1286 2225 et
1320 2194 1446 2226 deinde
1484 2193 1611 2226 iterum
1650 2194 1686 2225 fit
1719 2192 1891 2236 amplior,
1934 2192 2076 2225 tandem
2108 2192 2238 2226 rarior.

1253 2245 1407 2288 Quidam
1425 2244 1529 2276 etiam
1547 2244 1711 2277 dixerunt
1729 2242 1860 2276 habere
1876 2244 2025 2286 figuram
2043 2244 2172 2289 querni
2186 2243 2239 2276 so-

1252 2296 1301 2329 lii.
1354 2295 1456 2328 Scitis
1474 2297 1515 2327 ad
1533 2295 1638 2339 Alpes
1657 2307 1729 2328 esse
1751 2295 2015 2334 continentem,
2041 2300 2163 2338 postea
2187 2300 2239 2327 est

1252 2346 1352 2391 quasi
1372 2344 1613 2379 Chersonesus
1625 2373 1632 2385 ‚
1662 2353 1696 2379 et
1713 2346 1858 2379 alluitur
1876 2358 1918 2378 ex
1934 2357 2004 2379 una
2021 2351 2121 2389 parte
2144 2344 2238 2378 mari

1250 2396 1434 2430 Adriatico
1462 2410 1521 2430 seu
1557 2410 1707 2441 supero,
1749 2397 1912 2430 videlicet
1946 2397 2043 2442 quod
2066 2401 2116 2429 est
2143 2396 2237 2429 inter

1251 2448 1437 2480 Graeciam
1465 2455 1498 2480 ot
1522 2447 1671 2482 ltaliam.
1739 2447 1791 2481 Ex
1822 2448 1930 2480 altera
1965 2453 2066 2490 parte
2091 2446 2237 2480 alluitur

1252 2498 1341 2530 mari
1361 2499 1473 2531 insero
1487 2526 1496 2537 ,
1525 2500 1618 2544 quod
1639 2505 1689 2532 est
1705 2499 1797 2531 inter
1811 2497 1949 2531 Italiam
1966 2504 2000 2530 et
2012 2497 2236 2541 Hispaniam,

1251 2555 1284 2581 et
1309 2556 1456 2582 vocatur
1483 2548 1733 2594 Tyrrhenum,
1767 2550 1850 2594 quia
1878 2548 2033 2592 primum
2059 2547 2236 2581 dominati

1249 2605 1331 2632 sunt
1351 2601 1385 2631 in
1406 2600 1502 2633 ltalia
1523 2599 1721 2645 Tyrrheni,
1749 2607 1782 2633 et
1806 2600 1996 2632 maximam
2022 2605 2159 2644 partem
2185 2606 2235 2633 te-

1249 2659 1414 2685 nuerunt.
1482 2650 1566 2683 lude
1601 2652 1704 2684 etiam
1731 2651 1893 2684 existimo
1920 2651 2132 2684 vocabulum
2163 2653 2234 2694 Ty-

1247 2713 1378 2734 rannus
1402 2702 1568 2735 derivari.
