2421 3005
74 104 147 140 361
555 94 776 132 LXXXVIII.

830 91 1117 131 ENARRATIO
1151 91 1437 127 GEORGICON
1471 88 1681 125 VIRGILII.

2067 92 2143 128 362

76 198 236 242 Odyssea
254 193 392 239 aliquid
408 200 591 238 sumptum
610 198 680 230 est;
708 198 830 225 utrum
848 202 933 224 vero
953 202 1019 235 par
1038 189 1084 223 sit
1107 187 1114 209 ἵ
1138 189 1229 223 siodi
1271 190 1366 222 enim
1411 187 1601 222 consilium
1636 185 1703 218 suit
1746 198 1818 218 non
1863 193 2055 232 praecipue
2099 188 2142 220 de

78 248 235 282 eiusdem
252 252 380 291 poetae
399 246 568 285 facultas,
596 244 681 276 nolo
701 243 952 288 pronuntiare.
988 242 1083 276 Nota
1110 252 1113 287 ξ
1138 242 1381 285 agricultura,
1417 241 1479 274 sed
1506 241 1549 272 de
1580 238 1743 271 moribus
1778 238 1951 279 scribere,

2008 239 2144 272 addens

78 305 130 334 est
151 297 327 334 sententia
347 296 564 342 Quintiliani
578 294 646 339 ¹¹²),
675 307 784 341 quam
809 296 915 328 credo
935 293 1086 327 alicuius
1110 289 1114 319 l
1139 294 1262 326 brevia
1283 293 1461 339 quaedam
1481 296 1673 336 praecepta
1693 289 1746 322 rei
1766 290 1983 324 domesticae
2000 317 2009 331 ,
2037 291 2145 335 signi-

78 350 209 385 vetusti
233 349 370 383 autoris
398 361 490 389 esse,
533 347 745 380 Inferioreni
780 359 854 380 esse
879 345 1087 391 Virgilium,

78 404 141 437 sed
167 403 215 436 ita
246 408 384 441 tamen,
411 406 452 434 ut
478 400 597 444 primo
622 399 665 433 sit
691 399 863 443 propior,
891 409 998 443 quam
1019 403 1087 430 ter-

81 454 143 489 tio.
196 454 248 487 Ac
272 453 433 497 profecto
457 452 560 485 facile
589 451 727 484 excellit
752 450 932 483 Homerus
963 461 1088 482 omnes

80 506 190 546 alios,
219 511 294 538 tum
310 504 468 537 Graecos
479 510 497 544 ‚²
525 510 599 537 tum
620 502 781 535 Latinos.
835 501 1010 545 Superior
1027 512 1089 533 au-

53 565 153 596 ·tem
196 556 354 590 Hesiodo
388 555 561 599 Virgilius
597 554 700 587 facile
731 566 804 587 esse
834 553 964 597 potuit.
1019 551 1090 585 He-

1111 324 1115 386 l
1141 345 1249 378 ficans
1275 345 1444 378 xii-tutem
1468 357 1546 377 cum
1576 342 1698 375 labore
1724 341 1953 375 coniunctam
1985 354 2058 376 esse
2086 343 2146 375 de-

1141 397 1236 430 bere.
1306 395 1503 429 Theocrito
1530 401 1581 428 est
1604 405 1689 427 saue
1718 391 1881 428 inferior.
1943 393 2023 427 lllas
2049 394 2145 427 enim

1142 448 1394 481 blandissimas
1432 447 1576 480 delicias
1612 457 1843 491 nequaquam
1882 452 1933 479 est
1968 452 2148 479 assecutus

1142 499 1336 543 Virgilius,
1364 506 1470 544 atque
1495 496 1593 531 haud
1621 498 1714 537 scio,
1750 510 1797 530 an
1822 497 1972 542 recipiat
1996 510 2054 531 eas
2079 496 2149 529 La-

1115 556 1118 577 Ι
1147 551 1222 584 tina
1245 551 1378 595 lingua.

288 665 475 701 Scholia
504 665 717 710 Philippi
746 661 1070 698 Melanthonis
1106 663 1150 696 in
1190 662 1359 695 librum
1390 659 1416 695 I.
1453 661 1718 705 Georgicon
1749 659 1952 704 Virgilii.

186 745 246 779 Vs.
259 745 327 787 112)
346 742 493 792 Laetus]
513 745 621 783 idest,
639 744 780 782 uberes,
797 742 961 786 grandes.

83 798 209 842 sidere]
238 796 275 829 id
296 803 366 837 est,
395 797 525 842 quibus
544 795 780 840 temporibus.

189 847 249 882 Vs.
275 850 312 884 2.
352 846 479 896 Ulmis]
516 848 645 881 Ulmus
670 853 704 880 et
727 846 786 879 illa
813 846 942 885 arhor,
979 856 1087 890 quam

84 912 151 934 nos
166 912 338 934 vocamus
354 907 497 934 rustern
510 927 519 940 ,
545 912 586 933 ex
606 911 674 945 qua
693 898 907 943 plerumque
923 897 1013 930 fiunt
1031 908 1089 929 ro-

86 958 142 986 tae
160 964 344 986 curruum.

189 1003 250 1038 Vs.
265 1003 300 1038 3.
326 1001 506 1051 Habenda]
530 1003 566 1036 id
585 1009 657 1043 est,
681 1001 824 1034 alendo.

190 1055 250 1090 Vs.
275 1055 310 1090 4.
345 1052 592 1103 Experierztia]
629 1054 664 1087 id
691 1060 763 1093 est,
799 1052 943 1097 Quanta
972 1049 1017 1084 sit
1039 1049 1091 1082 in-
1118 1047 1120 1074 ἕ

88 1107 225 1142 dustria
244 1107 282 1141 in
299 1107 438 1152 apibus.

189 1159 251 1194 Vs.
267 1157 304 1195 5.
327 1161 420 1194 Hinc
435 1155 614 1205 incipiam]
632 1155 853 1200 Propositio.
948 1156 1029 1193 Vos,
1058 1149 1092 1200 o]

86 1210 286 1245 Invocatio.
376 1212 578 1245 Clarissima
595 1208 742 1258 lumina]
765 1214 800 1246 id
817 1219 881 1251 est,
909 1213 948 1255 Θ
965 1216 1000 1244 et
1013 1204 1094 1251 2⁴²³)

90 1276 247 1309 quorum
280 1263 495 1307 praecipuae
529 1268 613 1296 sunt
647 1262 740 1297 vires
778 1265 814 1297 in
852 1260 1094 1309 producendis

90 1315 263 1359 frugibus.

192 1365 252 1400 Vs.
272 1365 306 1400 7.
335 1367 441 1399 Liber
455 1371 488 1399 et
503 1365 624 1409 Alma]
643 1367 708 1400 Hic
724 1367 878 1400 multum
897 1365 1096 1409 disputant,

90 1430 136 1451 an
152 1415 242 1451 haec
258 1429 322 1462 per
340 1417 606 1462 appositionem
625 1412 856 1463 intelligenda
875 1417 965 1456 sint,
993 1422 1033 1449 ut
1051 1414 1095 1447 ad

89 1470 277 1515 superiora
302 1470 517 1503 referantur.
587 1468 657 1503 Sed
691 1483 755 1516 ego
783 1469 923 1504 omissis
950 1469 1019 1501 illis
1042 1467 1096 1499 in-

91 1521 194 1567 eptiis
208 1533 349 1566 expono
371 1521 430 1554 illa
451 1520 661 1565 simpliciter
672 1535 738 1568 pro
751 1522 880 1556 Cerere
896 1517 1097 1557 etBaccho,

91 1586 181 1620 quos
207 1579 290 1618 post
318 1574 363 1617 O
390 1579 423 1606 et
448 1579 473 1615 5)
505 1573 649 1608 invocat
682 1582 856 1620 tanquam
888 1574 1096 1606 inventores

91 1626 233 1669 frugum
255 1631 290 1658 et
306 1625 394 1658 vini.

193 1676 254 1710 Vs.
283 1676 317 1710 8.
353 1677 540 1711 Chaoniam
559 1674 733 1724 ylandem]
776 1677 918 1722 Species
943 1688 1010 1720 pro
1041 1687 1097 1719 ge-

94 1741 192 1767 nere,
212 1735 253 1761 ut
270 1728 299 1761 si
316 1726 690 1773 diceretHercyniam.
728 1727 824 1760 Dicit
841 1735 961 1761 autem
981 1725 1098 1760 Chao-

94 1781 213 1820 niam,
250 1779 334 1825 quia
362 1779 399 1812 in
427 1777 610 1819 Chaonia,
651 1779 753 1824 Epiri
785 1780 951 1820 regione,
988 1778 1097 1823 pluri—

95 1846 193 1866 mum
213 1832 399 1875 glandium
420 1831 601 1875 provenit.

196 1883 257 1918 Vs.
274 1882 310 1918 9.
338 1884 464 1918 Pocula
478 1880 658 1930 Acheloia]
680 1882 716 1915 id
735 1889 798 1921 est,
824 1894 970 1928 aquam,
990 1881 1098 1914 etiam

95 1936 229 1983 species
241 1948 309 1982 pro
329 1948 471 1981 genere.
524 1933 705 1969 Achelous
724 1941 775 1968 est
792 1935 923 1968 fluvius
938 1933 1054 1978 Epiri.

198 1988 259 2023 Vs.
278 1989 337 2022 10.
366 1986 498 2036 Fauni]
529 1987 718 2027 Faunum-1,
747 1986 932 2032 Dryades,
961 1985 1098 2030 Neptu-

94 2056 202 2082 num,
226 2041 407 2081 Aristum,
434 2041 536 2074 Pana
566 2047 600 2073 et
615 2040 814 2085 Sylvanum
841 2038 967 2072 ordine
996 2037 1098 2070 invo-
1124 2050 1127 2060 ⁴

95 2102 168 2136 cat,
198 2094 282 2141 quia
298 2094 547 2140 unusquisque
566 2092 718 2126 istorum
739 2093 891 2125 deorum
918 2097 979 2124 aut
1001 2090 1100 2123 inve-

93 2147 190 2182 nerit
218 2146 377 2192 aliquid,
405 2152 468 2179 aut
492 2146 627 2190 praesit
648 2145 712 2185 iis,
742 2156 832 2191 quae
852 2141 907 2177 his
923 2143 1024 2176 libris
1040 2143 1100 2175 de-

96 2199 294 2244 scripturus
312 2197 368 2232 sit.

198 2250 260 2284 Vs.
281 2251 340 2285 12.
369 2251 432 2284 Cui
444 2251 560 2293 prima
573 2249 790 2294 frementem]
818 2248 850 2281 O
869 2255 908 2282 tu
919 2248 1100 2292 Neptune,

97 2302 159 2349 qui
175 2302 307 2336 dicitur
321 2302 461 2346 primus
479 2302 689 2346 produxisse
705 2314 850 2347 equum.
905 2300 998 2334 Nam
1027 2311 1099 2331 me-

96 2355 251 2389 ministis
264 2354 444 2394 fabulam,
472 2354 508 2386 in
532 2366 602 2399 qua
626 2366 706 2386 cum
732 2354 922 2398 Neptunus
943 2350 1098 2384 inventis

99 2413 251 2441 certaret
272 2419 352 2440 cum
379 2406 546 2445 Pallade,
585 2412 665 2439 uter
690 2407 790 2438 daret
817 2403 1097 2449 appellationem
1127 2407 1129 2410 '

139 2560 181 2591 1³¹)
203 2560 315 2590 Quintil.
341 2559 431 2584 lnstit.
451 2559 530 2583 Orat.
550 2559 587 2584 X,
606 2559 627 2584 i,
642 2558 685 2581 86.

136 2611 167 2643 2)
187 2612 327 2636 versuum
344 2617 476 2635 numeros
496 2609 612 2641 Virgilii
631 2608 741 2632 vei-his.
761 2614 832 2638 qnae
852 2608 877 2631 in
897 2609 945 2634 Ed.
963 2610 1036 2633 1544.
1058 2609 1099 2633 lc-

170 2648 291 2678 guntur‚
310 2653 343 2670 ex
362 2647 411 2670 Ed.
431 2646 572 2676 Wagner.
591 2645 651 2675 ipse
669 2643 816 2673 adscripsi.

134 2699 176 2730 2²)
197 2700 254 2723 Has
274 2699 409 2723 fastorum
427 2701 526 2726 notas,
545 2704 613 2729 quas
632 2698 682 2722 Ed.
698 2698 772 2721 ¹544.
794 2698 818 2720 h.
835 2698 852 2720 1.
874 2699 902 2721 et
917 2697 942 2721 in
956 2704 1031 2729 seqq.
1050 2699 1099 2722 ha-

173 2735 232 2761 bet,
253 2734 336 2758 etiam
355 2734 383 2757 in
401 2734 471 2758 hanc
491 2735 540 2759 Ed.
560 2733 663 2763 recepi.

1018 742 1089 783 Quo
1115 771 1118 782 ,

1125 2602 1129 2654 i
1258 2614 1387 2649 Vs.30.
1405 2613 1530 2663 Thule]
1554 2615 1589 2647 id
1607 2620 1670 2654 est,
1698 2612 1908 2648 Norbeiam.

1125 2671 1130 2698 1
1155 2670 1233 2702 illas
1252 2666 1397 2702 ultimas
1415 2667 1567 2707 insulas,
1587 2677 1678 2712 quae
1694 2671 1777 2699 sunt
1792 2670 1873 2709 post
1890 2664 2048 2697 Scotiam
2072 2672 2150 2694 ver—

1122 2712 1130 2759 l
1155 2733 1212 2755 sus
1229 2719 1525 2766 septentrionem,
1542 2730 1763 2764 quamquam
1773 2717 1909 2757 dicunt,
1927 2715 2023 2762 quod
2035 2711 2155 2747 Thule

1143 739 1281 774 civitati
1297 737 1470 778 Athenas,
1499 737 1688 782 Neptunus
1709 750 1840 783 equum
1859 737 2041 782 produxit,
2069 736 2152 770 Pal-

1115 792 1195 826 ·las
1231 791 1362 824 oleam.
1434 789 1487 823 Ibi
1523 790 1731 822 indicarunt
1764 790 1953 822 inventum
1991 789 2151 822 Palladis

1146 843 1386 889 praestantius
1411 855 1484 876 esse
1502 841 1663 886 Neptuni
1688 841 1857 881 invento,
1885 841 1919 873 id
1946 847 2016 881 est,
2043 840 2152 884 signi-

1116 886 1117 897 *
1143 897 1298 930 ficarunt
1329 900 1425 928 artes
1457 893 1554 939 pacis
1587 906 1661 927 esse
1696 892 1979 938 praestantiores
2016 892 2153 926 artibus

1116 941 1117 945 Ἰ
1144 947 1249 987 beili,
1277 953 1311 980 et
1327 946 1488 980 civitates
1508 945 1621 990 magis
1641 946 1771 978 debere
1792 945 1908 978 colere
1935 950 2029 978 artes
2057 943 2153 988 pacis

1147 1012 1256 1046 quam
1277 998 1372 1032 belli.

1250 1050 1311 1084 Vs.
1338 1051 1398 1084 14.
1429 1050 1544 1084 Cultor
1560 1045 1750 1095 nemorum]
1787 1047 1824 1080 id
1848 1054 1919 1088 est,
1946 1047 2152 1082 Aristaeum

1118 1110 1328 1151 3pastorein
1362 1102 1524 1141 invocat,
1565 1100 1627 1146 qui
1660 1100 1732 1133 iani
1765 1112 1831 1144 pro
1857 1101 1924 1133 deo
1957 1100 2153 1133 colebatur„

1119 1160 1122 1179 ⁸
1147 1154 1231 1188 Fuit
1256 1160 1356 1187 vetus
1384 1153 1514 1198 aliquis
1540 1150 1797 1197 philosophus,
1832 1153 1949 1186 bonus
1973 1150 2155 1197 physicus,

1149 1207 1211 1253 qui
1228 1206 1339 1239 inulta
1358 1204 1515 1245 invenit,
1543 1203 1774 1243 monstravit,
1804 1205 1989 1249 quomodo
2009 1217 2051 1237 ex
2068 1203 2155 1237 oleis

1148 1265 1269 1304 posset
1302 1256 1454 1302 exprimi
1473 1256 1604 1290 oleum.
1675 1254 1762 1289 Item
1792 1256 1979 1301 reparavit
2007 1253 2155 1301 physica

1120 1318 1124 1350 ι
1149 1311 1290 1343 ratione
1315 1321 1411 1354 apes.
1479 1308 1574 1342 Nam
1600 1307 1702 1341 iussit
1724 1307 1811 1352 poni
1838 1320 1968 1352 corpus
1992 1308 2095 1342 bovis
2119 1307 2156 1340 in

1120 1351 1125 1562 l
1149 1363 1267 1396 locum
1295 1361 1476 1400 clausum,
1504 1366 1538 1393 et
1561 1372 1635 1393 non
1660 1359 1825 1405 pervium
1851 1359 1987 1400 ventis,
2016 1372 2057 1393 ex
2083 1371 2155 1405 quo

1118 1089 1121 1113 ζ

1151 1426 1303 1458 corpore
1324 1414 1524 1457 putrefacto
1542 1419 1665 1456 postea
1688 1424 1772 1456 apes
1791 1418 1892 1445 ortae
1911 1418 2006 1446 sunt.
2061 1411 2155 1446 Nam

1150 1466 1241 1499 fumi
1259 1464 1296 1497 in
1320 1465 1382 1497 illo
1411 1465 1490 1497 loco
1515 1477 1587 1497 non
1607 1470 1757 1509 possunt
1776 1461 1955 1498 exhalare.
2010 1462 2073 1497 Est
2094 1475 2157 1496 au-

1152 1525 1222 1551 tem
1240 1514 1299 1550 hic
1325 1514 1476 1561 pulchra
1501 1516 1714 1560 significatio
1745 1516 1942 1561 proposita.
1997 1514 2156 1548 Ecclesia

1152 1576 1231 1604 sunt
1251 1580 1347 1613 apes,
1367 1568 1416 1600 illi
1434 1574 1632 1601 nascuntur
1651 1580 1693 1601 ex
1710 1574 1865 1601 mactato
1886 1579 2038 1612 corpore
2051 1565 2153 1600 Chri-

1151 1622 1208 1655 sti.
1262 1620 1316 1652 De
1342 1619 1410 1653 lioc
1435 1620 1472 1652 in
1495 1619 1553 1654 IV.
1578 1620 1683 1664 plura
1708 1618 1933 1653 habebimus.
2050 1615 2155 1664 Ceae]

1152 1673 1222 1706 Cea
1241 1679 1292 1706 est
1310 1672 1425 1705 insula
1445 1684 1486 1704 ex
1506 1671 1721 1717 Cycladibus
1739 1672 1776 1705 in
1795 1672 1888 1704 mari
1903 1671 2059 1715 Aegaeo.
2115 1669 2155 1702 ln

1152 1726 1214 1758 illo
1237 1725 1315 1757 loco
1333 1730 1417 1758 sunt
1434 1725 1528 1756 bona
1551 1736 1695 1768 pascua.

1256 1775 1316 1809 Vs.
1338 1774 1396 1809 19.
1431 1774 1538 1823 Puer]
1570 1776 1606 1807 id
1624 1782 1694 1816 est,
1722 1775 1960 1819 Triptoleme.

1256 1827 1395 1862 Ys.23.
1423 1826 1543 1874 Saus]
1576 1827 1609 1859 id
1628 1834 1698 1866 est,
1725 1826 1915 1869 segetibus.

1257 1879 1317 1912 Vs.
1335 1878 1396 1914 24.
1429 1882 1542 1925 Tuque
1558 1879 1656 1923 adeo]
1684 1879 1716 1911 id
1735 1885 1806 1917 est,
1837 1885 1873 1911 tu
1892 1879 2064 1921 Auguste.

1258 1931 1400 1966 Vssaeli
1416 1944 1468 1977 sq.
1499 1932 1650 1965 Consilia
1674 1927 1840 1977 Deorum]
1867 1929 2030 1962 Deorum
2060 1929 2157 1962 ordi-

1153 1996 1216 2017 nes
1233 1989 1389 2028 quatuor
1408 1983 1513 2022 facit,
1542 1983 1769 2022 coelestium,
1799 1981 2044 2021 terrestrium,
2081 1994 2157 2014 rna-

1154 2036 1319 2069 tinorum
1338 2041 1373 2067 et
1397 2034 1610 2069 inferorum.
1664 2034 1720 2068 Ad
1739 2034 1875 2067 inferos
1899 2033 2014 2066 nolim
2038 2039 2071 2066 te
2097 2034 2157 2066 de-

1125 2096 1128 2117 *
1154 2088 1324 2123 scendere
1351 2086 1481 2132 inquit.
1535 2086 1589 2120 Ex
1613 2086 1711 2127 aliis,
1747 2085 1886 2132 inquit,
1921 2085 2036 2119 tribus
2060 2085 2157 2118 ordi-

1153 2141 1260 2174 nibus
1285 2138 1399 2183 delige
1411 2165 1420 2179 ,
1448 2151 1554 2184 quem
1576 2139 1694 2178 voles,
1722 2139 1796 2172 sive
1812 2144 1853 2171 ut
1867 2138 1975 2172 urbes
1991 2144 2025 2171 et
2041 2144 2156 2171 terras

1127 2203 1128 2208 ¹
1155 2192 1333 2226 curandas
1361 2190 1553 2235 suscipias,
1587 2190 1662 2223 sive
1693 2190 1803 2224 maris
1832 2190 2047 2235 imperium,
2084 2189 2158 2223 sive

1154 2245 1297 2288 signum
1325 2242 1473 2288 aliquod
1499 2242 1649 2276 coeleste
1677 2243 1761 2283 fias,
1789 2243 1835 2275 ad
1863 2243 1961 2288 quod
1986 2241 2157 2286 Scorpius

1127 2287 1129 2345 ἑ
1156 2295 1286 2331 Chelas
1311 2307 1392 2328 suas
1418 2292 1618 2335 contrahit,
1645 2294 1782 2340 tibique
1811 2295 1962 2327 alteram
1987 2293 2041 2327 sui
2069 2304 2152 2338 par-

1155 2357 1226 2382 tem
1244 2347 1417 2381 concedit.

1257 2399 1389 2433 Vs.28.
1407 2398 1589 2442 Materna]
1609 2397 1643 2431 id
1662 2405 1725 2438 est,
1743 2397 1920 2431 Venerea.
1989 2391 2149 2440 Myrtus]

1126 2464 1129 2496 4¹
1155 2460 1206 2486 est
1223 2452 1327 2484 affine
1345 2451 1518 2496 quiddam
1538 2450 1588 2490 ei,
1616 2451 1713 2496 quod
1733 2463 1798 2484 nos
1820 2449 1927 2492 vulgo
1946 2446 2149 2491 myrtilluin

1126 2499 1129 2535 i
1155 2516 1324 2538 vocamus
1353 2503 1454 2536 illum
1479 2502 1666 2542 fruticem,
1708 2503 1751 2535 da
1785 2502 1842 2533 die
1871 2499 2065 2544 heydelber
2090 2497 2155 2529 auf

1126 2552 1129 2590 ζ
1154 2553 1337 2590 wachsen.

1980 2609 2150 2653 intelligit
