2421 3005
74 108 149 142 637
384 106 472 142 XCI.

68 194 196 228 eodem
212 191 314 228 hoste
338 194 516 238 perditam
542 206 638 235 esse,
667 206 686 227 a
711 207 783 240 quo
809 194 945 236 caeteri,
962 193 1073 239 ipsius

67 245 174 279 liberi
195 245 267 279 sint
290 246 444 290 perditi,
472 246 508 280 id
534 247 631 293 quod
656 246 693 279 in
717 246 845 291 primis
869 253 946 280 erat
969 245 1073 280 mise-

69 298 240 331 randum.
294 299 350 331 Ad
368 297 475 339 haec,
509 298 701 332 collatione
724 299 878 332 aliorum
907 304 1012 332 vocat
1035 310 1072 332 se

68 349 233 384 omnium
252 350 512 391 miserrimam,
539 363 714 397 suamque
730 350 909 396 privatam
926 349 1071 384 calami·
1097 392 1099 395 γ

66 408 178 435 tatem
212 401 300 435 dicit
327 402 469 446 publica
503 403 708 436 calamitate
744 403 948 447 graviorem
977 414 1070 440 esse;
1096 426 1099 433 ⁴

65 465 151 486 nam
173 466 295 488 eversa
311 454 400 487 urbe
418 453 598 498 publicam
621 455 863 488 calamitatem
892 467 965 488 esse
990 453 1070 486 fini-

65 511 159 544 tam;
191 518 228 540 se
253 517 339 539 vero
366 507 528 539 nondum
557 507 821 540 calamitatibus
848 506 921 540 suis
945 506 1070 539 defun-

65 563 161 590 ctam
185 569 271 592 esse.
331 557 375 591 Se
400 557 485 591 olim
504 565 687 603 potentem
714 571 754 592 ac
779 558 937 599 felicem,
973 569 1070 591 nunc

66 609 231 643 omnium
266 609 546 644 infelicissimam
587 623 627 644 ac
663 610 924 650 miserrimam,
963 608 1069 642 avelli

63 672 214 696 suorum
231 661 380 696 tumulis
393 689 402 703 ,
425 660 518 695 trahi
537 663 662 707 procul
681 676 699 696 a
717 662 834 707 patria
852 662 889 695 in
917 661 1068 695 servitu-

63 719 158 754 tem,
185 711 313 746 haberi
339 713 519 755 ludibrio,
555 727 596 748 ac
623 715 796 760 praebere
822 713 1065 748 tristissimum

63 765 305 810 spectaculum
326 777 447 799 rerum
466 764 721 800 humanarum.
776 766 968 799 Postremo
994 765 1067 798 duo

62 822 147 851 sunt
177 818 222 850 ad
263 819 481 851 movendam
514 819 551 851 in
588 820 657 852 fine
700 817 1096 863 commisel'21150sseffl23
1124 831 1265 869 poterat
1298 838 1371 860 esse
1404 834 1612 867 contentus;
1654 830 1799 862 adiecit:
1842 832 1969 863 {amulo
2000 842 2126 876 quoque

61 868 168 902 valde
180 866 380 914 pathetica:
402 871 568 911 alterum,
579 871 640 904 ubi
653 870 816 916 queritur
833 871 876 903 de
894 882 955 903 sua
969 869 1068 902 viva-

64 920 190 962 citate,
216 922 315 967 quod
329 922 448 966 frangi
465 922 652 956 doloribus
670 930 702 956 et
721 922 879 967 extingui
899 927 1069 968 nequeat,

63 1076 233 1112 omnibus
258 1075 313 1112 his
344 1077 469 1118 malis3
506 1079 681 1120 alterum,
713 1079 773 1112 ubi
801 1079 968 1124 deplorat
992 1090 1068 1111 sor-

62 1135 134 1163 tem
152 1129 266 1171 filiae,
295 1131 393 1176 quod
411 1131 443 1164 ei
459 1143 533 1164 non
558 1131 747 1176 contigerit
767 1132 891 1165 eadem
908 1131 1068 1170 fortuna,

63 1192 156 1227 quae
167 1181 316 1217 caeteris
326 1182 595 1218 Priamiliberis
609 1190 730 1217 tamen
746 1184 911 1229 contigit:
938 1194 1068 1227 nempe

62 1239 103 1267 ut
137 1233 175 1266 in
209 1234 327 1278 patria
363 1233 514 1269 honeste
551 1236 799 1281 sepelirentur.

62 1285 210 1319 Hecuba
235 1286 384 1331 fingitur
413 1299 585 1322 conversa
609 1288 646 1321 in
669 1300 814 1328 canem,
842 1288 899 1321 vel
917 1292 1068 1333 propter

64 1339 249 1384 quandam
280 1338 393 1372 animi
421 1340 652 1373 acerbitatem
685 1347 720 1373 et
750 1339 910 1381 rabiem,
953 1339 1070 1373 solent

65 1390 163 1423 enim
190 1390 242 1422 ira
261 1390 401 1424 efferati
429 1392 536 1436 vulgo
557 1392 733 1437 appellari
752 1405 873 1430 canes;
910 1392 966 1425 vel
985 1402 1070 1436 pro-

64 1448 144 1487 pter
160 1441 338 1486 insignem
354 1449 600 1488 contemptum
615 1471 623 1484 ,
651 1444 688 1477 iu
706 1458 778 1490 quo
804 1445 871 1478 fuit
895 1444 992 1488 apud
1016 1443 1070 1475 in-

64 1493 324 1529 solentissimos
340 1492 460 1529 hostes
479 1497 569 1529 adeo
593 1496 773 1540 despicata
787 1524 796 1537 ,
825 1503 865 1530 ut
890 1508 935 1529 ne
952 1493 1071 1528 homi-

63 1546 120 1580 nis
145 1546 314 1592 quidem,
347 1547 410 1581 sed
435 1547 532 1582 canis
553 1548 633 1581 loco
660 1546 868 1582 haberetur.
935 1547 1071 1592 Quem-

65 1599 262 1632 admodum
281 1610 379 1632 nunc
397 1601 493 1643 apud
511 1600 650 1634 Turcas
667 1598 865 1635 Christiani
889 1597 1071 1633 habentur

66 1650 220 1695 captivi,
262 1662 329 1684 nec
364 1650 479 1684 aliter—
506 1653 753 1696 appellantur,
798 1664 908 1698 quam
954 1663 1070 1685 canes.

64 1701 184 1736 Locus
208 1714 316 1743 vero,
352 1702 416 1736 ubi
431 1702 577 1737 Hecuba
611 1704 793 1749 lapidibus
818 1704 1003 1738 interfecta
1030 1715 1071 1736 ac

66 1754 244 1788 tumulata
267 1761 338 1795 est,
366 1754 448 1788 ideo
468 1768 510 1788 ex
528 1768 585 1796 re,
613 1763 653 1789 ut
670 1756 789 1802 inquit
803 1756 977 1796 Ovidius,
1006 1768 1071 1788 no-

65 1818 151 1840 men
176 1804 304 1847 hahet,
346 1807 431 1853 quia
459 1804 678 1854 κυνόσημα,
716 1808 815 1842 canis
839 1805 1072 1852 sepulchrum

67 1858 210 1892 dicitur.
240 1858 408 1892 Meminit
423 1857 531 1894 huius
551 1860 621 1893 loci
630 1860 911 1906 Pomponiusffi)
920 1859 1016 1894 Mela
1034 1859 1073 1892 in

68 1910 309 1955 descriptione
326 1908 571 1946 Cherrhonesi
587 1910 765 1946 Thraciae
776 1940 784 1953 ,
813 1919 967 1958 suntque
984 1909 1074 1945 haec

68 1962 182 2007 ipsius
199 1963 330 1996 verba:
358 1963 422 1998 Est
440 1963 490 1997 ibi
503 1963 623 2009 Cynos
642 1977 752 2005 sema,
781 1965 941 1998 tumulus
957 1964 1074 1997 Hecu-

70 2014 139 2047 bae
151 2041 161 2055 ,
189 2013 262 2054 sive
279 2027 322 2049 ex
336 2015 451 2060 figura
471 2016 570 2051 canis
582 2043 591 2057 ,
620 2017 657 2050 in
674 2030 782 2063 quam
799 2028 972 2050 conversa
1001 2022 1073 2049 tra-

68 2065 187 2107 ditur,
222 2066 296 2100 sive
320 2079 362 2101 ex
385 2068 551 2109 fortuna,
579 2068 617 2102 in
643 2081 752 2115 quam
780 2070 982 2109 deciderat,
1009 2066 1074 2101 hu-

69 2118 145 2151 mili
171 2118 320 2152 nomine
342 2126 499 2164 acceptO.

76 2230 274 2266 Ovidius
326 2244 346 2265 a
389 2232 559 2266 Seneca
612 2234 741 2267 nullo
784 2231 962 2266 iudicio
1006 2243 1075 2265 re-

436 2283 703 2329 prehensus

176 2360 253 2393 Hoc
277 2361 358 2394 loco
382 2363 585 2396 revellenda
613 2369 665 2397 est
687 2362 841 2403 iniuria,
879 2374 988 2409 quam
1014 2361 1075 2395 Se—

74 2424 159 2446 neca
179 2413 313 2447 Ovidio
331 2413 434 2456 facit,
463 2428 543 2449 cum
565 2414 614 2448 ait
631 2427 711 2448 eum
738 2414 874 2448 nescire
899 2414 1076 2455 desinere,

73 2471 108 2498 et
142 2477 247 2510 saepe
285 2478 518 2512 corrumpere
561 2466 784 2508 sententias,
824 2467 911 2500 dum
957 2467 1076 2501 studet

71 2528 180 2550 unam
210 2530 285 2551 rem
311 2518 389 2553 aliis
411 2526 519 2566 atque
546 2520 624 2554 aliis
648 2519 765 2552 verbis
788 2519 925 2565 eloqui;
967 2519 1076 2564 idque

73 2570 205 2613 probat
229 2569 274 2611 (si
298 2570 375 2604 Diis
400 2572 533 2620 placet)
558 2572 720 2617 exemplo
747 2569 878 2604 borum
906 2583 1074 2605 versuum

75 2620 170 2665 (vss.
189 2620 264 2655 499
280 2645 315 2649 -
331 2620 436 2670 505.)
450 2637 455 2656 2

110 2747 157 2779 24)
177 2748 308 2779 Pompon.
328 2749 399 2773 Meta
419 2748 453 2777 11,
471 2749 498 2774 2.
518 2749 543 2775 7.

876 1235 1068 1269 Caeterum
1094 1250 1096 1255 ⁴

526 105 813 143 ENARRATIO
848 106 977 140 LIBRI
1005 105 1096 141 Xssl.
1131 106 1611 144 METAMORPHOSEON
1647 111 1809 148 OVIDH.

1094 1116 1097 1152 l

1094 937 1097 960 ἵ
1122 931 1292 963 Aeacidae
1305 930 1472 974 faecunda
1486 931 1553 975 fui.

61 973 123 1007 sed
144 980 349 1007 reservetur
366 973 530 1018 pluribus
558 975 661 1009 malis
675 1002 684 1014 ‚
710 975 925 1019 praedicans
945 986 962 1006 a
984 985 1069 1007 con-
1094 981 1097 994 ²

62 1024 177 1058 trario
202 1025 409 1059 felicitatem
440 1027 583 1067 mariti,
624 1028 687 1073 qui
712 1033 828 1060 morte
855 1033 998 1071 ereptus
1023 1025 1069 1059 sit
1095 1047 1096 1054 η

2054 115 2128 151 638

1184 197 1308 241 Totque
1322 201 1397 229 ticos
1415 197 1501 229 idem
1517 196 1649 240 fraires
1661 225 1670 238 ‚
1697 205 1729 233 ie
1744 201 1894 243 perdidit
1912 203 2015 242 idem,

1180 249 1339 281 Exitium
1361 250 1484 281 Troiae
1501 251 1674 295 nostrique
1691 252 1846 292 orbator,
1876 254 2036 287 Achilles.

1178 301 1225 332 At
1239 305 1415 345 postquam
1434 302 1552 334 cecidit
1565 303 1702 335 Paridis
1711 302 1757 344 ²⁵)
1776 305 1963 349 Phoebique
1980 307 2128 349 saqiitis,

1177 353 1278 384 Nunc
1292 357 1379 385 cerie
1394 353 1494 393 dixi,
1524 364 1589 386 non
1605 359 1653 387 est
1672 357 1867 388 metuendus
1884 358 2043 390 Achilles.

1177 404 1277 435 Nunc
1310 416 1436 449 {locoque
1471 407 1519 437 mi
1555 407 1751 440 metuendus
1777 412 1864 440 erut.

1434 457 1557 499 sepulti

1175 507 1217 537 In
1247 518 1355 548 yemis
1388 507 1447 539 hoc
1474 510 1600 547 saevi&
1645 510 1773 543 {amulo
1805 523 1930 556 ilicoque
1961 513 2129 544 sensimus

1437 560 1561 593 hostem
1575 576 1583 593 ε

1175 610 1344 641 Aeacidae
1359 610 1526 652 saecunda
1542 611 1609 655 fui.

1933 410 2028 442 Ciuis
2059 411 2129 452 ipse

1122 667 1197 702 Hos
1221 669 1315 701 enim
1337 682 1458 705 versus
1480 671 1528 704 ita
1548 671 1800 716 reprehendit:
1831 673 1921 707 Cum
1939 674 2124 720 Polyxena

1122 720 1258 766 (inquit
1278 720 1371 767 252))
1398 729 1488 756 esset
1511 724 1666 757 adducta
1692 726 1832 759 tumulo
1850 724 2020 766 Achillis,
2056 726 2126 760 He-

1123 773 1210 805 cuba
1238 773 1344 806 dixit:
1388 776 1476 808 cinis
1503 777 1572 819 ipse
1591 778 1712 820 sepulti
1735 780 1771 811 in
1791 791 1897 821 yemis
1923 779 1983 812 liae
2007 781 2126 819 saevit,

1121 879 1289 911 sensimus
1313 880 1460 920 leostem3
1502 892 1619 926 neque
1644 877 1711 914 hoc
1737 887 1945 921 contentus,
1981 882 2126 914 adiecit:

1608 931 1685 977 Ego
1710 945 1795 966 vero
1821 933 1937 966 miror
1953 933 2125 967 Senecam

1123 981 1160 1014 in
1184 981 1317 1015 Ovidio
1345 983 1381 1015 id
1404 983 1689 1028 reprehendere,
1728 987 1826 1031 quod
1851 992 1884 1018 et
1910 985 2065 1030 Virgilio
2092 992 2127 1018 et

1123 1033 1289 1067 Ciceroni
1315 1035 1486 1069 usitatum
1506 1043 1578 1077 est,
1606 1043 1714 1083 atque
1739 1037 1777 1070 in
1803 1037 1929 1082 primis
1946 1038 2045 1071 laudi
2065 1038 2128 1070 da-

1094 1103 1096 1112 ν
1123 1092 1192 1120 tur.
1238 1087 1343 1120 Anne
1361 1088 1520 1122 eiusdem
1538 1089 1677 1133 generis
1694 1095 1746 1122 est
1761 1089 1849 1123 illud
1867 1089 2127 1134 Virgilianum:

1226 1146 1297 1176 Quid
1316 1154 1383 1177 puer
1401 1145 1566 1173 Ascanius?
1585 1146 1759 1179 superatne?
1779 1151 1807 1173 et
1828 1149 1954 1174 vescitur
1972 1155 2044 1174 aura
2056 1147 2093 1178 ²⁵)

1228 1188 1381 1215 Aetheria?
1406 1198 1457 1216 nec
1476 1193 1565 1217 adhuc
1583 1193 1742 1218 crudelibus
1762 1194 1877 1218 occubat
1896 1191 2024 1218 umbris?
2042 1192 2081 1225 27)

1122 1234 1214 1268 Nam
1232 1235 1281 1268 ibi
1301 1248 1380 1269 cum
1397 1234 1488 1270 nihil
1503 1239 1601 1271 aliud
1617 1245 1834 1284 quaeratur,
1863 1238 1930 1272 nisi
1951 1251 1996 1271 an
2014 1236 2131 1271 adbuc

1123 1287 1222 1320 vivat
1243 1287 1439 1330 Ascanius,
1481 1296 1604 1324 tamen
1638 1291 1762 1323 eadem
1786 1302 1843 1324 res
1877 1296 1931 1323 ter
1955 1290 2130 1324 variatur.

1122 1338 1211 1372 Erat
1237 1340 1381 1385 quidem
1411 1341 1514 1376 satis:
1551 1348 1753 1386 superatne;
1782 1343 1843 1376 sed
1869 1342 1987 1375 addit:
2024 1343 2132 1376 vesei-

1123 1397 1180 1425 iue·
1197 1405 1284 1425 auru
1301 1394 1476 1430 aetherem
1505 1406 1569 1427 nec
1588 1394 1634 1441 28)
1660 1393 1727 1427 lioc
1746 1402 1957 1434 contentus,
1988 1394 2128 1428 adiicit:

1126 1456 1184 1476 nec
1210 1446 1319 1478 adhuc
1347 1447 1540 1480 crudelibus
1566 1448 1702 1481 occubat
1734 1444 1891 1480 umbris?
1935 1446 2061 1480 Cicero
2092 1446 2130 1478 in

1126 1496 1290 1529 oratione
1309 1509 1374 1541 pro
1394 1497 1563 1542 Ligario,
1591 1506 1680 1544 quot
1695 1498 1742 1546 ²9)
1763 1498 1880 1532 verbis
1899 1498 1993 1532 idem
2022 1498 2132 1542 signi-

1125 1548 1314 1582 ficantibus
1340 1551 1493 1583 eandem
1522 1562 1598 1584 rem
1625 1551 1765 1584 versat!
1815 1563 1895 1584 cum
1926 1550 2045 1596 inquit
2067 1549 2131 1597 3⁰):

1124 1599 1274 1640 Erravi,
1311 1607 1445 1635 temere
1473 1603 1560 1643 feci,
1599 1603 1780 1647 poenitet;
1826 1604 1871 1636 ad
1902 1602 2131 1635 clementiam

1125 1658 1225 1685 tuam
1250 1652 1318 1700 ³⁰¹³)
1362 1655 1549 1699 confugio,
1600 1655 1719 1688 delicti
1760 1655 1904 1689 veniam
1943 1661 2048 1699 peto,
2093 1659 2133 1687 ut

1126 1704 1289 1748 ignoscas
1318 1717 1403 1738 oro:
1448 1705 1536 1740 Item
1559 1705 1624 1752 3¹):
1666 1707 1763 1752 Quid
1793 1714 1875 1741 tuus
1905 1706 1963 1740 ille
1985 1706 2132 1739 Tubero

1126 1756 1307 1790 districtus
1332 1758 1368 1790 in
1395 1758 1469 1791 acie
1493 1759 1633 1803 gladius
1652 1759 1804 1803 agebat?
1841 1758 1941 1792 cuius
1966 1758 2058 1792 latus
2074 1769 2135 1802 pe-

1127 1808 1249 1841 tehat?
1285 1810 1345 1855 qui
1371 1822 1494 1844 sensus
1521 1817 1598 1844 erat
1621 1823 1806 1845 armorum
1828 1809 2003 1844 tuorum?
2039 1821 2132 1855 quae

1128 1867 1187 1893 tua
1206 1873 1326 1902 niens,
1356 1861 1470 1903 oculi,
1496 1875 1644 1903 manus,
1673 1864 1783 1896 ardor
1801 1861 1940 1895 animi?
1966 1861 2053 1907 quid
2072 1874 2132 1895 cu-

1129 1912 1276 1956 piebas?
1312 1914 1398 1960 quid
1417 1914 1594 1958 optabas?
1631 1914 1777 1960 Quanta
1795 1913 1853 1948 hic
1877 1913 2132 1958 multiplicatio

1130 1966 1322 1998 verborum
1347 1972 1381 1999 et
1399 1966 1678 2001 sententiarum!
1715 1967 1874 2012 gladius,
1903 1978 2050 2006 mucro,
2077 1977 2133 1998 ar-

1130 2029 1209 2058 ma,
1238 2030 1381 2059 sensus,
1409 2031 1531 2060 mens,
1560 2019 1722 2058 animus;
1745 2019 1934 2064 cupiebas,
1962 2018 2134 2063 optabas;

1162 2154 1212 2182 25)
1244 2155 1350 2180 cecidit
1376 2156 1512 2186 Paridis]
1529 2156 1582 2192 ‘sic
1607 2156 1692 2182 Editt.
1715 2156 1810 2188 i555.,
1844 2155 1937 2187 1559.;
1973 2154 2051 2180 ovid.
2080 2153 2131 2180 Ed.

1198 2189 1310 2216 Mitsch.
1331 2191 1450 2216 Paridis
1469 2192 1584 2217 cecidit.

1164 2241 1198 2268 25
1207 2243 1231 2270 ³)
1251 2244 1347 2267 Senec.
1366 2245 1494 2268 controv.
1514 2243 1557 2268 28.
1578 2244 1650 2267 extr.

1164 2296 1212 2324 26)
1232 2296 1312 2327 virg.
1333 2297 1400 2320 Aen.
1416 2296 1463 2327 111,
1482 2295 1542 2321 339.

1164 2348 1213 2376 27)
1238 2347 1318 2378 Virg.
1338 2349 1406 2371 Aen.
1427 2348 1449 2378 1,
1468 2347 1527 2372 547.
1561 2347 1595 2372 Hi
1622 2354 1725 2372 versus
1745 2349 1770 2373 h.
1791 2349 1809 2372 l.
1836 2347 1874 2371 ita
1900 2344 2037 2371 coniuncti
2057 2346 2133 2375 snut,

1201 2382 1281 2413 quasi
1299 2382 1370 2413 apud
1389 2382 1538 2413 Virgilium
1558 2383 1631 2407 alter
1649 2383 1769 2407 alterum
1788 2383 1984 2412 subsequatur.

1164 2434 1213 2463 28)
1233 2435 1299 2463 uec]
1319 2433 1360 2458 sic
1379 2434 1463 2458 Editt.
1483 2435 1577 2466 1555.;
1597 2435 1647 2460 Ed.
1664 2436 1738 2459 1559.
1760 2442 1803 2459 ne.

1163 2486 1212 2514 29)
1233 2486 1311 2517 quot]
1331 2485 1371 2510 sic
1389 2486 1472 2510 Editt.
1491 2487 1584 2517 1555.;
1609 2487 1658 2511 Ed.
1674 2487 1751 2512 1559.
1771 2486 1850 2516 quod.

1166 2539 1214 2567 30)
1235 2538 1292 2563 Cic.
1312 2544 1362 2568 pro
1382 2538 1494 2569 Ligario
1513 2540 1557 2571 10,
1576 2539 1618 2564 30.

1165 2591 1233 2619 30⁸)
1251 2592 1341 2620 tuam]
1362 2591 1388 2614 in
1409 2591 1459 2616 Ed.
1477 2592 1553 2616 ¹559.
1576 2592 1665 2615 deest.

1166 2644 1214 2671 31)
1241 2642 1296 2667 Cic.
1319 2644 1334 2666 1.
1355 2643 1371 2667 l.
1392 2642 1417 2672 3,
1432 2643 1475 2673 9.,
1504 2643 1548 2666 ubi
1568 2644 1634 2667 haec
1654 2643 1679 2666 in
1700 2643 1748 2667 Ed.
1770 2642 1856 2667 Orell.
1882 2642 2027 2673 leguntur:
2060 2642 2132 2670 Quid

1202 2678 1289 2707 enini,
1321 2678 1443 2709 Tubero,
1477 2680 1540 2701 tuus
1572 2679 1618 2701 iile
1649 2678 1800 2701 destrictus
1832 2678 1858 2701 iu
1887 2678 1946 2701 acie
1971 2677 2135 2700 Pharsalica

1204 2713 1313 2742 gladius
1332 2710 1454 2743 agebat?
1474 2714 1551 2736 cuius
1570 2714 1643 2737 latus
1662 2713 1708 2736 itte
1727 2719 1820 2737 nuicro
1839 2708 1971 2743 petebat?
1999 2712 2042 2742 qui
2063 2718 2132 2735 sen-

1204 2754 1252 2770 sus
1272 2749 1322 2772 ctc.
