2421 3005
93 74 169 111 337

89 165 200 203 dona,
229 160 292 207 qui
302 159 436 204 Ecloga
445 158 491 206 89)
510 160 666 194 secunda
686 166 831 205 questus
850 165 913 200 est,
942 171 978 193 se
994 159 1095 193 nullo
1123 174 1130 198 ,v

87 216 169 248 loco
187 225 281 254 esse,
310 213 384 246 imo
407 211 651 252 contemnissab
666 210 790 252 Alexi,
824 209 894 245 hoc
918 217 991 252 est,
1023 211 1097 245 Au-

88 272 192 311 gusto
217 265 385 303 Caesare;
420 276 516 298 nunc
541 275 628 297 vero
657 263 707 297 sic
726 263 879 297 iudicari
898 275 918 296 a
933 261 1095 308 Daphni,

88 330 161 364 quo
181 316 382 364 Servius⁹⁰)
406 316 609 360 Augustum
632 316 709 349 vult
734 315 948 360 significari,
983 322 1024 349 ut
1050 315 1096 349 sit

87 369 252 403 omnium
287 375 478 414 poetarum
508 367 563 402 sui
595 367 703 402 seculi
733 368 903 413 optimus.

84 418 155 454 hoc
173 427 244 462 est,
272 422 370 467 quod
395 419 535 466 dicitffl)
561 420 607 453 ad
632 421 759 453 finem:
796 419 873 466 (Ὺέ.
893 418 971 465 69.)
999 421 1093 455 Haec

83 476 244 517 memini,
273 479 304 508 et
320 474 443 508 victum
458 472 593 517 frustra
611 474 811 507 contendere
833 472 996 516 Thyrsin.

396 565 533 601 Aliud
559 565 773 600 eiusdem.

189 633 267 682 (Vs.
287 631 368 681 25.)
412 637 571 670 Pastores
593 636 718 670 hedera
740 639 944 669 crescentem
968 639 1087 668 ornate

79 692 223 732 poetam.
294 687 363 720 Hic
391 687 586 722 versiculus
617 686 831 732 praecipuus
865 692 918 720 est
946 685 984 718 in
1017 683 1086 719 hac

80 739 229 784 Ecloga,
257 751 329 785 quo
346 739 534 784 significat,
562 739 617 772 vel
632 751 667 773 se
686 739 825 783 ipsum,
852 739 909 771 vel
926 737 1083 772 amicum
1110 776 1111 787 ἵ

81 791 240 837 aliquem
276 803 352 825 non
383 792 688 825 contemnendum
715 802 788 824 esse
814 802 901 835 prae
927 790 1083 830 aemulo,
1110 817 1111 822 ,

80 843 244 889 quisquis
260 843 338 878 suit.
392 842 485 878 Nam
502 849 577 877 tota
595 842 729 887 Ecloga
758 848 940 876 certamen
969 842 1083 875 conti-

569 70 775 107 LXXXVII.
828 68 1116 106 ENARRATIO
1152 68 1434 107 BUCOLICON
1471 70 1678 108 VlRGlLII.

973 366 1093 413 Atque
1119 394 1120 397 η

1116 475 1119 490 ³
1145 471 1225 503 dari
1243 477 1373 515 potest.

77 901 141 928 net
157 895 313 928 duorum
331 907 445 940 paene
465 894 690 941 aequalium,
719 906 875 940 quorum
901 893 1006 928 alteri
1030 900 1083 927 ta-

77 958 163 980 men
180 946 294 991 magis
308 947 417 981 favet.

78 997 222 1042 Eclogis
245 999 343 1043 apud
360 997 617 1040 Theocritum,
651 999 689 1032 in
716 998 847 1044 quibus
872 997 1082 1043 arrogantia
1107 1013 1109 1048 i

77 1049 287 1096 aliquorum
309 1051 366 1084 vel
390 1052 592 1096 exagitatur
614 1050 671 1084 vel
698 1049 930 1094 reprimitur,
967 1056 1001 1083 et
1029 1049 1082 1082 uti

75 1098 208 1136 horum
232 1114 401 1136 versuum
427 1103 600 1148 exemplis
625 1114 836 1147 possumus,
878 1102 908 1135 si
934 1102 1081 1146 quando
1107 1118 1109 1147 ὲ

75 1153 120 1187 de
135 1154 393 1188 certaminibus
408 1155 652 1188 litteratorum
679 1153 912 1187 iudicandum
938 1159 1008 1193 est,
1042 1158 1082 1186 ut
1107 1151 1109 1164 '

74 1217 183 1250 supra
204 1205 242 1237 in
259 1204 394 1249 Ecloga
414 1206 449 1240 3.
479 1205 556 1249 (Vs.
572 1205 653 1248 90.)
681 1206 747 1246 Qui
763 1206 909 1238 Bavium
926 1217 993 1238 non
1012 1206 1082 1238 odit
1107 1213 1108 1241 1

75 1262 142 1290 etc.
192 1254 232 1289 ld
249 1256 439 1290 conveniet
455 1257 526 1290 dici
543 1256 779 1302 applaudenti
795 1256 937 1301 scriptis
946 1255 1080 1290 Doleti.
1106 1251 1108 1261 χ

74 1307 143 1340 Hic
170 1313 293 1340 tamen
321 1309 461 1341 confert
495 1309 586 1342 duos
616 1309 696 1352 plus
729 1308 883 1351 ingeniis
908 1308 1080 1347 valentes,

73 1360 170 1392 inter
198 1370 290 1404 quos
317 1364 438 1392 tamen
476 1359 664 1393 antecellit*
684 1357 879 1404 Corydon,
924 1371 964 1392 ac
995 1371 1080 1403 pro·
1104 1400 1107 1402 -

74 1409 190 1443 verbii
217 1409 293 1443 vice
330 1410 466 1454 poterit
499 1417 658 1444 extrema
697 1410 855 1444 clausula
890 1410 1078 1455 usurpari:

75 1460 152 1507 (Vs.
168 1460 247 1508 69.)
270 1464 363 1496 Haec
383 1464 542 1504 memini,
584 1468 615 1497 et
640 1465 764 1497 victum
789 1469 855 1497 etc.
882 1469 940 1503 ut,
977 1462 1006 1496 si
1035 1463 1078 1495 de

74 1513 305 1547 contentione
323 1513 493 1559 Longolii
512 1513 695 1549 etErasmi
715 1514 888 1560 dicas⁹²)‚
916 1515 994 1548 iure
1016 1526 1079 1547 an—

72 1571 245 1609 teponere
270 1564 463 1600 Erasmum
486 1566 613 1611 possis.
679 1565 843 1601 Imitatus
875 1572 995 1600 autem
1027 1573 1080 1600 est

71 1615 261 1650 Theocriti
277 1615 445 1662 Idyllium
464 1624 601 1652 sextum
613 1645 623 1659 ,
651 1624 686 1652 et
704 1619 882 1664 quaedam
901 1618 1080 1663 decerpsit

73 1680 116 1702 ex
136 1668 227 1702 aliis.
281 1668 355 1702 Has
373 1669 482 1713 igitur
497 1669 670 1704 utilitates
691 1671 853 1704 continet
870 1668 959 1704 haec
974 1670 1079 1704 Eclo-

73 1732 129 1765 ga.
184 1719 330 1761 Monet,
358 1727 398 1754 ut
415 1722 457 1754 de
473 1721 626 1766 ingeniis
645 1722 796 1755 candide
818 1722 1017 1763 iudicetur,
1045 1729 1080 1756 et

72 1771 280 1816 suppeditat
304 1773 455 1817 figuras,
499 1773 629 1819 quibus
661 1774 869 1817 arrogantia
894 1774 1079 1808 irridetur.

71 1823 264 1858 Postremo
282 1830 317 1857 et
335 1825 466 1859 multas
483 1825 656 1859 arborum
675 1831 709 1858 et
734 1823 929 1859 herbarum
958 1826 1080 1871 appel-

73 1875 228 1911 lationes
245 1876 425 1918 continet,
452 1889 540 1923 quas
556 1877 646 1911 scire
663 1877 818 1911 multum
836 1878 997 1922 prodest.

352 1978 492 2013 Aliud
521 1979 801 2025 eiusdem-⁹3).

179 2045 340 2091 Septima
363 2046 498 2092 Ecloga
535 2059 706 2093 magnam
737 2046 845 2082 hahet
875 2048 1081 2082 similitudi-

75 2110 159 2132 nem
176 2098 381 2143 argumenti
400 2111 480 2132 cum
498 2100 618 2134 tertia.
679 2099 728 2134 Ut
755 2101 850 2134 enim
879 2101 917 2134 in
943 2101 978 2135 3.
1001 2101 1081 2145 plus

77 2157 130 2185 est
146 2151 341 2184 verborum
362 2162 471 2196 quam
489 2163 628 2185 rerum:
664 2152 712 2185 ita
738 2150 796 2186 hic
819 2154 890 2186 duo
920 2159 1081 2197 pastores

79 2202 253 2248 Corydon
270 2209 304 2236 et
320 2200 473 2248 Thyrsis
492 2204 535 2236 de
553 2204 801 2238 antecellentia
819 2205 906 2239 artis
924 2205 1080 2239 musicae

78 2254 164 2289 satis
188 2254 339 2289 ridicule
364 2262 397 2289 et
422 2255 609 2300 pueriliter
633 2256 726 2290 inter
744 2269 780 2291 se
798 2263 948 2292 certant.
1003 2256 1082 2291 Est-

114 2401 164 2434 89)
183 2400 302 2434 ncloga]
325 2401 365 2425 sic
384 2401 432 2425 Ed.
451 2400 542 2431 1565.;
571 2399 654 2424 Editt.
672 2399 765 2432 1563„
787 2400 861 2426 1593.
883 2402 1015 2433 Eulogae.

115 2444 164 2473 90)
185 2441 314 2476 Servius]
336 2443 376 2467 sic
395 2443 478 2467 Editt.
498 2443 590 2473 1563,
613 2442 706 2470 1593.;
732 2442 759 2466 iu
780 2444 829 2468 Ed.
846 2444 921 2468 1565.
942 2445 1029 2468 deest.

115 2486 164 2519 91)
184 2487 267 2516 dicit]
287 2487 327 2511 sic
346 2487 395 2511 Ed.
415 2487 509 2515 1565.;
536 2486 618 2510 Editt.
637 2485 728 2509 1568..
751 2486 825 2510 1593.
845 2487 924 2511 dicet.

116 2530 164 2561 92)
182 2531 293 2555 Erasini
312 2531 402 2559 dicas]
424 2531 463 2553 sit·
484 2531 567 2555 Editt.
587 2530 674 2553 1⁵65..
699 2529 790 2555 1593:
824 2531 870 2554 Ed.
890 2532 964 2554 1565.
983 2532 1080 2556 mendo

153 2567 283 2594 typogr.:
316 2566 426 2589 Erasini
453 2566 543 2595 ᾱῑςῑιε,
575 2565 634 2587 iure
655 2567 793 2593 antepone
813 2565 921 2588 Erasini
942 2567 1026 2590 dicas.
1049 2580 1082 2584 —

472 947 580 981 Tales
596 947 673 981 ludi
699 946 839 992 aliquot
860 952 944 980 sunt
966 946 1004 978 in
1026 943 1082 979 his
1108 933 1110 972 l

154 2600 195 2622 De
215 2600 332 2623 Erasmo
360 2602 387 2623 et
406 2600 541 2628 Longouo
567 2600 638 2622 cous.
659 2599 799 2628 Buriguy:
838 2600 894 2622 nas
914 2601 1006 2624 Lebeu
1033 2602 1080 2626 des

154 2634 219 2658 Des.
239 2634 372 2658 Erasmus
393 2641 447 2658 von
466 2635 637 2658 Rotterdam.
664 2635 739 2658 Tum.
755 2634 773 2657 l.
793 2641 816 2663 p.
835 2634 886 2657 253
900 2642 957 2665 sqq.

119 2676 166 2708 93)
187 2677 278 2700 Hocce
302 2679 494 2707 argumentum
520 2677 547 2701 iu
570 2676 653 2700 Editt.
671 2676 762 2706 1565..
791 2676 866 2701 1593.
892 2678 1011 2710 legitur,
1047 2681 1082 2705 ab

156 2711 205 2735 Ed.
223 2711 298 2736 1565.
319 2713 404 2736 abest.

85 2752 269 2786 Menam-n.
293 2754 399 2786 Orrn.
424 2754 509 2785 Yon.
534 2754 623 2784 XIX.

2079 74 2154 109 338
2168 100 2179 104 -

1153 171 1221 204 que
1256 157 1343 192 haec
1366 158 1501 204 Ecloga
1536 161 1580 193 ad
1614 160 1853 193 imitatIOnem
1890 161 2005 194 octavi
2040 159 2157 206 Idyllii

1152 211 1249 255 apud
1274 209 1512 245 Theocritum
1533 212 1679 256 scripta.
1749 211 1826 246 Etsi
1861 219 1981 247 autem
2013 213 2157 259 aliquae

1149 261 1305 307 Eclogae
1322 264 1402 309 plus
1418 262 1555 297 habent
1574 263 1611 296 in
1629 276 1782 305 recessu,
1812 277 1921 310 quam
1937 266 2056 299 fronte
2071 277 2155 309 pro·

1150 315 1314 349 mittant:
1351 322 1474 349 tamen
1491 313 1598 350 huius
1614 315 1772 361 Eclogae
1792 323 2047 362 argumentum
2067 317 2154 351 sim-

1147 367 1229 410 plex
1255 373 1290 401 et
1308 367 1520 402 Bucolicum
1546 374 1618 409 est,
1655 370 1753 414 quod
1776 381 1852 402 non
1876 369 1946 404 nisi
1968 369 2089 414 inepte
2119 377 2153 403 et

1145 418 1397 463 intempestive
1418 421 1464 454 ad
1482 421 1686 466 graviorem
1706 421 1922 455 sententiam
1948 433 2152 454 accommo-

1426 472 1520 507 Nam
1540 474 1638 519 quod
1656 474 1700 507 de
1716 473 1963 518 grammaticis
1983 473 2021 506 in
2039 474 2151 506 veteri

1144 534 1250 557 versu
1282 523 1433 565 dicitur,
1476 525 1703 569 grammatici
1738 531 1898 566 certant,
1947 524 1989 559 lis
2020 531 2071 558 est
2106 526 2149 558 de

1142 586 1302 620 paupere
1327 587 1457 620 regno:
1493 574 1561 610 hoc
1588 578 1713 610 eodem
1745 578 1855 611 modo
1878 578 1921 610 de
1945 574 2000 611 his
2028 582 2149 621 pasto·

1140 639 1223 661 rum
1253 628 1547 663 contentionibus
1578 629 1778 665 ambitiosis
1806 636 1841 664 et
1865 629 1967 662 inani
1991 635 2147 663 ostenta-

1139 679 1238 714 tione
1257 680 1326 713 dici
1344 686 1473 725 potest.

1461 781 1672 837 Ecloga
1701 781 1821 824 VIII.

1187 854 1521 900 Argumentum
1551 856 1596 890 in
1625 864 1835 891 octavam
1865 856 2096 901 Eclogam.

1239 932 1373 978 Ecloga
1409 941 1536 968 octava
1567 935 1729 970 continet
1766 937 1838 971 duo
1865 936 2004 970 diversa
2035 947 2139 980 argu-

1136 991 1259 1018 menta
1283 984 1375 1019 nihil
1401 984 1652 1029 cohaerentia,
1695 1000 1852 1035 quorum
1886 989 1987 1033 prius
2017 994 2138 1022 tamen

1135 1033 1243 1070 habet
1267 1035 1468 1073 rhetoricas
1488 1040 1640 1083 figuras,
1675 1046 1710 1073 et
1735 1047 1787 1075 est
1811 1041 1957 1086 querela
1983 1041 2137 1085 pastoris

1135 1088 1178 1121 de
1203 1089 1321 1132 puella
1349 1090 1452 1123 alteri
1477 1091 1650 1124 collocata
1662 1091 1729 1138 9¹⁴),
1765 1105 1846 1127 cum
1873 1094 1948 1138 ipse
1973 1107 2051 1128 eam
2078 1097 2137 1130 de-

1134 1139 1280 1184 periret.
1329 1140 1464 1187 Estque
1488 1143 1669 1187 eleganter
1686 1144 1824 1178 variata
1843 1147 1987 1192 querela
2003 1147 2137 1192 figuris.

1134 1191 1258 1225 Prima
1280 1200 1429 1227 vocatur
1447 1191 1746 1241 ἇπροςὸόκητον,
1775 1196 1844 1230 hoc
1871 1204 1941 1239 est,
1975 1199 2137 1244 inspera-

1136 1250 1229 1277 tum:
1258 1242 1358 1278 Nhil
1376 1246 1495 1279 miuus
1512 1248 1733 1290 sperandum
1756 1248 1844 1289 suit,
1879 1261 1988 1295 quam
2015 1258 2055 1284 ut
2078 1251 2135 1285 ille

1134 1295 1279 1329 cuculus
1296 1297 1475 1340 potiretur
1494 1295 1560 1330 hac
1579 1299 1709 1342 puella.
1764 1299 1803 1333 ld
1828 1301 2052 1346 insperatum
2079 1304 2137 1336 de-

1133 1346 1257 1380 scribit
1276 1346 1331 1382 his
1348 1349 1542 1383 similibus:
1572 1350 1649 1394 (VS.
1668 1350 1748 1396 28.)
1767 1354 1847 1387 Cum
1865 1355 2008 1389 canibus
2023 1357 2139 1390 timidi

1134 1401 1266 1434 venient
1283 1402 1328 1434 ud
1341 1403 1460 1444 pocula
1476 1404 1623 1436 Damae.
1676 1403 1817 1438 Deinde
1840 1406 2002 1451 sequitur
2027 1407 2139 1441 inqu-

1134 1451 1242 1483 tatio:
1273 1452 1352 1496 (Vs.
1370 1453 1448 1500 32.)
1480 1455 1507 1487 0
1522 1455 1625 1498 cliyno
1647 1458 1828 1491 coniuncta
1852 1460 1940 1499 ciro,
1975 1460 2055 1493 dum
2077 1461 2137 1493 de-

1132 1504 1237 1546 spicis
1259 1515 1385 1538 omnes.
1440 1505 1567 1538 Tertio
1579 1506 1626 1552 9ὃ)
1650 1508 1902 1552 amplificatio,
1938 1523 2047 1555 quam
2075 1511 2137 1543 diu

1134 1556 1322 1590 amaverit.
1376 1556 1468 1591 Huic
1485 1557 1585 1591 addit
1603 1560 1769 1602 generale
1786 1559 2027 1605 epiphonema
2040 1589 2050 1603 ,
2077 1563 2137 1595 de—

1133 1606 1310 1648 scribens,
1346 1621 1456 1654 quam
1482 1607 1675 1645 vehemens
1699 1612 1846 1646 affectus
1873 1613 1917 1646 sit
1943 1626 2065 1653 amor,
2103 1622 2131 1646 ei

1134 1665 1290 1703 quantos
1309 1661 1487 1694 cruciatus
1505 1662 1628 1695 animo
1644 1663 1802 1697 adferat:
1839 1665 1916 1710 (Vs.
1933 1664 2010 1712 43.)
2036 1669 2137 1700 Nune

1133 1713 1219 1752 scio,
1246 1714 1328 1758 quid
1344 1715 1389 1746 sit
1404 1725 1517 1754 amor,
1546 1715 1645 1748 duris
1662 1718 1699 1748 ἰιι
1714 1717 1841 1750 cotibus
1856 1718 1951 1751 illum
1972 1723 2036 1751 etc.
2072 1718 2138 1750 Hic

1134 1762 1232 1796 locus
1250 1770 1300 1797 est
1319 1764 1356 1796 in
1374 1762 1440 1797 hac
1456 1764 1589 1810 Ecloga
1608 1767 1844 1811 praecipuus,
1876 1770 1919 1802 de
1945 1767 2136 1802 vehemen-

1134 1815 1182 1847 tia
1200 1821 1234 1848 et
1258 1816 1407 1849 saexitia
1435 1817 1582 1851 amoris.
1646 1817 1808 1863 Quarto,
1843 1819 2054 1864 imprecatio
2084 1828 2135 1855 est

1134 1866 1298 1908 furentis,
1320 1874 1361 1901 ut
1376 1874 1450 1902 tota
1471 1881 1592 1902 rerum
1611 1875 1741 1904 natura
1763 1877 1942 1905 mutetur:
1970 1870 2135 1917 (Vs.58.)

1136 1919 1259 1952 Omnia
1285 1920 1336 1953 cel
1357 1923 1503 1955 medium
1524 1920 1612 1964 fiant
1635 1934 1740 1957 meere.
1810 1923 1909 1957 Sicut
1935 1924 1974 1956 in
1997 1925 2136 1969 magnis

1135 1970 1322 2006 doloribus
1358 1969 1525 2008 homines
1561 1980 1595 2007 et
1639 1974 1706 2007 sihi
1751 1981 1785 2007 et
1829 1975 1908 2009 aliis
1951 1975 2135 2010 interitum

1136 2028 1289 2066 optant,
1341 2024 1433 2058 sicut
1475 2025 1525 2058 ait
1569 2025 1701 2060 Xerxes
1748 2028 1843 2070 apud
1887 2027 2134 2062 Herodotum:

1136 2075 1251 2109 Multa
1268 2075 1428 2109 accidere
1445 2074 1599 2118 homiui,
1624 2078 1685 2111 ubi
1702 2078 1805 2111 malit
1820 2091 1897 2112 non
1916 2092 2002 2120 esse,
2025 2093 2134 2126 quam

1137 2140 1223 2162 esse.
1284 2128 1450 2162 Tandem
1476 2129 1572 2163 velut
1596 2131 1718 2164 furens
1740 2130 1903 2176 loquitur
1925 2133 1967 2165 de
1992 2133 2136 2166 abrum-

1137 2180 1253 2225 penda
1274 2180 1359 2214 vita.
1414 2179 1538 2227 Itaque
1558 2182 1659 2226 prior
1684 2194 1766 2226 pars
1783 2182 1938 2228 Eclogae
1965 2185 2139 2229 proponit

1138 2232 1298 2277 exempla
1332 2230 1511 2267 rhetorica
1545 2233 1868 2278 amplificationum
1901 2236 1937 2269 in
1973 2237 2139 2282 querelis.

1138 2283 1276 2318 Licebit
1297 2284 1393 2318 enim
1409 2297 1583 2330 usurpare
1600 2287 1644 2319 ad
1663 2284 1758 2320 hunc
1776 2289 1924 2321 modum
1944 2288 2137 2333 insperata.

1138 2336 1410 2377 insultationes,
1456 2337 1640 2381 generales
1674 2339 1869 2373 sententias
1901 2341 1943 2373 de
1977 2340 2138 2386 quolibet

1138 2389 1278 2422 affectu.
1337 2389 1383 2422 Ut
1400 2396 1519 2422 autem
1539 2401 1663 2424 omnes
1681 2388 1847 2425 homiues
1864 2390 2036 2425 adhibent
2060 2404 2138 2424 mu-

1136 2441 1245 2474 sicam
1267 2440 1304 2473 in
1320 2441 1460 2484 magnis
1477 2441 1662 2476 affectibus
1678 2443 1733 2475 vel
1760 2443 1894 2477 ciendis
1922 2443 1977 2476 vel
2002 2443 2137 2476 lenien—

1137 2494 1203 2534 dis,
1233 2492 1324 2527 sicut
1343 2490 1516 2528 habemus
1534 2494 1572 2527 in
1590 2494 1817 2528 Germanicis
1836 2494 2036 2533 cantilenis,
2059 2495 2137 2541 qui-

1137 2546 1201 2579 bus
1227 2546 1329 2582 odia,
1366 2558 1529 2585 amores,
1566 2546 1729 2591 querelas
1757 2546 2046 2590 complectimur:
2088 2546 2137 2580 ita

1172 2671 1220 2698 94)
1239 2669 1389 2697 collocata]
1409 2668 1447 2692 sic
1468 2668 1551 2691 Editt.
1570 2667 1642 2691 1585.
1655 2684 1662 2697 ,
1686 2667 1776 2697 156⁸.;
1805 2667 1853 2690 1⁴:11⁴
1871 2667 1946 2692 1593.
1966 2668 2081 2692 elocata.

1175 2713 1221 2743 95)
1243 2710 1349 2744 Tertio]
1372 2712 1411 2736 sic
1430 2711 1514 2736 Editt.
1533 2711 1606 2734 1565.
1619 2727 1626 2739 ,
1647 2710 1739 2741 1568,;
1764 2710 1815 2736 Ed.
1832 2710 1905 2734 1593.
1928 2710 2028 2735 Tertia.

1520 2749 1567 2781 22
