2421 3005
104 112 174 148 197
527 108 679 144 LXXXl.

100 197 292 244 Alpheum.
366 198 439 233 Nee
469 204 589 231 tamen
626 198 724 231 locus
759 197 901 241 Pelopis
940 196 977 229 in
1019 196 1110 229 valle

101 251 227 286 Cronii
253 251 476 296 producebat
497 247 664 295 pulchras
688 250 847 284 arbores.

734 107 1135 144 INTERPRETATlo
1171 106 1428 142 OLYMPIOR
1435 107 1505 141 UM
1542 104 1751 142 PINDARI.

202 303 293 338 Cum
312 303 420 347 igitur
440 300 554 336 hortis
571 314 705 336 vacuus
721 309 830 342 esset,
858 300 1036 335 subiectus
1053 311 1109 333 so·
1134 316 1136 322 ⁴

98 357 141 390 lis
158 356 309 400 fulgori,
347 361 431 388 tunc
458 354 600 388 animus
624 354 769 399 impulit
794 367 897 393 eum,
932 351 1110 397 proficisci

99 409 145 442 ad
160 415 293 442 terram
312 406 523 448 Istrianam‚
551 406 632 452 (Ep.
647 408 700 451 2)
727 406 789 440 ubi
813 419 894 439 eum
914 404 1031 438 Diana
1052 415 1109 436 ex-
1134 418 1136 444 ς
1191 438 1198 444 ,
1261 438 1268 444 ,
2096 443 2102 448 .

1134 461 1136 475 2
1163 436 1268 471 lnlam
1288 439 1394 470 corde
1413 437 1538 470 florem
1559 448 1797 477 coronarum,
1832 450 1899 481 pro
1921 441 2171 478 excellentibus

100 461 211 506 cepit,
255 459 457 493 venientem
497 471 516 492 a
554 459 646 503 iugis
684 465 717 491 et
745 457 884 502 angulis
911 455 1108 491 Arcadiae:

99 513 245 559 quando
277 524 357 545 eum
393 512 565 544 mandato
590 508 783 556 Eurysthei
818 509 954 543 coactio
984 508 1107 541 divina

100 564 282 604 incitavit,
309 570 350 598 ut
370 576 513 597 cervam
537 561 728 596 habentem
752 574 859 595 aurea
887 573 1021 595 cornua
1047 560 1109 592 ad-

98 668 248 702 Dianae.
292 668 385 714 (Str.
410 668 463 713 3.)
496 668 598 700 Hanc
626 679 766 700 cervam
800 677 972 711 sequens,
1013 664 1110 697 videt

97 727 228 753 terram
249 726 329 764 post
345 720 515 762 frigidum
534 719 702 752 Boream.
764 717 817 751 lbi
843 723 960 756 stans,
995 716 1109 749 admi-

96 778 194 806 ratus
212 778 264 806 est
282 772 442 811 arbores,
472 778 507 804 et
522 783 580 804 eas
598 769 781 815 expetivit,
803 776 842 803 ut
858 774 994 803 sereret
1011 769 1107 801 iuxta

96 824 314 857 curriculum
335 835 526 869 equorum.

197 876 303 910 Nunc
323 875 432 919 igitur
451 875 621 908 Hercules
643 887 723 907 cum
741 874 890 908 Castore
907 879 942 906 et
963 872 1108 905 Polluce

96 926 274 972 propitius
301 928 345 960 ad
373 925 442 960 hoc
466 927 595 961 festum
619 927 724 961 redit.
761 925 862 972 (Ant.
880 925 932 969 3.)
963 923 994 958 Is
1011 923 1107 957 enim

95 979 282 1013 mandavit
300 980 485 1013 discedens
506 981 551 1011 ad
569 978 766 1024 Olympum
780 1005 788 1017 ,
817 984 856 1011 ut
881 975 950 1010 hoc
972 983 1108 1020 specta-

95 1031 214 1065 culum
241 1037 426 1075 regerent,
466 1031 503 1064 in
529 1043 600 1077 quo
627 1031 693 1063 viri
719 1031 850 1064 virtute
875 1035 1033 1067 certant,
1075 1034 1108 1061 et

95 1095 264 1117 curruum
285 1083 495 1128 agitatione.
564 1082 623 1116 Me
646 1082 756 1127 igitur
778 1081 931 1127 impellit
954 1080 1108 1120 animus,

95 1135 211 1169 dicere
227 1135 380 1180 gloriam
400 1133 584 1174 Theroni,
620 1147 729 1180 quam
756 1135 844 1167 dant
869 1134 900 1166 ei
927 1132 1108 1177 Tyndari-

94 1188 182 1227 dae,
210 1187 294 1233 quia
311 1185 462 1220 Theron
480 1186 565 1219 colit
583 1198 642 1219 eos
669 1186 825 1219 maxima
850 1183 1107 1229 hospitalitate,

95 1236 175 1286 (Ep.
194 1239 247 1284 3.)
276 1238 335 1283 pie
360 1250 507 1272 servans
533 1237 718 1272 sacrificia.

200 1288 351 1324 Excellit
371 1290 517 1335 quidem
534 1290 628 1322 inter
645 1302 700 1322 res
717 1300 808 1334 aqua
821 1315 830 1327 ‚
860 1295 894 1321 et
912 1287 1006 1320 Inter
1023 1299 1107 1332 opes

95 1353 245 1380 aurum;
286 1339 437 1374 Theron
473 1353 559 1374 vero
596 1341 810 1385 perveniens
846 1341 891 1372 ad
927 1351 1105 1374 summam

94 1393 262 1426 virtutem
298 1393 457 1433 excellit,
503 1399 538 1426 et
561 1392 757 1426 domestica
782 1391 915 1425 virtute
943 1391 1107 1425 Herculis

95 1444 238 1489 attingit
264 1445 470 1484 columnas,
505 1445 598 1478 ultra
628 1456 717 1490 quas
750 1444 920 1489 progredi
953 1456 1017 1477 nec
1052 1456 1105 1477 sa-

93 1496 230 1541 pientes
255 1510 320 1531 nec
343 1496 553 1541 insipientes
579 1503 741 1541 possunt.
807 1496 881 1531 Nee
906 1508 971 1540 ego
999 1496 1104 1529 velim

94 1560 136 1581 eo
152 1550 269 1595 sequi;
299 1562 413 1583 vanus
433 1549 526 1582 enim
549 1562 673 1583 essem.

502 1650 593 1691 ode
614 1651 690 1692 lV.

272 1729 303 1759 P
311 1739 327 1760 s
335 1740 355 1760 a
366 1739 386 1759 u
396 1739 427 1760 m
438 1728 502 1760 idi
532 1728 672 1761 Camari
675 1739 694 1759 n
700 1738 758 1759 (teo
784 1725 919 1765 ἵπποις.

198 1800 309 1846 (Str.)
337 1800 472 1846 Iupiter
498 1809 647 1841 tonans,
677 1808 758 1834 tuae
776 1801 895 1833 Horae
920 1802 1103 1835 revolutae

92 1853 269 1889 miserunt
287 1866 364 1894 me,
394 1861 432 1887 ut
450 1855 515 1887 sim
545 1854 643 1887 testis
667 1853 905 1886 certaminum
932 1854 1103 1888 carmine.

92 1904 132 1939 In
155 1905 319 1940 secundis
343 1906 450 1939 rebus
465 1905 666 1939 amicorum
694 1905 877 1937 laetantur
900 1905 1007 1946 boni,
1043 1918 1104 1939 au-

93 1958 168 1991 dito
193 1958 288 1991 dulci
310 1958 453 1992 nuntie.
521 1958 591 1991 Sed
618 1969 638 1990 o
663 1956 817 2001 Iupiter,
861 1956 923 2002 qui
948 1956 1103 1990 Aetnam

92 2008 255 2050 habitas,
296 2022 387 2044 onus
414 2015 603 2043 ventosum
631 2006 841 2054 Typhonis,
877 2008 998 2053 accipe
1026 2021 1104 2053 gra-

91 2062 222 2095 tiarum
242 2073 347 2096 causa
367 2060 435 2095 hoc
452 2059 672 2105 triumphale
692 2072 857 2100 carmen,
884 2058 1004 2107 (Ant.)
1025 2074 1105 2105 per·
1130 2060 1132 2082 ³

640 2112 845 2146 Psaumidis
869 2112 964 2145 enim
993 2113 1104 2145 curri-
1130 2156 1131 2161 1

93 2120 239 2158 petuum
257 2113 380 2148 lumen
397 2113 584 2147 virtutum.

92 2166 158 2199 bus
178 2165 296 2206 venit,
325 2166 388 2212 qui
415 2165 491 2198 olea
520 2164 673 2210 pisatide
699 2171 914 2204 coronatus,
950 2164 1103 2208 gloriam

94 2217 246 2250 excitare
272 2224 377 2262 parat
402 2229 487 2251 suae
510 2217 662 2261 patriae.

94 2268 186 2303 votis
203 2269 250 2303 sit
265 2269 474 2303 benevolus.
527 2268 700 2302 Libenter
715 2269 811 2302 enim
828 2281 940 2314 equos
959 2269 1042 2309 alit,
1071 2275 1105 2302 et

94 2319 377 2366 hospitalitatem
404 2327 562 2361 exercet,
600 2327 634 2353 et
657 2328 755 2354 amat
781 2321 937 2365 patriam
964 2321 1102 2354 sincera

94 2379 233 2414 mente,
261 2380 295 2407 et
311 2375 430 2408 studet
451 2372 716 2419 tranquillitati.
766 2372 841 2406 Nec
859 2373 944 2406 salsa
962 2373 1103 2418 loquar.

92 2424 323 2469 Experientia
352 2427 447 2459 enim
472 2423 636 2457 homines
662 2425 829 2459 ostendit.
872 2425 972 2471 (Ep.)
1001 2425 1103 2470 Quae

94 2476 260 2522 Clymeni
276 2477 386 2511 silium
404 2477 579 2521 Erginum
599 2476 765 2509 liberavit
780 2477 915 2520 probro
935 2476 1104 2510 Lemnia—

96 2540 217 2562 carum
237 2530 428 2563 mulierum
441 2557 451 2570 ,
479 2529 541 2575 qui
560 2528 704 2562 vincens
721 2540 825 2561 cursu
838 2555 847 2569 ,
875 2528 1103 2574 dixitHypsi-

95 2580 200 2625 pylae
224 2593 394 2614 coronam
418 2587 558 2626 petens:
598 2581 678 2613 Tali
708 2593 772 2623 ego
797 2593 873 2614 sum
902 2581 1104 2622 velocitate,

95 2643 224 2666 manus
244 2639 278 2666 et
295 2646 356 2667 cor
375 2632 490 2667 adhue
507 2634 639 2667 valent.
694 2632 808 2676 Saepe
835 2638 869 2665 et
893 2632 928 2665 in
953 2633 1103 2666 iuniori-

95 2683 161 2717 bus
178 2684 259 2717 cani
277 2693 491 2727 nascuntur,
525 2692 560 2719 et
580 2690 725 2730 praeter
753 2697 950 2729 congruum
979 2686 1104 2719 aetatis

97 2740 249 2781 tempus.

729 2216 827 2250 Deus
853 2216 1002 2262 reliquis
1030 2217 1104 2250 eius
1130 2242 1131 2251 1

2101 109 2171 144 198

1580 193 1672 234 Ode
1692 193 1747 236 V.

1218 266 1335 298 Eidem
1370 263 1592 296 Psaumidi
1620 259 1839 308 τεθρίππῳ,
1877 261 2020 309 ἀπήνῃ,
2057 266 2118 299 καὶ

1574 310 1694 357 κέλητι
1711 312 1754 357 5).

1268 388 1361 431 (Str.
1382 386 1432 432 1.)
1459 386 1492 417 Ο
1511 383 1726 423 Camarina,
1761 384 1897 418 Oceani
1924 387 2016 429 filia,
2052 392 2171 436 accipe

1163 489 1355 524 virtutibus
1374 489 1409 522 in
1429 488 1649 534 Olympicis,
1685 494 1718 521 et
1736 501 1801 533 pro
1823 501 1930 523 curru
1950 491 2172 533 Psaumidis;

1163 541 1263 587 (Ant.
1284 542 1334 589 1.)
1364 541 1426 587 qui
1452 548 1550 574 tuam
1576 540 1701 574 urbem
1728 553 1881 585 augens,
1926 555 1985 576 sex
2012 546 2173 588 geminas

98 617 264 656 duceret,
299 627 407 662 quam
427 615 587 662 Taygeta
612 615 683 648 filia
701 615 857 647 Atlantis
880 613 1110 646 dedicaverat
1134 607 1136 631 1
1163 606 1244 628 aras
1261 592 1457 627 hOflOmvst
1475 593 1656 626 ⁵²²⁶¹¹fi⁰¹¹⁵
1670 605 1829 639 qumque
1848 594 2001 636 dlssfflffl,
2023 597 2103 641 (ΕΡ.
2124 599 2173 644 1.)

1163 646 1284 692 equis,
1313 645 1439 686 mulis,
1468 651 1501 678 et
1527 644 1634 677 unico
1660 656 1764 690 equo.
1830 645 1914 679 Tibi
1940 659 2024 681 vero
2045 649 2174 684 Cama-

1162 698 1242 731 rina
1260 699 1413 742 gloriam
1432 697 1602 730 victoriae
1621 697 1755 737 adfert,
1785 703 1819 730 et
1836 705 1974 742 patrem
1991 700 2132 736 Acrona
2142 702 2173 750 ⁶)

1163 751 1406 795 praedicavit,
1436 755 1470 782 et
1487 749 1612 782 urbem
1637 761 1759 783 recens
1784 751 1979 785 conditam.
2009 752 2099 797 (Str.
2119 756 2175 801 2.)

1163 802 1318 836 Rediens
1337 808 1457 835 autem
1476 802 1623 833 domum
1645 813 1663 833 a
1682 800 1784 840 Pisa,
1815 807 1847 834 te
1864 802 1983 837 Pallas
2005 802 2174 846 honorat,

1163 861 1197 887 et
1220 854 1368 888 fluvium
1395 853 1564 892 Oanum,
1600 859 1634 885 et
1659 853 1827 896 paludem
1857 852 1957 898 (Ant.
1975 855 2030 903 2.)
2059 865 2092 891 et
2119 871 2174 891 ea—

1162 907 1279 947 nales,
1309 906 1438 952 quibus
1457 904 1629 949 Hipparis
1650 905 1743 949 rigat
1770 905 1983 947 exercitum,
2018 915 2052 941 et
2076 911 2175 943 addit

1163 965 1295 992 terram
1315 958 1415 997 urbi,
1444 958 1626 991 alluvione
1644 958 1808 990 adserens
1828 961 2017 993 commoda
2039 962 2132 996 urbi.

1266 1012 1417 1057 (Ep.2.)
1447 1009 1597 1054 Semper
1623 1015 1742 1042 autem
1772 1010 1808 1042 in
1840 1010 1971 1044 virtute
2004 1012 2108 1046 labor
2142 1022 2176 1048 et

1162 1070 1326 1107 sumptus
1345 1068 1528 1107 pugnant,
1557 1067 1596 1093 ut
1621 1072 1711 1104 opus
1736 1060 1897 1105 periculo
1925 1068 2057 1097 tectum
2083 1078 2176 1100 asse·

1163 1121 1334 1161 quantur,
1356 1114 1428 1159 et⁷)
1445 1113 1550 1158 potiti
1568 1112 1796 1147 celebrantur
1813 1125 1831 1146 a
1853 1113 2000 1150 civibus.
2020 1117 2110 1160 (Sir.
2121 1118 2175 1165 3.)

1162 1169 1194 1200 Ο
1220 1166 1373 1211 Iupiter,
1409 1164 1576 1199 habitans
1609 1165 1786 1199 tumulum
1821 1165 2015 1206 Cronium,
2051 1175 2085 1202 et
2109 1167 2173 1203 ho-

1162 1231 1298 1252 norans
1314 1216 1493 1263 Alpheum
1511 1224 1545 1250 et
1560 1215 1706 1250 Idaeum
1727 1224 1871 1252 antrum
1885 1244 1894 1257 ,
1921 1220 2050 1252 accedo
2072 1223 2117 1254 ad
2140 1228 2173 1255 te

1161 1271 1328 1316 supplex,
1355 1282 1488 1304 sonans
1504 1268 1627 1314 Lydiis
1648 1269 1762 1310 tibiis,
1792 1270 1892 1315 (Ant.
1911 1270 1963 1317 3.)
1984 1272 2174 1315 petiturus,

1160 1330 1201 1357 ut
1232 1335 1339 1356 ornes
1370 1320 1463 1355 hanc
1496 1322 1621 1355 urbem
1658 1321 1808 1365 egregiis
1843 1322 2023 1363 victoriis,
2072 1331 2106 1357 et
2136 1332 2175 1358 ut

1161 1375 1276 1408 victor
1293 1374 1473 1408 delectans
1489 1386 1525 1407 se
1546 1372 1665 1418 equis,
1695 1371 1826 1407 habeat
1842 1381 2021 1408 senectam
2041 1375 2172 1410 laetam

1194 1477 1224 1510 5)
1246 1478 1404 1509 τεθρίππῳ,
1442 1472 1549 1508 timim,
1582 1475 1628 1499 καὶ
1648 1474 1760 1504 κέλῃ-τῃ]
1788 1475 1829 1499 sic
1856 1475 1940 1499 Editt.
1967 1477 2058 1503 1558..
2088 1479 2173 1509 1563..

1230 1513 1324 1536 eadem
1347 1512 1433 1534 verba
1458 1511 1588 1536 leguntur
1615 1511 1640 1534 in
1667 1510 1743 1534 hisce
1768 1510 1879 1534 Pindari
1908 1510 2074 1535 editionibus
2100 1515 2174 1538 anti-

1231 1547 1386 1578 quioribus.
1413 1551 1480 1575 quas
1499 1545 1617 1569 rontuli:

1268 1584 1290 1606 l.
1328 1580 1531 1605 IllNAAPOY.
1582 1582 1774 1604 OAYMIIIA.
1830 1580 1962 1605 ΙΙΥΘΙΑ.
2018 1584 2171 1609 NEMEA.

1302 1616 1461 1640 ΙΣΘΜΙΛ·
1502 1613 1582 1638 Μετιέ
1608 1613 1759 1647 ἐξηγήσεως
1782 1613 1902 1642 παλαιᾶς
1920 1613 1996 1639 πάνυ
2016 1614 2172 1650 ὠφελίμου,

1301 1649 1347 1675 καὶ
1369 1650 1492 1682 σκολίων
1507 1647 1623 1682 ὁμοίων.
1664 1650 1796 1675 Pindari.
1817 1650 1958 1681 Olympia.
1980 1652 2093 1680 Pythia.
2113 1654 2173 1679 lve-

1300 1693 1369 1711 meu.
1400 1686 1531 1709 lstlnnin.
1570 1686 1785 1716 κ’γαηυοΙἹινΙί,
1813 1691 1902 1715 opera
1922 1687 1949 1709 et
1971 1686 2100 1717 impensa
2118 1690 2170 1713 Pe-

1300 1722 1342 1746 tri
1375 1720 1572 1750 Brnbuccln'j.
1610 1721 1694 1744 Anno
1717 1720 1757 1744 M.
1782 1720 1815 1743 D.
1841 1720 1938 1743 XLII.
1990 1720 2058 1752 62¹,
2078 1723 2169 1752 plaga,

1301 1757 1350 1779 litt.
1366 1761 1460 1783 a-z,
1480 1761 1617 1779 aa—zz.
1637 1761 1792 1784 aaa—qqq
1812 1753 1878 1786 (NJ,
1894 1755 1945 1784 pl.)
1962 1755 2083 1786 sig11.41·
2108 1752 2169 1789 (fist.

1299 1791 1346 1814 sol.
1365 1791 1469 1818 vacat).

1262 1826 1287 1850 2,
1314 1825 1506 1848 ΙΙΙΝΔΑΡΟΥ
1519 1826 1709 1851 OAYMIIJA,
1721 1823 2011 1856 HYGIA,NEMEA,
2021 1825 2172 1850 ΙΣΘΜΙΑ.

1301 1861 1428 1889 Ρμιιιίιινί
1444 1861 1586 1891 Olympia.
1611 1861 1726 1888 Pythia.
1742 1860 1860 1889 Nemea,
1877 1858 2007 1883 Isthmia.
2028 1861 2072 1888 (ln
2086 1861 2170 1892 finex)

1301 1896 1453 1922 Rus-isene.
1488 1901 1540 1924 71211·
1565 1895 1704 1919 haeredis
1725 1894 1858 1918 Andreae
1879 1894 2057 1923 Cratandri,
2089 1896 2171 1920 Anno

1299 1931 1414 1955 Salutis
1433 1930 1473 1953 M.
1491 1930 1522 1953 Ι).
1537 1930 1613 1953 LVI.
1641 1930 1742 1953 Mense
1761 1928 1929 1958 septa-abra
1961 1930 1991 1951 19
2005 1929 2096 1960 plagg.
2118 1931 2171 1956 ute.

1299 1965 1389 1988 ΑψΤ
1409 1965 1480 1989 sien.
1508 1964 1626 1995 (penult.
1648 1970 1707 1995 pag.
1729 1964 1827 1993 νεα-τιὴ
1863 1963 1912 1988 ult.
1939 1970 2000 1993 pag.
2029 1964 2100 1988 idem
2128 1965 2172 1989 in-

1300 1999 1380 2028 signe
1401 2000 1512 2028 typum.
1533 2000 1674 2027 eontinet,
1695 2000 1766 2028 quod
1787 1998 1812 2020 in
1833 1997 1914 2021 titulo
1935 1998 2119 2028 vonspicitur)
2145 2002 2169 2024 ὅ.

1265 2034 1289 2057 3.
1321 2034 1445 2058 Pindari
1465 2034 1611 2063 olympia.
1634 2034 1753 2063 Pythia,
1774 2033 1898 2059 Nemea,
1925 2033 2057 2057 Isthmia.
2097 2034 2170 2059 Cae-

1299 2070 1428 2092 terorum
1449 2070 1513 2092 octo
1536 2069 1708 2096 Lyricorum
1728 2068 1877 2094 carmina.
1898 2068 2017 2098 Alcaei,
2037 2070 2169 2099 Sapphus

1300 2105 1351 2127 cte.
1390 2102 1547 2126 Nonnulla
1569 2104 1658 2126 etium
1678 2104 1816 2128 aliorum.
1856 2103 1957 2127 fiditis»
1980 2103 2018 2127 11.
2040 2104 2170 2128 Graeco-

1298 2138 1394 2161 Iatina
1414 2138 1449 2161 11.
1469 2138 1565 2167 Melete.
1587 2139 1787 2168 recaglnilione
1812 2138 1996 2168 ‹luorumlum
2021 2139 2171 2169 interpre-

1298 2173 1422 2196 tutionis
1441 2172 1585 2196 lucorum.
1606 2174 1633 2196 et
1651 2174 1819 2196 arces-sione
1831 2174 1990 2200 lyricorum
2003 2174 2168 2197 carminum,

1298 2207 1486 2237 locupletata.
1534 2207 1615 2230 ,imm
1636 2208 1676 2231 M.
1698 2208 1729 2230 1).
1750 2208 1858 2231 LXVI.
1889 2208 2057 2231 E-rcudelml
2078 2208 2165 2232 Henr.

1298 2242 1476 2272 Stephanus,
1510 2242 1639 2265 illustris
1665 2243 1725 2265 uiri.
1753 2242 1910 2265 nnldriclei
1932 2242 2057 2273 Fttglyere'
2082 2244 2165 2273 typu-

1296 2277 1434 2308 graphas.
1475 2276 1532 2299 ¹6⁰.

1228 2311 1389 2342 quibuscum
1408 2311 1492 2335 etiam
1512 2312 1536 2334 li.
1553 2312 1570 2334 l.
1590 2313 1719 2343 congruit
1733 2313 1834 2343 Heynli
1848 2312 2043 2341 interpretatio
2063 2311 2104 2334 sie
2119 2312 2163 2334 in-

1230 2346 1350 2376 scripta:

1264 2382 1390 2406 Pindari
1412 2381 1552 2406 Carmina
1571 2389 1608 2406 ea.-
1627 2382 1873 2413 interpretatione
1900 2382 1997 2406 latina
2025 2381 2161 2404 emenda-

1298 2418 1383 2442 tiore.
1424 2417 1549 2441 Curat-it
1573 2418 1726 2441 Christian
1757 2418 1875 2441 Goulob
1898 2417 1991 2444 Heyne
2044 2416 2160 2439 Gottin-

1298 2458 1352 2482 ⁸que
1371 2453 1398 2476 et
1419 2452 1540 2476 Gonane.
1580 2452 1823 2476 MDCCLXXH'
1869 2453 1891 2474 4,

1229 2487 1271 2511 ubi
1292 2487 1358 2510 haec
1377 2487 1522 2515 leguntur:
1554 2487 1654 2511 Eidem
1677 2487 1832 2511 Psaumidi.
1868 2484 2043 2516 andriyiS,
2070 2485 2161 2508 rheda

1228 2523 1358 2552 mutari,
1394 2524 1420 2546 et
1447 2523 1536 2546 celele
1592 2522 1719 2545 noct-mm·
1746 2523 1836 2544 auten·
1862 2520 1911 2543 Ed.
1939 2522 2021 2549 atque
2046 2520 2160 2547 Bergkii

1229 2558 1354 2586 (Poetae
1379 2558 1464 2586 lyrici
1489 2558 1597 2587 qraeczi
1644 2557 1747 2581 Edidit
1769 2556 1871 2579 Tlceml.
1895 2555 1999 2585 Ber-qk,
2039 2554 2161 2584 Lipsiae

1230 2593 1303 2616 12:⁶43.
1323 2593 1349 2616 8.
1370 2599 1395 2621 p.
1414 2593 1423 2615 1
1443 2607 1453 2608 ff
1479 2592 1554 2619 300.)
1576 2593 1676 2615 nabent
1699 2592 1766 2614 lianc
1781 2589 2003 2618 inscriptionem:
2035 2587 2160 2619 ‘Incusum

1224 2627 1411 2659 Καμαριναίῳ
1425 2623 1525 2660 ἀπήνῃ.
1558 2627 1707 2650 Psamnizli
1721 2625 1916 2649 Caemmrinaeo
1931 2623 2023 2647 rheda
2039 2624 2149 2647 mutari

1190 2672 1220 2699 6)
1242 2672 1368 2699 Acrona]
1388 2670 1427 2694 sic
1450 2671 1498 2694 Ed.
1517 2671 1609 2699 15:1⁸3
1649 2669 1696 2693 Ed.
1721 2668 1809 2699 1563.,
1840 2668 1938 2697 Heyne
1966 2669 1993 2690 et
2023 2666 2156 2706 Boeeltl¹.:

1225 2707 1369 2729 Act-onem.

1190 2751 1221 2779 7)
1241 2751 1284 2778 et]
1300 2750 1339 2774 sic
1351 2750 1399 2774 Ed.
1414 2748 1661 2818 15383390eckha
1682 2754 1713 2771 ac
1728 2746 1772 2778 (2
1791 2746 1866 2771 Piud.
1884 2742 1943 2774 (5');
1964 2745 2010 2768 Ed.
2024 2743 2096 2768 1563.
2114 2749 2157 2767 eo.
