2421 3005
66 84 113 119 69
439 85 625 122 LXXVIII.
677 85 967 121 EXPLICATIO
1002 87 1387 125 SENTENTIARUM
1422 91 1727 131 THEOGMDIS.
2055 102 2103 136 70

65 171 169 206 Tunc
185 172 376 217 praecipue
393 173 534 207 secedas
550 172 645 206 intra
661 178 694 205 te
711 172 827 217 ipsum
838 200 847 215 ‚
872 186 952 208 curn
971 186 1006 208 es
1022 174 1059 207 in

66 224 167 257 turba
180 250 189 264 ‚
216 223 253 257 id
271 229 341 265 est,
364 224 444 271 ῷαῐ)
460 224 530 269 ad>t
546 223 618 268 auff
627 225 700 260 bein
717 225 815 262 assott
829 229 895 261 unt>
910 227 991 261 rebe.

170 283 319 318 Vss.37.
351 284 411 318 38.
436 283 642 330 Aliquando
668 285 762 319 dices
780 298 836 319 me
860 286 952 319 bene
977 297 1059 318 con-

66 336 180 370 sulere
196 333 332 382 amico]
361 335 397 368 id
416 342 487 375 est,
514 348 595 380 ages
613 334 702 369 mihi
720 338 852 381 gratias
871 350 934 381 pro
960 349 1060 381 prae-

68 394 188 431 cepto;
215 387 245 421 si
269 387 550 431 obtemperabis,
578 389 784 432 *comperies
806 388 842 421 in
870 387 999 421 eventu
1023 388 1060 420 in

66 439 172 472 rebus
191 437 294 482 ipsis,
323 450 395 472 esse
412 438 567 472 salutare
583 446 825 484 praeceptum.

169 497 417 532 Consideratio
434 504 503 538 est,
531 510 621 544 quae
644 506 832 544 praecepta
855 499 911 531 vel
938 499 1061 532 admo-

66 549 221 583 nitiones
251 549 296 582 ad
329 560 418 594 quas
447 548 596 583 virtutes
626 550 682 583 vel
708 551 829 584 titulos
854 551 1060 583 referendae

66 602 156 641 sint,
190 600 265 633 imo
288 601 383 634 unde
404 601 579 645 petendae
603 601 673 635 sint
697 601 922 635 definitiones
949 601 1061 635 virtu-

67 660 141 686 tum
153 678 162 692 ,
189 651 355 685 videlicet
370 663 412 685 ex
428 651 621 696 Decalogo.
637 681 641 683 .

168 711 288 744 Homo
321 711 429 744 etiam
456 718 574 745 motus
600 718 635 744 et
657 718 773 755 gestus
795 723 919 757 regere
945 714 1061 754 debet,

66 770 106 796 nt
131 762 243 795 vitare
273 762 392 807 aliquo
422 764 529 796 modo
562 762 777 797 offensiones
806 765 938 808 possit,
977 765 1061 810 quia

68 825 192 848 omnes
212 813 325 846 vitare
350 825 424 846 non
449 820 585 858 potest,
617 815 714 858 quod
739 814 911 849 iniustitia
936 816 1062 849 evertit

66 866 183 899 urbes.

117 915 294 950 Iniustitia
311 915 439 948 evertit
456 915 574 950 urbes.

68 990 71 993 -
118 966 255 1001 Omnes
285 964 449 1000 homines
475 979 688 1013 quocunque
713 973 874 1012 tempore
902 975 984 1002 sunt
1010 968 1063 1001 in-

182 1017 277 1052 iusti.

115 1069 211 1114 Ergo
229 1068 389 1114 quotidIe
407 1075 522 1102 essent
538 1069 750 1102 evertendae
766 1069 882 1103 urbes.

170 1121 386 1164 Respondeo
403 1121 447 1153 ad
458 1120 650 1153 Maiorem:
670 1119 844 1153 Iniustitia
864 1117 990 1153 evertit
1006 1133 1063 1153 ur-

69 1173 153 1213 bes,
186 1171 361 1205 iniustitia
385 1171 517 1205 scilicet
540 1171 716 1203 atrocium
743 1171 934 1211 scelerum,
971 1180 1065 1206 menn

70 1227 170 1259 man&
188 1234 225 1268 gu
239 1223 309 1257 niet
326 1221 441 1267 matht.
501 1222 598 1254 Deus
623 1221 707 1254 dicit
732 1222 769 1254 in
784 1222 967 1266 Axnxos²⁸):
999 1223 1065 1256 Pe-

70 1275 167 1319 perci
183 1273 249 1307 tibi
265 1273 374 1308 semel
393 1279 500 1318 atque
517 1273 666 1310 iterum,
693 1273 799 1305 tertio
815 1286 889 1305 non
908 1285 1064 1317 parcam.

172 1333 247 1368 Nos
264 1344 388 1365 omnes
402 1330 576 1365 habemus
597 1332 708 1364 multa
733 1339 897 1375 peccata,
933 1339 967 1365 et
994 1345 1065 1365 me-

71 1396 258 1419 rueramus
282 1395 437 1428 poenam
463 1389 497 1416 et
519 1388 695 1422 mortem,
730 1390 764 1416 et
787 1380 958 1416 habemus
983 1396 1066 1427 poe-

71 1448 147 1470 nas.
199 1435 269 1470 Sed
288 1441 409 1468 tamen
427 1433 524 1468 Deus
548 1433 681 1478 parcit,
718 1440 758 1467 ut
784 1434 895 1479 aliqui
918 1436 1067 1468 redeant

73 1489 118 1521 ad
138 1485 419 1531 poenitentiam,
458 1492 500 1519 ut
530 1485 642 1530 aliqui
676 1492 950 1526 convertantur,
986 1487 1066 1519 ideo

73 1538 192 1572 differt
207 1549 353 1583 poenas.
405 1537 582 1571 Arborem
599 1536 732 1569 malam
749 1543 784 1569 et
799 1537 954 1570 sterilem
971 1536 1068 1570 Deus

72 1602 146 1624 non
163 1590 261 1623 iubet
277 1588 458 1622 eradicare
470 1615 480 1629 ,
507 1589 568 1622 sed
588 1594 773 1632 expectare
791 1600 926 1621 annum
950 1589 1068 1629 istum,

74 1654 154 1676 cum
170 1641 259 1674 feret
273 1640 420 1686 aliquid.
472 1638 570 1673 Deus
597 1645 744 1683 propter
760 1638 954 1673 Ecclesiam
979 1652 1069 1673 sem-

76 1704 138 1737 per
156 1692 296 1737 aliquos
310 1697 446 1731 servat,
470 1690 559 1724 sicut
575 1696 722 1734 propter
744 1702 876 1734 paucos
899 1697 975 1724 erat
998 1703 1069 1725 ser-

77 1750 223 1777 vaturus
240 1742 410 1776 Sodoma.
463 1741 531 1774 Sed
548 1742 692 1786 quando
711 1747 761 1774 est
777 1741 962 1781 atrocitas,
986 1749 1070 1775 tunc

75 1794 174 1828 venit
190 1805 319 1839 poena.
373 1793 527 1839 Quando
543 1798 626 1825 sunt
642 1803 773 1835 magna
796 1792 922 1825 delicta
947 1799 981 1825 et
1006 1793 1071 1825 im-

76 1846 222 1891 punita,
257 1851 342 1878 tunc
366 1844 513 1877 veniunt
536 1854 686 1887 poenae.
748 1842 839 1876 Nam
859 1844 994 1877 atrocIa
1013 1845 1071 1877 de-

76 1898 155 1931 licta
173 1896 373 1942 puniuntur
387 1894 568 1929 atrocibus
586 1893 711 1938 poenis
729 1893 765 1926 in
784 1891 850 1926 hac
867 1894 953 1927 vita.

131 1954 236 1992 O‘t'at’
257 1953 352 2002 ἀνὴρ
369 1949 474 2001 ῥέξει,
503 1955 607 1989 τοῖον
623 1952 723 1992 τέλος
741 1950 858 1987 αὐτὸν
874 1950 1005 1988 ἱκάνει.

77 2016 139 2051 Est
168 2016 302 2049 dictum
349 2015 392 2048 de
428 2010 642 2053 atrocibus,
697 2019 731 2045 et
770 2012 903 2045 dictum
945 2018 995 2045 est
1030 2012 1071 2043 de

77 2067 210 2102 iustitia
230 2073 262 2099 et
282 2065 453 2099 iniustitia
476 2065 592 2104 civili,
621 2070 655 2097 et
679 2064 722 2096 de
750 2063 874 2107 poenis
899 2063 1071 2096 civilibus.

78 2119 150 2164 Qui
164 2130 238 2151 non
259 2115 369 2150 habet
389 2116 561 2150 iustitiam
589 2115 813 2148 obedientiae
838 2115 892 2146 vel
919 2113 1072 2157 discipli-

78 2182 146 2203 nae
161 2169 294 2208 civilis,
320 2168 432 2201 multo
457 2167 575 2200 minus
602 2165 708 2199 habet
730 2166 950 2209 spiritualem
976 2165 1073 2198 iusti-

79 2221 179 2255 tiam.
245 2219 318 2264 Qui
339 2219 424 2252 facit
447 2224 650 2263 peccatum,
690 2217 820 2250 scilicet
842 2223 965 2249 contra
991 2228 1073 2248 con-

79 2271 263 2307 scientiam
275 2297 284 2310 ,
311 2271 370 2303 ille
389 2282 430 2303 ex
446 2269 589 2302 diabolo
607 2275 670 2308 est,
699 2268 813 2313 inquit
829 2268 1002 2312 sc‘riptura
1015 2267 1072 2310 29).

79 2322 162 2357 Ideo
178 2322 285 2356 etiam
301 2321 413 2355 utitur
432 2321 539 2354 verbo
557 2320 672 2353 facere
690 2320 726 2352 in
744 2320 809 2352 isto
827 2319 919 2352 loco.

182 2374 316 2407 Totum
339 2384 449 2416 genus
473 2369 672 2404 humanum
696 2377 748 2404 est
771 2370 807 2402 in
835 2369 1006 2414 peccatis,
1041 2375 1074 2401 et
1099 2397 1101 2414 =

81 2433 202 2459 tamen
224 2424 320 2458 Dens
345 2423 479 2467 colligit
503 2421 714 2460 Ecclesiam,
756 2427 790 2453 et
823 2422 967 2466 quando
999 2432 1072 2453 non
1099 2424 1101 2427 ’

82 2476 282 2521 puniuntur
299 2475 433 2509 atrocia
453 2473 602 2512 scelera,
640 2478 848 2505 evertuntur
871 2479 966 2505 totae
992 2483 1074 2513 gen-
1100 2494 1101 2498 ,

84 2534 136 2562 tes
151 2534 185 2561 et
202 2527 433 2572 respublicae.
488 2523 761 2557 Lacedaemonii
786 2535 859 2555 non
885 2523 1074 2555 voluerunt

120 2644 168 2675 28)
188 2645 264 2669 Hunc
283 2645 371 2667 locum
393 2644 419 2666 in
440 2644 539 2666 Amoso
560 2647 612 2665 non
633 2640 732 2664 inveni.

120 2697 169 2725 29]
191 2697 214 2720 1.
234 2695 288 2720 loh.
305 2695 331 2724 3,
350 2695 376 2719 8.

1112 176 1239 220 punire
1272 177 1512 218 nebulonem,
1555 180 1617 225 qui
1652 188 1877 227 stupraverat
1909 185 1998 219 filias
2024 185 2104 220 Sce-

1113 227 1208 268 dasi‚
1250 227 1300 261 ibi
1322 228 1400 273 ipso
1425 229 1463 262 in
1486 229 1565 262 loco
1598 231 1682 265 victi
1708 241 1789 267 sunt
1819 235 1893 269 acie
1925 235 2103 270 Lacedae-

1112 279 1238 319 monii,
1255 285 1289 313 et
1298 279 1494 314 amiserunt
1510 280 1723 324 libertatem,
1740 285 1820 318 etin
1831 286 2036 321 servitutem
2048 301 2105 321 ve-

1113 336 1243 364 nerunt
1268 337 1302 364 et
1324 332 1430 376 plane
1456 332 1699 369 conciderunt.
1764 336 1851 371 Post
1875 338 2008 371 atrocia
2034 351 2106 373 sce-

1112 381 1185 414 lera
1204 382 1353 416 veniunt
1368 383 1502 424 furiae,
1528 383 1725 430 Erinnyes,
1752 387 1813 432 qui
1831 389 2018 433 impellunt
2041 388 2106 423 ho-

1113 432 1240 472 mines,
1267 440 1305 467 ut
1323 433 1506 468 attrahant
1521 448 1667 480 poenas,
1695 444 1734 470 ut
1751 450 1825 471 non
1847 440 1984 483 possint
2008 441 2107 486 quie-

1113 496 1221 518 scere.
1274 483 1321 517 Et
1344 486 1436 520 filius
1462 485 1531 520 Dei
1553 487 1738 534 inquit30):
1776 489 1848 534 Qui
1870 490 2026 534 gladium
2051 503 2106 524 ac-

1114 534 1264 580 ceperit,
1293 542 1357 570 etc.

1165 586 1238 631 Qui
1256 587 1412 630 gladium
1431 589 1625 633 acceperit,
1653 590 1771 634 gladio
1790 591 1931 636 peribit.

1165 637 1279 681 Reges
1297 638 1475 682 accipiunt
1491 640 1661 683 gladium.

1163 688 1259 732 Ergo
1278 689 1395 733 gladio
1417 691 1596 733 peribunt.

1218 739 1432 784 Respondeo
1450 742 1494 773 ad
1511 741 1704 775 Maiorem:
1740 742 1813 787 Qui
1833 743 1989 787 gladium
2014 758 2109 779 acce-

1116 790 1228 835 perit,
1255 791 1389 825 scilicet
1405 804 1478 824 non
1495 793 1617 825 datum
1642 805 1661 826 a
1689 794 1844 837 legibus,
1879 795 1940 840 qui
1963 796 2029 841 ipsi
2054 809 2110 829 ra-

1115 841 1219 886 piunt
1243 854 1308 876 suo
1336 843 1507 883 arbitrio,
1542 856 1616 876 non
1642 845 1763 876 datum
1790 856 1808 876 a
1833 845 1980 889 legibus.
2046 846 2112 881 Est

1118 905 1186 926 vox
1204 893 1325 926 divina
1343 894 1449 927 etiam
1474 895 1516 927 de
1542 894 1675 928 iustitia
1703 895 1798 927 civili
1821 896 1857 928 in
1882 902 1957 930 toto
1983 910 2110 941 genere

1116 941 1289 978 humano.
1341 944 1412 989 Qui
1429 946 1605 990 acceperit
1621 946 1790 990 gladium.
1831 946 1887 980 Sic
1904 948 2011 981 etiam
2029 961 2112 982 con-

1118 996 1283 1029 cionatur
1299 996 1402 1030 nobis
1417 1009 1481 1040 per
1499 1009 1633 1041 poenas
1645 1024 1654 1037 ‚
1681 997 1771 1031 sicut
1791 999 2024 1032 concionatur
2048 1012 2112 1043 per

1118 1058 1240 1079 vocem
1265 1059 1386 1087 suam,
1422 1048 1504 1093 quia
1530 1060 1714 1093 nunquam
1740 1049 1890 1083 audietis
1915 1048 2112 1084 homicidas

1119 1097 1264 1141 impune
1283 1099 1452 1138 evadere,
1485 1100 1545 1132 sed
1571 1097 1702 1131 attrahi
1727 1099 1950 1134 mirabilibus
1977 1102 2113 1136 casibus

1119 1149 1162 1180 ad
1181 1160 1327 1192 poenas.
1381 1149 1501 1193 Quare
1520 1149 1616 1183 Deus
1639 1150 1698 1182 illa
1723 1150 1865 1183 servat?
1919 1152 2012 1197 Quia
2037 1153 2114 1186 vult

1120 1200 1282 1242 agnosci,
1311 1200 1425 1244 qualis
1441 1201 1485 1233 sit
1503 1200 1596 1244 ipse,
1623 1207 1663 1233 ut
1686 1208 1899 1243 agnoscatur
1923 1203 2115 1237 discrimen

1119 1250 1273 1283 iustitiae
1292 1257 1325 1282 et
1349 1250 1556 1289 iniustitiae,
1580 1257 1613 1284 et
1638 1253 1734 1296 quod
1762 1251 1835 1295 ipse
1861 1253 1906 1285 sit
1929 1253 2052 1293 iustus,
2083 1262 2116 1287 et

1120 1302 1215 1345 quod
1233 1307 1355 1345 postea
1376 1302 1421 1334 sit
1435 1302 1595 1335 futurum
1612 1303 1812 1335 universale
1835 1302 2004 1338 iudicium
2018 1331 2027 1344 ,
2055 1306 2115 1338 ubi

1120 1352 1315 1395 punientur
1334 1352 1394 1384 illa
1412 1352 1541 1386 iniusta
1556 1380 1565 1393 ,
1593 1365 1684 1398 quae
1707 1351 1764 1386 hic
1785 1365 1859 1386 non
1882 1362 1964 1388 sunt
1978 1355 2117 1400 punita.

1121 1402 1170 1435 Ut
1186 1400 1294 1435 chaos
1306 1403 1546 1444 diabolorum,
1573 1403 1683 1443 Nero,
1703 1404 1879 1437 interfecit
1890 1406 2056 1447 Paulum,
2084 1414 2118 1440 et

1121 1454 1282 1498 sequenti
1315 1466 1411 1486 anno
1442 1467 1477 1488 se
1507 1455 1624 1498 ipsum
1656 1455 1849 1496 interfecit,
1890 1464 1967 1490 erat
1988 1470 2118 1502 poena,

1121 1506 1183 1538 sed
1215 1511 1336 1537 tamen
1368 1511 1491 1549 postea
1526 1505 1695 1549 punietur
1723 1506 1759 1538 in
1782 1506 1881 1539 omni
1906 1509 2118 1542 aeternitate

1121 1562 1270 1600 propter
1287 1556 1398 1589 multa
1415 1568 1476 1590 sua
1493 1557 1636 1590 scelera.
1690 1556 1861 1590 Salomon
1879 1558 2037 1606 dicit³¹):
2064 1558 2120 1593 Iu-

1122 1607 1217 1640 stitia
1235 1607 1413 1640 stabilitur
1429 1605 1591 1641 thronus.
1618 1607 1694 1640 Hoc
1710 1608 1786 1641 mlt
1800 1609 1916 1642 dicere
1926 1608 2120 1654 Theognis.

1227 1674 1286 1708 Vs.
1305 1674 1366 1708 39.
1395 1674 1525 1720 Cyrne,
1549 1675 1616 1708 ista
1633 1675 1757 1709 civitas
1775 1682 1825 1709 est
1841 1676 2020 1724 gravida]
2045 1677 2123 1722 beist

1123 1724 1207 1771 nidyt
1221 1725 1316 1769 parit
1333 1732 1394 1758 aut
1411 1726 1584 1770 concepit.
1613 1726 1694 1759 Duo
1709 1733 1791 1760 sunt
1805 1728 1911 1760 verba
1930 1728 1965 1760 in
1978 1728 2121 1762 Psalmo

1123 1777 1294 1810 Miserere
1306 1775 1369 1821 3‘·'):
1407 1774 1509 1811 κύειν
1534 1775 1597 1811 καὶ
1619 1777 1818 1822 κισσᾶνῧῧ).
1875 1776 1996 1812 Κίσσα
2015 1780 2122 1822 signi-

1123 1829 1205 1861 ficat
1221 1827 1259 1860 in
1276 1827 1432 1871 gravidis
1457 1827 1715 1871 appetitionem
1741 1828 1995 1863 inordinatam.
2049 1829 2122 1862 Vo-

1125 1885 1225 1912 catur
1241 1878 1319 1922 pica
1331 1905 1340 1918 ,
1367 1888 1460 1913 menn
1479 1878 1518 1920 sie
1540 1877 1600 1920 tust
1616 1878 1719 1922 baben
1734 1877 1854 1921 seligam
1869 1878 1961 1925 &ing
1976 1891 2014 1925 511
2032 1880 2122 1925 effen.

1124 1931 1269 1963 Κισσᾶν
1292 1929 1467 1973 significat
1491 1929 1746 1973 appetitionem
1766 1929 1802 1960 in
1822 1937 2005 1974 conceptu.
2059 1931 2122 1965 Est

1124 1980 1221 2012 hono
1238 1980 1348 2012 verbo
1366 1992 1449 2014 usus
1469 1980 1506 2012 in
1523 1980 1678 2014 Psalmo.
1739 1979 1921 2023 Significat
1946 1981 2044 2014 illam
2068 1983 2121 2014 in-

1126 2030 1330 2063 ordinatam
1359 2031 1617 2075 appetitionem
1643 2042 1716 2064 esse
1738 2031 1951 2064 transfusam
1980 2032 2017 2065 in
2044 2045 2120 2067 nos.

1124 2081 1201 2114 Hoc
1236 2081 1313 2114 vult
1346 2081 1482 2114 dicere:
1527 2081 1633 2115 Tales
1670 2081 1866 2124 gignimus,
1905 2083 2025 2127 quales
2055 2096 2120 2117 nos

1125 2144 1258 2166 sumus.

1226 2198 1286 2233 Vs.
1304 2198 1364 2234 40.
1400 2199 1657 2243 castigatorem
1683 2206 1826 2233 nostrae
1861 2201 2118 2240 contumaciae,

1125 2248 1377 2297 petulantiae,]
1405 2249 1526 2296 ὕβρις,
1551 2250 1585 2283 id
1599 2257 1660 2291 est,
1688 2252 1797 2294 Ξτιιίρ,
1824 2257 2015 2284 estnomen
2036 2264 2117 2284 con-

1126 2301 1442 2335 venientissimum.
1511 2300 1639 2334 Graeci
1663 2299 1797 2335 habent
1819 2303 1889 2335 duo
1913 2314 2039 2345 genera
2066 2303 2118 2333 in-

1126 2353 1313 2386 iuriarum.
1381 2351 1582 2385 Petulantia
1608 2359 1658 2386 est
1680 2353 1715 2385 in
1738 2353 1948 2390 levioribu53
1993 2359 2116 2385 contu-

1160 2520 1208 2547 30)
1226 2519 1321 2543 Matth.
1336 2517 1381 2548 26,
1399 2517 1441 2542 52.

1161 2563 1208 2590 31)
1228 2561 1308 2584 prov.
1323 2560 1366 2590 25,
1384 2560 1409 2583 5.

1161 2604 1208 2635 32)
1229 2603 1329 2627 Psalm.
1344 2602 1387 2626 Ll.
1408 2602 1449 2633 (in
1469 2602 1557 2627 Lxx.
1578 2603 1604 2625 et
1624 2601 1704 2631 vulg.
1725 2601 1825 2626 Psatm.
1844 2600 1897 2630 t..).

1166 2655 1215 2681 33)
1235 2654 1336 2678 Vocem
1354 2654 1476 2687 ’ζῆῗὲῐῇιῇ
1491 2655 1515 2677 in
1538 2653 1638 2677 psalm.
1651 2653 1694 2676 51.
1712 2652 1735 2675 7.
1765 2653 1848 2675 Lxx.
1870 2656 1978 2677 vertunt
1998 2653 2122 2683 {dicastis

1202 2696 1253 2720 με,
1282 2685 1464 2719 Symmachus
1485 2685 1640 2736 ἐκίῃυῑέἑυε.

1546 2732 1569 2754 Ο
