2341 2973
210 127 285 161 319

212 211 306 246 lianc
331 210 571 245 urbanitatem
607 211 752 254 prodest
778 209 981 244 meminisse
1010 210 1211 254 exemplum

213 263 321 298 huius
336 262 500 305 Eclogae.

317 314 477 347 Secunda
495 312 629 346 utilitas
641 319 704 352 est,
720 312 814 357 ipsos
832 312 1074 357 proverbiales
1090 325 1212 347 versus

212 377 401 409 excerpere
415 391 424 404 ‚
454 371 488 397 et
507 365 701 398 transferre
719 365 762 397 ad
780 370 901 397 nostra
919 364 1083 407 negotia,
1111 370 1149 397 ut
1168 366 1211 397 de

212 417 352 461 scriptis
369 416 489 450 Coclei
504 416 551 462 3¹)
580 422 614 449 et
628 415 777 449 &Vir-elii
802 416 871 448 dici
898 416 1024 459 possit:
1056 417 1121 457 Qui
1137 417 1210 449 Ba-

211 471 301 503 vium
327 480 391 501 non
416 469 485 502 odit
511 474 575 501 etc,
629 466 681 499 De
708 466 826 500 lividis
853 472 887 499 et
911 467 1097 500 virulentis
1114 467 1211 510 inge—

215 520 295 554 niis:
328 519 395 565 (V.
419 518 495 563 15.)
523 521 566 552 Et
582 520 613 551 .ςὶ
632 530 695 551 non
714 519 830 563 aliqua
848 520 1036 559 nocuisses,
1060 524 1210 552 mortuus

211 584 313 606 esses.
367 571 420 604 De
448 571 588 603 insulsis
614 570 864 613 scriptoribus:

210 625 305 656 denti
320 625 479 656 miserum
505 621 630 664 amuda
652 623 845 664 disperdere
867 633 1016 655 carmen.
1069 621 1113 654 Et
1131 622 1208 667 qui-

212 677 293 708 dem
318 673 507 718 praecipue
537 673 721 705 altercatio
748 679 933 717 pastorum
962 673 1122 707 instituta
1146 680 1208 713 est,

210 732 250 759 ut
271 725 444 767 significet
465 724 624 758 eruditos
656 725 699 757 de
730 724 866 768 ingenii
889 725 994 758 laude
1020 731 1208 765 certantes,

210 783 244 810 et
260 777 405 809 interim
423 776 512 809 alios
529 773 884 819 ineptosThrasones
902 776 1061 809 derideat
1072 775 1128 818 3²),
1146 777 1206 821 qui

209 834 243 861 et
260 828 327 873 ipsi
350 828 520 873 congredi
538 839 616 861 cum
638 827 845 861 doctoribus
859 827 905 873 33)
927 833 1115 861 conantur.

504 911 643 946 Aliud
680 913 890 946 eiusdem.

313 971 463 1006 Generis
480 971 655 1005 iudicialis
673 978 724 1005 est
741 969 828 1005 haec
843 971 987 1016 Eclo‘ga.

208 1024 304 1058 enim
328 1025 423 1057 rixas
435 1050 443 1063 ,
480 1023 594 1067 iurgia
606 1049 616 1063 ,
644 1029 677 1056 et
705 1024 860 1056 duorum
886 1030 1073 1068 pastorum
1099 1023 1205 1057 rusti-

207 1089 286 1110 cum
307 1082 486 1109 certamen
504 1101 512 1113 ,
555 1080 635 1107 uter
665 1075 843 1107 cantando
863 1081 1020 1119 praestet
1050 1082 1082 1108 et
1106 1081 1205 1108 ante-
1230 1089 1231 1094 ¹

207 1128 322 1161 cellat.
374 1126 490 1159 Porro
517 1132 569 1159 est
594 1132 669 1158 tota
697 1127 741 1158 ad
760 1126 933 1159 Graecam
963 1126 1203 1159 imitationem

207 1178 408 1222 conscripta
428 1189 447 1210 a
468 1177 632 1221 Virgilio.
686 1177 779 1211 Nam
797 1189 838 1210 ex
861 1183 990 1223 quarto
1017 1184 1051 1211 et
1077 1177 1203 1223 quinto

207 1228 395 1264 Theocriti
419 1227 545 1274 Idyllio
578 1226 668 1262 haec
697 1230 769 1262 sere
796 1229 918 1262 onmia
948 1235 1129 1263 mutuatus
1154 1236 1205 1263 est

209 1288 339 1327 poeta,
369 1293 589 1326 quamquam
606 1281 713 1313 etiam
741 1293 783 1314 ex
809 1280 886 1314 aliis
911 1281 1082 1326 pleraque
1109 1293 1204 1315 sum-

208 1333 319 1378 pserit
332 1359 340 1372 ,
370 1344 461 1377 quae
479 1332 550 1366 suis
567 1332 652 1365 locis
670 1331 841 1365 indicavit
868 1332 912 1366 H.
928 1332 1099 1366 Eobanus
1118 1331 1205 1366 Hes-

209 1398 267 1419 sus
276 1384 358 1430 33⁸),
376 1384 455 1428 piae
474 1383 683 1423 memoriae,
699 1390 738 1417 ut
753 1383 898 1416 videant
915 1384 1031 1428 pueri,
1052 1396 1143 1429 quae
1160 1383 1205 1417 sit

207 1443 302 1470 recta
324 1436 416 1468 ratio
433 1435 595 1468 vertendi
615 1435 772 1469 Graecos
788 1435 991 1479 scriptores.
1045 1435 1205 1480 Apparet

208 1494 327 1521 autem
352 1485 420 1520 hoc
443 1487 549 1521 fuisse
574 1487 611 1519 in
635 1487 784 1520 consilio
809 1493 959 1531 poetae,
1002 1488 1087 1520 dum
1113 1485 1206 1520 hanc

206 1539 388 1579 scriberet,
416 1545 456 1571 ut
472 1540 644 1571 vertendo
665 1539 802 1572 Graeco
822 1538 980 1571 carmine
998 1551 1062 1583 per
1079 1539 1204 1572 ludum

206 1591 350 1634 copiam
370 1597 548 1623 exerceret
562 1590 609 1636 3²)
623 1617 632 1631 ,
667 1596 700 1623 et
719 1590 863 1634 attingit
885 1589 1011 1622 leviter
1029 1590 1205 1623 Pollionis

206 1642 350 1681 laudes,
385 1641 484 1676 cuius
516 1654 624 1686 opera
648 1653 792 1687 quoque
817 1652 900 1674 suos
925 1652 1030 1683 agros
1064 1642 1108 1674 ab
1132 1642 1205 1675 Au-

207 1700 310 1738 gusto
327 1693 586 1737 impetraverit.
630 1692 819 1726 Caeterum
840 1689 928 1724 haec
945 1691 1078 1736 Ecloga
1098 1691 1206 1725 habet

207 1752 279 1778 tres
304 1750 434 1789 partes.
501 1744 624 1777 Prima
648 1756 732 1788 pars
755 1749 807 1777 est
830 1743 1036 1782 exordium,
1071 1743 1107 1776 in
1132 1756 1203 1789 quo

206 1797 431 1830 contendunt
448 1795 541 1829 inter
559 1808 595 1829 se
611 1801 772 1840 pastores
791 1800 826 1828 et
842 1795 949 1827 verba
967 1801 1204 1835 commutant,

208 1848 298 1881 alter
322 1847 425 1880 alteri
450 1847 600 1880 crimina
631 1847 815 1880 obiiciens.
867 1846 1029 1879 Secunda
1056 1853 1107 1880 est
1122 1859 1205 1890 pro-

207 1899 349 1932 vocatio
377 1899 421 1931 ad
455 1905 635 1932 certamen
668 1897 831 1932 canendi.
907 1897 1030 1930 Tertia
1056 1910 1139 1942 pars
1157 1898 1203 1944 3)

208 1957 259 1984 est
295 1951 411 1994 ipsum
453 1956 653 1990 certamen,
694 1950 731 1982 in
767 1961 838 1995 quo
873 1948 1034 1983 Deorum
1069 1950 1205 1990 laudes,

208 2014 366 2041 amores,
404 2002 566 2035 encomia
595 2001 775 2035 clarorum
805 2000 989 2041 virorum,
1016 2001 1203 2036 insectatio

207 2053 432 2087 aemulorum
451 2060 485 2087 et
502 2053 730 2087 indoctorum
750 2052 892 2087 texitur.

507 2138 640 2172 Aliud
678 2139 892 2172 eiusdem.

314 2197 411 2230 Haec
428 2196 557 2241 Ecloga
585 2199 741 2244 primum
763 2199 876 2243 iurgia
899 2205 933 2231 et
957 2197 1204 2231 contentiones

211 2249 305 2281 inter
323 2255 484 2293 pastores
515 2251 693 2290 continet,
729 2263 813 2283 mox
846 2256 1028 2283 certamen
1054 2248 1203 2281 canendi

247 2351 294 2381 31)
315 2352 368 2375 loli.
389 2351 552 2374 Coclilaeus.

246 2395 294 2425 32)
313 2393 448 2425 derideat]
470 2394 518 2417 sic.
540 2393 586 2418 Ed.
604 2394 695 2421 1555»,
715 2395 798 2418 Falitt.
818 2395 908 2419 1568..
931 2394 1006 2419 1593.
1027 2394 1173 2418 derideret.

249 2438 297 2469 33)
318 2437 497 2468 doctioribus]
520 2437 559 2460 sic
575 2437 752 2465 Edilhlbtffi„
772 2439 863 2465 156u.;
884 2439 1021 2462 1⁴:11.1593.
1037 2437 1204 2462 doctoribus
1230 2421 1232 2443 ἲ

247 2480 306 2510 33η)
335 2480 399 2504 scil.
419 2480 445 2503 in
465 2480 547 2502 lios-ce
573 2480 655 2503 libro:
683 2479 713 2503 Ρ.
733 2480 844 2507 Virgilii
864 2480 987 2504 Maronis
1006 2480 1205 2507 Bucolicorum,

283 2518 345 2543 post
364 2520 458 2537 omnes
479 2514 596 2537 omnium
617 2513 733 2536 aliorum
761 2520 812 2537 uon
833 2516 1031 2538 contemnenda
1048 2514 1206 2545 explicatio,

284 2549 437 2578 perscripta
472 2549 504 2572 de
537 2548 766 2571 commentatione
796 2549 882 2571 loacli.
915 2549 1067 2580 (jannei-arii
1097 2549 1207 2578 Pallep.y

284 2589 341 2605 cnm
363 2583 526 2607 indicatione
546 2586 571 2606 et
589 2582 817 2612 interpretatione
831 2584 952 2607 locorum
968 2584 1114 2611 Theocriti.
1131 2583 1207 2607 cuius

288 2619 368 2640 autor
389 2619 431 2640 est
451 2619 482 2641 ΙΙ.
503 2619 631 2642 Eobanus
653 2618 769 2640 nessus.
789 2619 825 2642 M.
841 2618 871 2641 1).
889 2618 959 2641 ixl.
986 2617 1029 2649 (lu
1049 2617 1131 2649 anm)
1152 2619 1206 2641 Ar-

283 2652 421 2681 genten-ati
436 2653 582 2675 excutiebat
598 2652 704 2675 Blasius
717 2651 959 2676 Fabriciust‘hein.
983 2652 1048 2685 13¹s²
1056 2653 1147 2683 plagg.
1165 2653 1189 2675 8.

250 2694 296 2724 31)
317 2694 471 2726 exerc-eret]
493 2695 531 2719 sic
551 2696 598 2718 Ed.
618 2696 707 2725 1565.;
728 2694 811 2718 Editt.
831 2695 904 2719 ¹568.
917 2712 923 2718 .
946 2695 1021 2721 ¹593.
1043 2698 1179 2719 exerceat.

250 2737 293 2766 735)
318 2740 397 2765 pai-‘xl
419 2738 457 2761 sic
478 2739 524 2762 Ed.
544 2739 633 2763 1565.:
654 2738 679 2761 in
702 2738 784 2763 Editt.
806 2738 895 2768 mee,
914 2738 988 2762 1593.
1009 2739 1092 2763 (inest,

799 122 922 158 PHIL.
959 122 1071 157 MEL.
1100 122 1301 157 SCRIPTA
1336 122 1674 159 PHILOLOGICA.

912 569 988 614 (vs.
1006 570 1084 614 27.)
1113 572 1209 605 Stre·-
1235 562 1237 591 ῐ

1234 693 1236 706 r
1261 685 1389 717 genere
1406 672 1500 706 vitae
1513 700 1522 713 ,
1551 679 1585 706 et
1602 673 1813 717 praesertim
1829 672 1924 705 inter
1939 674 2075 707 doctos.

1036 971 1205 1005 Continet
1230 973 1232 988 ³

2167 182 2170 184 -
2191 128 2266 164 320

1237 227 1240 254 3
1265 209 1460 254 propositis
1476 210 1700 253 pignoribus,
1720 210 1819 244 cuius
1835 210 2041 245 certaminis
2057 209 2164 245 iudex
2180 225 2264 246 con-

1265 261 1425 295 stituitur
1454 261 1672 303 Palaemon,
1715 263 1812 296 unde
1847 273 1981 295 nomen
2013 269 2065 297 est
2097 262 2265 308 Eclogae,

1266 313 1328 358 qui
1354 319 1475 346 tamen
1496 324 1572 345 non
1592 313 1824 358 pronuntiat,
1852 313 1913 347 sed
1930 313 2103 360 relinquit
2122 321 2264 349 senten-

1264 365 1351 397 tiam
1387 365 1424 397 in
1452 364 1634 408 ambiguo.
1700 364 1777 398 Etsi
1802 370 1922 397 autem
1954 371 2051 398 certo
2077 365 2161 399 sciri
2186 378 2263 400 non

1236 426 1238 447 ε
1264 421 1398 460 potest,
1439 415 1525 461 quid
1575 413 1642 448 hac
1669 415 1803 460 Ecloga
1836 415 2008 461 Virgilius
2050 416 2118 450 sibi
2163 417 2262 458 velit,

1263 474 1385 500 tamen
1402 473 1553 511 apparet
1576 479 1657 501 eum
1682 467 1880 511 significare
1904 468 2077 508 voluisse,
2104 468 2261 502 duorum

1262 524 1452 563 poetarum
1497 519 1553 551 vel
1600 525 1789 563 potentum
1833 519 1965 552 civium
2008 519 2261 553 Romanorum

1263 570 1564 610 aemulationem,
1593 582 1748 616 quorum
1777 569 1867 602 alter
1891 570 1997 603 alteri
2013 583 2088 604 non
2105 570 2261 604 voluerit

1262 622 1398 656 cedere.
1465 621 1572 655 Tales
1603 621 1862 654 aemulationes
1891 628 1975 655 sunt
1998 622 2072 655 fere
2098 622 2137 654 in
2160 621 2261 654 omni

2124 672 2260 707 Omnes

1261 725 1355 757 enim
1373 736 1438 758 nos
1454 725 1588 768 primas
1606 724 1828 769 appetimus,
1856 729 1891 756 et
1910 735 1997 767 prae
2015 724 2093 758 aliis
2109 736 2176 758 nos
2201 736 2259 757 ex-

1261 776 1338 808 tolli
1361 776 1544 820 cupimus,
1573 778 1670 821 quod
1697 775 1822 809 vitium
1848 787 1867 807 a
1893 774 2040 809 Graecis
2064 773 2257 821 φιλαυτία,

1232 826 1234 840 ”
1259 825 1327 860 hoc
1350 833 1419 865 est,
1456 839 1559 860 amor
1582 827 1638 860 sui
1663 827 1774 871 ipsius
1802 825 1951 867 dicitur,
1986 833 2020 859 et
2045 832 2085 860 ut
2112 831 2163 859 est
2184 827 2258 859 soe-

1259 879 1363 919 dum,
1400 878 1448 911 ita
1482 878 1746 923 perniciosum,
1790 884 1824 911 et
1864 890 2006 912 summo
2051 877 2170 911 studio
2204 877 2258 910 fu·

1258 930 1440 974 giendum.

1556 1015 1696 1049 Aliud
1733 1016 1948 1050 eiusdem.

1362 1082 1487 1116 Tertia
1510 1082 1643 1128 Ecloga
1666 1081 1775 1116 habet
1802 1084 1890 1117 duas
1917 1089 2058 1128 partes,
2095 1083 2255 1116 convicia

1257 1140 1381 1167 mutua
1400 1140 1608 1178 pastorum,
1635 1141 1669 1167 et
1688 1135 1968 1169 contentionem.
2010 1133 2156 1168 Initium
2174 1146 2257 1167 con-

1258 1185 1433 1218 viciorum
1460 1187 1614 1220 sumitur
1636 1186 1680 1218 ab
1705 1186 1930 1219 accusatione
1947 1184 2026 1219 heri
2043 1186 2201 1229 Aegonis
2223 1192 2259 1219 et

1257 1237 1350 1271 servi
1369 1236 1581 1271 Damoetae.
1629 1237 1814 1282 Aegonem
1836 1243 1978 1271 accusat
1999 1236 2258 1281 indiligentiae,

1258 1289 1355 1334 quod
1378 1289 1457 1333 plus
1481 1289 1575 1322 colat
1600 1289 1775 1329 amicam,
1803 1300 1911 1334 quam
1933 1300 2052 1334 pecus.
2104 1288 2258 1322 Servum

1257 1351 1343 1372 vero
1369 1347 1509 1373 accusat
1535 1340 1754 1373 infidelitatis
1779 1352 1819 1372 ac
1843 1340 1940 1373 surti.
1994 1339 2111 1372 Porro
2137 1339 2258 1372 convi-

1259 1391 1310 1423 cia
1333 1397 1415 1424 sunt
1430 1392 1522 1423 sacta
1543 1403 1583 1423 ex
1602 1390 1863 1423 obiectionibus
1883 1397 1917 1423 et
1937 1390 2258 1424 confutationibus.

1257 1442 1345 1475 Post
1374 1442 1533 1474 convicia
1564 1441 1712 1486 ponitur
1744 1440 1884 1474 occasio
1919 1441 2180 1481 contentionis,
2223 1447 2257 1474 et

1259 1493 1402 1526 additur
1443 1492 1634 1537 descriptio
1679 1504 1740 1526 seu
1791 1492 2056 1525 commendatio
2095 1492 2258 1537 pignoris

1258 1544 1445 1590 utriusque
1472 1543 1677 1589 deponendi
1693 1556 1758 1588 pro
1778 1543 1950 1577 victoriae
1967 1544 2143 1588 praemio.
2185 1544 2257 1578 Ad—

1258 1596 1355 1629 ditur
1372 1602 1406 1628 et
1425 1596 1549 1629 electio
1569 1595 1694 1629 iudicis
1714 1608 1793 1628 cum
1812 1595 2061 1628 admonitione
2079 1596 2122 1628 de
2139 1595 2256 1628 officio

1258 1659 1344 1680 vero
1367 1647 1503 1680 iudicis.
1556 1646 1791 1680 Contentioni
1806 1646 2050 1690 praemittitur
2067 1646 2186 1680 brevis
2203 1646 2257 1680 in-

1258 1698 1384 1731 vitatio
1409 1698 1535 1732 iudicis
1562 1697 1663 1731 electi
1688 1699 1732 1731 ad
1760 1699 1984 1738 canendum,
2008 1709 2099 1744 quae
2114 1704 2257 1743 sumpta

1258 1756 1309 1784 est
1332 1762 1350 1782 a
1380 1749 1620 1794 descriptione
1644 1749 1828 1794 temporis.
1882 1749 2039 1783 Additur
2064 1749 2148 1782 item
2177 1761 2255 1783 mo-

1258 1802 1335 1841 dus,
1362 1813 1468 1846 quem
1486 1801 1580 1834 inter
1597 1802 1798 1834 canendum
1815 1813 1957 1834 servare
1975 1801 2116 1834 debent.
2152 1800 2257 1834 Prin-

1258 1853 1391 1897 cipium
1412 1852 1651 1886 contentionis
1677 1850 1785 1885 habet
1802 1853 2081 1886 invocationem.
2115 1851 2256 1885 Deinde

1257 1903 1420 1950 sequitur
1456 1905 1636 1948 catalogus
1668 1903 1890 1943 carminum,
1919 1903 2064 1948 'quibus
2096 1902 2189 1936 inter
2219 1915 2255 1937 se

1258 1956 1480 1989 contendunt
1504 1962 1676 2000 pastores.
1731 1954 1900 1987 Carmina
1919 1954 2104 1987 Menalcae
2122 1952 2255 1987 habent

1258 2008 1441 2053 quandam
1473 2006 1678 2040 irrisionem
1714 2005 1876 2038 omnium
1907 2018 2052 2046 eorum,
2087 2017 2179 2051 quae
2203 2005 2256 2039 di-

1259 2065 1387 2092 cuntur
1423 2071 1441 2090 a
1474 2058 1671 2097 Damoeta,
1711 2057 1759 2089 ita
1788 2062 1827 2089 ut
1855 2057 2041 2101 responsio
2070 2056 2254 2090 Menalcae

1259 2109 1408 2143 omnino
1428 2109 1474 2143 sit
1490 2115 1551 2142 aut
1569 2108 1705 2147 maior,
1734 2114 1795 2141 aut
1809 2108 2003 2144 contraria.
2065 2107 2255 2142 Concludi-

1259 2168 1317 2195 tur
1332 2161 1513 2194 contentio
1533 2159 1722 2193 contrariis
1741 2160 1964 2204 aenigmatis.
2018 2158 2156 2193 Ultimo
2176 2159 2255 2193 loco

1257 2213 1406 2258 ponitur
1428 2211 1603 2245 sententia
1629 2210 1773 2251 iudicis,
1802 2224 1872 2257 qua
1891 2211 2029 2246 dirimit
2052 2217 2086 2245 et
2111 2223 2256 2257 compo-

1257 2265 1311 2298 nit
1334 2263 1539 2297 universam
1557 2263 1838 2298 contentionem.

1562 2348 1695 2382 Aliud
1734 2349 1950 2382 eiusdem.

1360 2415 1545 2460 Principio
1564 2414 1621 2449 hic
1639 2417 1768 2458 disces,
1795 2429 1858 2451 cur
1874 2415 2026 2460 Eclogae
2044 2426 2177 2447 nomen
2202 2415 2255 2447 in-

1259 2466 1373 2500 ditum
1400 2468 1444 2501 sit
1475 2466 1528 2501 liis
1565 2468 1769 2509 versiculis,
1814 2479 1963 2512 nempe,
2000 2467 2096 2512 quod
2122 2465 2252 2511 Ecloga

1261 2531 1340 2552 cum
1360 2519 1428 2552 alia
1448 2517 1657 2560 cohaereat,
1688 2520 1749 2553 sed
1774 2519 1934 2563 singulae
1956 2516 2112 2551 habeant
2135 2517 2254 2562 singu-

1259 2570 1348 2602 laria
1375 2578 1596 2614 argnmenta.
1651 2570 1806 2616 Ideoque
1830 2570 1961 2613 Ecloga
1985 2575 2134 2603 vocatur
2155 2580 2254 2614 sepa—

1262 2628 1377 2655 ratum
1407 2635 1562 2657 carmen.
1616 2623 1738 2656 Prima
1758 2621 1889 2665 Ecloga
1917 2620 2086 2654 beneficia
2103 2619 2255 2664 Augusti

1262 2681 1531 2707 commemorat.
1586 2674 1707 2707 Altera
1731 2673 1912 2719 querelam
1939 2673 2097 2706 continet
2113 2670 2253 2714 Virgilii

1263 2737 1325 2765 eo,
1351 2727 1446 2771 quod
1471 2726 1613 2771 negotia
1641 2727 1684 2759 de
1707 2737 1745 2758 re
1770 2737 1833 2760 sua
1856 2724 2024 2758 familiari
2046 2723 2253 2767 occupanda
