2421 3005
154 66 225 104 501
623 65 712 102 XCI.

766 64 1056 102 ENARRATIO
1091 62 1576 102 METAMORPHOSEON
1612 67 1773 104 OVlDlI.

766 194 976 235 OVIDII
1015 194 1618 234 METAMORPHOSEON

285 266 577 298 ENARRA'rto
611 264 834 298 PHILIPPI
866 265 1241 305 MELANTHONIS,
1272 266 1482 297 Gssonou
1513 267 1676 298 stiam
1707 267 1899 300 Nonum:
1930 269 2087 301 EDITA.

784 346 832 381 In
867 347 1036 381 librum
1073 344 1098 380 l.
1137 329 1592 392 Metamorphoseon.

149 425 211 460 De
238 425 451 461 utilitate
479 426 771 467 fabularum,
802 432 1087 471 argumento
1118 438 1164 458 ac
1189 430 1192 483 J
1220 425 1330 459 totius
1367 425 1462 459 vitae
1500 433 1535 459 et
1569 425 1790 461 conditionis
1826 424 2030 465 humanae:
2075 440 2158 461 nam
2193 427 2229 461 in

477 479 621 514 titulo
651 478 836 524 Operis.

254 549 398 583 Poetica
429 546 521 582 nihil
548 549 647 583 aliud
673 556 725 583 est
752 548 822 583 nisi
840 545 1076 593 philosophia
1097 560 1163 581 nu-

150 600 260 635 meris
286 607 321 635 et
341 601 472 636 sabulis
501 601 677 635 concinna
694 628 702 642 ‚
739 613 810 647 qua
845 599 1081 634 honestarum
1105 612 1162 633 ar-

146 652 238 696 tium
264 653 430 687 doctrina
454 660 488 687 et
512 660 704 699 praecepta
729 654 772 686 de
801 652 964 686 moribus
981 652 1160 685 illustrata

145 717 344 750 regnorum
366 706 538 751 exemplis
557 706 808 743 continentur;
835 717 920 738 nam
939 705 1035 749 apud
1048 704 1161 738 Grae-

147 769 206 792 cos
226 757 341 792 multo
359 765 462 799 ante,
491 771 601 804 quam
620 758 815 792 extiterunt
832 754 1062 802 philosophi,
1088 762 1161 791 stu-

145 810 204 844 dia
225 811 426 856 sapientiae
452 824 469 844 a
491 811 606 856 poetis
632 810 809 844 celebrata
836 816 939 850 sunt,
968 815 1009 842 ut
1034 809 1159 843 Cicero

143 864 183 897 in
199 862 416 898 Tusculanis
440 862 469 906 ¹)
503 869 673 903 testatur,
710 861 773 895 nbi
799 861 942 903 scribit,
984 861 1160 908 antiquis-

144 917 276 952 simum
305 929 323 950 e
349 915 463 950 doctis
490 927 564 949 esse
590 927 701 959 genus
728 920 934 959 poetarum.
998 913 1044 946 Hi
1073 926 1159 947 vero

142 976 185 1004 ut
215 968 406 1003 lenociniis
441 967 658 1014 quibusdam
692 967 878 1000 allicerent
914 964 1082 1000 homines
1114 967 1157 999 ad

143 1021 378 1061 discendum,
407 1019 603 1054 consectati
631 1025 715 1053 sunt
739 1020 828 1054 duas
852 1031 930 1060 res,
960 1031 1052 1064 quae
1081 1019 1159 1064 plu-

141 1074 277 1108 rimum
295 1071 545 1107 delectationis
574 1071 750 1105 afferunt:
785 1083 916 1116 nempe
943 1071 1157 1105 suavitatem

141 1138 403 1165 numerorum,
439 1130 475 1158 et
497 1130 703 1158 commenta
730 1124 958 1164 fabularum,
991 1123 1026 1157 id
1060 1125 1157 1170 quod

142 1178 320 1224 significat
337 1177 512 1211 Horatius
525 1176 557 1223 2)
569 1203 577 1217 ,
606 1189 687 1210 cum
705 1176 841 1222 inquit:

245 1239 281 1263 Et
300 1236 345 1270 2⁸)
366 1237 505 1269 prodesse
525 1237 624 1262 volunt
642 1237 671 1262 et
689 1235 736 1269 2³)
758 1237 900 1262 delectare
918 1238 1026 1269 poetae.

140 1281 397 1327 lntelligebant
422 1283 518 1316 enim
544 1283 821 1316 delectationem
846 1294 920 1316 esse
948 1282 1154 1315 illecebram

141 1333 317 1376 discendi,
341 1341 376 1368 et
392 1334 554 1367 carmine
573 1335 687 1379 magis
705 1334 854 1368 excitari
869 1333 1024 1375 animos,
1044 1346 1153 1380 quam

140 1386 258 1420 soluta
277 1386 457 1427 oratione,
472 1398 602 1433 resque
621 1399 724 1421 veras
735 1387 815 1431 plus
827 1386 1082 1421 admirationis
1092 1384 1156 1420 ha-

139 1439 238 1480 bere,
251 1438 479 1484 siingenioso
490 1439 675 1484 figmento,
686 1446 860 1485 tanquam
875 1451 1038 1484 gemmae
1051 1451 1155 1480 auro,

140 1491 426 1526 includerentur.
456 1491 579 1536 Quare
597 1504 676 1526 cum
691 1492 832 1537 poetica
851 1492 1003 1526 eandem
1021 1492 1154 1525 doctri-

139 1555 226 1578 nam
256 1557 365 1590 quam
384 1541 618 1589 philosophia
642 1545 878 1589 profiteatur,
907 1556 982 1578 non
1002 1545 1152 1579 dubium

141 1602 194 1630 est
222 1597 362 1630 fabulas
387 1601 579 1641 poetarum
613 1609 687 1631 esse
720 1597 846 1642 plenas
886 1597 1087 1642 sapientiae
1121 1603 1155 1630 et

141 1648 375 1681 eruditionis:
413 1653 540 1692 utpote
567 1650 737 1683 confictas
764 1649 808 1682 ab
833 1647 1065 1691 hominibus,
1091 1649 1153 1695 qni

141 1712 251 1734 omne
285 1700 445 1734 studium
480 1699 518 1732 in
552 1700 718 1734 doctrina
753 1700 1004 1747 sapientiaque
1043 1702 1153 1735 collo-

140 1758 280 1786 carunt.
310 1752 409 1786 Sicut
426 1752 520 1786 enim
542 1752 579 1785 in
590 1753 723 1786 vitibus
739 1750 1006 1797 pulcherrimae
1023 1761 1057 1787 et
1072 1754 1154 1787 dul-

140 1804 302 1839 cissimae
320 1817 412 1838 uvae
433 1806 498 1839 sub
514 1805 698 1850 pampinis
714 1805 848 1845 latent,
876 1805 924 1838 ita
945 1806 982 1838 in
1006 1818 1153 1850 poema-

139 1857 184 1891 tis
200 1856 413 1891 utilissimae
430 1869 486 1892 res
503 1858 709 1891 fabularum
739 1857 937 1892 involucris
962 1865 1152 1902 teguntur;

137 1922 256 1956 neque
275 1910 389 1944 ullum
409 1910 483 1943 sere
509 1917 610 1944 vetus
637 1910 850 1955 figmentum
877 1916 929 1944 est
955 1910 1152 1955 poeticum,

139 1974 212 2009 quo
229 1974 305 1995 non
322 1962 460 2009 aliquid
478 1963 727 2003 contineatur,
754 1962 809 1995 vel
829 1975 871 1996 ex
888 1960 1068 2004 historiis,
1096 1964 1151 1996 vel

139 2028 181 2049 ex
206 2012 383 2061 physicis,
419 2015 474 2049 vel
501 2027 543 2048 ex
572 2012 698 2049 ethicis
727 2015 1004 2059 depromptum:
1054 2017 1151 2050 unde

137 2080 212 2102 non
238 2067 366 2102 inscite
392 2067 527 2101 dictum
557 2073 609 2101 est
637 2067 681 2100 ab
705 2066 859 2101 Erasmo
884 2066 1150 2109 Roterodamo,

135 2120 317 2166 poeticam
335 2118 582 2166 placentamss)
610 2119 747 2154 deliciis
768 2119 953 2153 conditam
981 2133 1023 2154 ex
1049 2121 1149 2154 omni

137 2172 412 2219 disciplinarum
431 2183 573 2216 genere.

240 2224 434 2259 Caeterum
464 2223 590 2258 Ovidii
618 2236 768 2268 poema,
809 2225 908 2271 quod
938 2224 1150 2259 inscribitur

136 2274 465 2322 Metamorphosis,
521 2276 770 2311 selectissimas
805 2277 946 2312 fabulas
982 2278 1146 2311 omnium

135 2336 350 2376 poetarum,
392 2341 467 2363 uno
506 2328 606 2362 velut
640 2329 733 2363 fasce
775 2327 1071 2375 comprehendit,
1111 2331 1148 2363 in

136 2383 267 2430 quibus
309 2381 464 2416 illustria
500 2388 760 2426 proponuntur
798 2383 960 2428 exempla
993 2384 1149 2417 benevo-

134 2435 268 2470 lentiae
305 2440 338 2469 et
373 2434 448 2468 irae
493 2433 658 2473 divinae,
707 2435 934 2481 illustresque
971 2436 1147 2481 imagines

173 2556 202 2589 1)
221 2556 279 2582 Cic.
298 2556 409 2581 Tuscut.
426 2556 542 2585 Quaest.
562 2556 583 2585 1,
607 2556 629 2579 1.
650 2554 674 2579 3.

169 2600 200 2633 2)
220 2601 319 2627 Horat.
339 2601 396 2624 Ars
416 2600 489 2630 poet,
506 2599 569 2625 333.

171 2642 223 2675 2³)
251 2644 293 2673 et]
320 2643 361 2667 sic
380 2643 461 2667 huius
481 2643 672 2668 commentarii
692 2643 795 2674 Editt.;
824 2644 922 2670 Horat.
948 2643 1033 2670 Editt.
1054 2645 1143 2671 Bentt.

205 2681 233 2703 et
251 2679 385 2707 noering.
403 2679 505 2703 habent
524 2680 642 2709 utroque
662 2680 739 2703 loco:
764 2680 821 2703 aut.

170 2721 200 2753 3)
221 2722 393 2752 placentam]
414 2723 462 2746 Ed.
485 2722 560 2747 1559.
582 2723 678 2747 mendo
696 2725 825 2755 typogr:
852 2723 1015 2753 placentem.

1188 478 1463 512 (describendis
1506 478 1637 512 fabulis
1681 484 1788 512 autor
1835 480 2067 526 persequitur
2117 493 2230 527 quan-

1188 530 1300 563 ›dam
1338 528 1513 564 historiae
1551 530 1679 564 seriem
1711 532 1755 565 ab
1785 531 1890 565 initio
1927 532 2054 566 mundi

2094 534 2138 565 ad
2168 545 2228 566 sua

1218 588 1381 628 tempora
1407 583 1618 623 deductam,
1649 595 1719 629 qua
1744 584 1849 617 docet
1874 596 1930 619 res
1954 582 2134 619 humanas
2156 597 2228 618 non

1218 647 1301 668 casu
1328 641 1389 668 aut
1413 635 1564 668 fortuito
1591 635 1699 676 ferri,
1735 637 1796 670 sed
1819 637 2014 681 gubernari
2044 637 2230 676 dixinitus,

1217 699 1529 727 commemorans,
1560 699 1633 721 esse
1648 699 1805 729 numen,
1836 701 1853 722 a
1883 702 1955 735 quo
1985 690 2108 723 omnia
2136 690 2228 722 sacta

1217 745 1249 772 et
1267 739 1462 773 constituta
1487 739 1578 779 sint,
1608 740 1804 786 omniaque
1829 742 2149 786 providentissime
2176 754 2230 774 re-

1215 797 1364 835 gantur:
1396 791 1430 824 id
1448 791 1569 825 favere
1586 792 1655 836 piis
1673 798 1706 825 et
1724 790 1884 827 honestis
1904 794 2126 828 actionibus:
2154 806 2230 827 sce-

1215 844 1288 876 lera
1307 856 1393 877 vero
1414 843 1544 888 punire
1564 844 1673 878 variis
1694 844 1789 878 vitae
1807 846 2090 887 calamitatibus,
2119 858 2159 879 ac
2177 846 2229 878 in-

1215 895 1342 940 primis
1359 903 1608 941 contemptum
1628 896 1827 941 religionis.
1883 897 2040 942 Propter
2059 896 2155 931 hunc
2174 905 2226 930 to-

1216 955 1268 982 tas
1305 955 1448 993 gentes,
1484 949 1614 990 urbes,
1650 949 1806 984 familias
1843 962 1949 995 saepe
1982 950 2116 984 deletas
2152 962 2224 984 esse

1214 1000 1328 1042 bello,
1383 1001 1609 1045 pestilentia,
1667 1002 1818 1048 aliisque
1854 1002 2076 1047 gravissimis
2112 1001 2225 1036 malis.

1214 1053 1364 1087 Praeter
1388 1051 1478 1086 haec
1506 1060 1625 1087 autem
1651 1054 1746 1088 vitae
1771 1055 1955 1099 exempla,
1989 1068 2082 1101 quae
2108 1067 2149 1088 ex
2174 1052 2226 1087 hi-

1214 1105 1336 1140 storiis
1381 1112 1576 1140 sumuntur
1596 1133 1605 1146 ,
1656 1106 1819 1140 continet
1854 1107 1950 1140 idem
1989 1120 2119 1153 poema
2175 1113 2223 1139 tot

1213 1158 1477 1199 astronomica,
1506 1165 1560 1192 tot
1576 1156 1724 1204 physica
1742 1159 1874 1204 passim
1895 1159 2051 1201 inserta,
2089 1165 2141 1193 tot
2167 1160 2227 1192 de-

1212 1211 1323 1257 nique
1349 1210 1562 1256 regionum,
1609 1212 1793 1253 locorum,
1832 1212 2000 1253 urbium,
2031 1211 2226 1251 montium,

1211 1262 1406 1298 fluviorum
1434 1264 1587 1297 nomina
1626 1270 1661 1297 et
1691 1264 1972 1309 descriptiones,
2007 1271 2047 1298 ut
2074 1264 2119 1306 (si
2147 1265 2225 1310 quis

1211 1316 1393 1350 eruditum
1420 1313 1592 1350 habuerit
1623 1316 1885 1362 interpretem)
1922 1317 2106 1351 addiscere
2141 1314 2224 1350 hinc

1211 1374 1320 1413 queat
1338 1381 1470 1414 magna
1490 1381 1531 1403 ex
1548 1375 1651 1414 parte
1673 1368 1956 1415 geographiam,
1978 1367 2170 1415 sphaeram
2192 1377 2223 1403 et

1210 1427 1362 1454 naturae
1381 1422 1658 1466 expositionem.
1713 1422 1797 1457 Non
1815 1430 1867 1457 est
1888 1422 1998 1467 igitur
2016 1423 2172 1457 otiosum
2192 1430 2222 1455 et

1210 1474 1444 1517 nugatorium
1464 1472 1532 1507 hoc
1551 1486 1703 1519 poema,
1731 1487 1772 1508 ac
1791 1481 1932 1508 tantum
1953 1475 1999 1508 ad
2017 1475 2223 1509 delectatio<

1210 1537 1292 1558 nem
1317 1527 1532 1567 confictum,
1568 1533 1608 1560 ut
1637 1527 1681 1560 ab
1706 1526 1885 1572 imperitis
1911 1527 2128 1574 quibusdam
2153 1528 2223 1561 exi-

1208 1577 1395 1617 stimatur;
1425 1580 1485 1613 sed
1507 1585 1559 1613 est
1582 1576 1772 1614 thesaurus
1789 1578 1821 1627 ζ4)
1847 1580 2083 1619 eruditionis,
2123 1580 2222 1614 cuius

1209 1629 1356 1676 quidem
1390 1631 1496 1664 lectio
1528 1631 1698 1665 conducit
1728 1632 1890 1677 primum
1928 1633 1973 1666 ad
2009 1633 2221 1666 formandos

1208 1682 1303 1716 vitae
1321 1695 1458 1722 mores;
1487 1683 1646 1717 invitant
1670 1684 1765 1717 enim
1789 1697 1856 1719 nos
1887 1685 2049 1730 exempla
2075 1685 2119 1717 ad
2152 1686 2220 1718 xit*

1208 1741 1343 1775 tutem,
1373 1742 1406 1768 et
1433 1748 1452 1769 a
1476 1736 1703 1781 turpitudine
1729 1735 1991 1776 dehortantur3
2018 1738 2148 1771 deinde
2177 1740 2219 1770 ad

1208 1787 1444 1832 multiplicem
1479 1789 1704 1830 doctrinam,
1749 1790 1912 1823 continet
1939 1790 2035 1823 enim
2071 1790 2218 1833 xestigia

1208 1839 1373 1873 omnium
1398 1841 1473 1874 sere
1501 1841 1657 1882 artium,
1697 1842 1828 1888 quibus
1862 1841 2022 1876 liberalis
2052 1842 2216 1875 doctrina

1208 1892 1427 1927 continetur.
1498 1893 1690 1928 Postremo
1731 1894 1820 1928 alias
1858 1907 2004 1940 quoque
2044 1894 2218 1928 utilitates

1207 1945 1343 1985 adfert,
1371 1957 1527 1991 quarum
1555 1943 1645 1980 haec
1669 1958 1744 1979 non
1769 1946 1921 1980 minima
1940 1953 2012 1987 est,
2040 1947 2139 1992 quod
2165 1947 2217 1979 in-

1205 1996 1312 2030 struit
1331 1997 1562 2044 eloquentiae
1580 1999 1761 2033 studiosos
1778 1999 1879 2032 omni
1898 2005 2079 2044 apparatu
2096 2006 2217 2032 orato-

1205 2048 1260 2082 rio
1272 2049 1466 2083 verborum
1481 2057 1515 2084 et
1526 2051 1738 2096 figurarum,
1758 2064 1798 2084 ac
1817 2052 1935 2092 docet,
1958 2053 2145 2097 quomodo
2164 2064 2218 2084 re-

1205 2113 1286 2134 rum
1311 2101 1538 2137 diversarum
1564 2103 1727 2137 inventio
1754 2104 2026 2145 distribuenda,
2055 2116 2110 2138 res
2131 2116 2215 2136 vers-1

1206 2154 1413 2199 perspicue,
1442 2156 1607 2201 copiose,
1633 2156 1862 2202 iucundeque
1880 2156 2115 2202 explicandae
2133 2156 2215 2190 sint.

1204 2206 1298 2239 Mira
1328 2213 1380 2241 est
1403 2207 1498 2241 enini
1526 2209 1683 2242 varietas
1711 2209 1932 2254 figurarum,
1961 2210 2155 2242 affectuum
2183 2215 2212 2241 et

1203 2259 1465 2293 sententiarum
1504 2260 1541 2293 in
1577 2261 1789 2294 narratione
1830 2259 1962 2295 harum
1995 2261 2214 2299 fabularum,

1205 2311 1296 2344 mira
1322 2324 1469 2357 quoque
1497 2319 1531 2346 et
1562 2313 1754 2347 artificiosa
1793 2315 1991 2347 earundem
2023 2312 2212 2358 dispositio

1202 2375 1265 2397 seu
1281 2363 1530 2405 continuatio,
1557 2377 1628 2411 qua
1656 2365 1704 2399 ita
1730 2372 2015 2406 connectuntur,
2045 2372 2102 2405 ut,
2132 2376 2212 2397 cum

1201 2415 1467 2450 diversissimae
1488 2417 1579 2458 sint,
1610 2424 1732 2452 tamen
1753 2425 1835 2463 apte
1859 2430 1929 2452 nna
1957 2431 1999 2451 ex
2023 2417 2092 2450 alia
2118 2416 2211 2449 necti

1201 2474 1235 2502 et
1271 2480 1399 2503 omnes
1443 2469 1538 2503 inter
1575 2482 1611 2504 se
1654 2470 1844 2515 colligatae
1889 2482 1962 2504 esse
2006 2468 2209 2502 videantur.

1169 2513 1174 2566 Ι
1200 2521 1357 2566 Propter
1376 2534 1465 2567 quas
1482 2522 1655 2557 utilitates
1673 2520 1742 2556 hoc
1766 2536 1856 2567 opus
1882 2521 2013 2555 merito
2041 2521 2209 2555 omnibus

1202 2574 1497 2608 commendatum
1524 2587 1598 2610 esse
1622 2576 1739 2609 debet.
1793 2575 1900 2619 Apud
1923 2574 2082 2608 Graecos
2105 2572 2209 2606 multi

1199 2632 1328 2670 poetae
1345 2625 1439 2660 idem
1458 2634 1714 2672 argumentum
1734 2633 1949 2668 tractarunt,
1966 2633 2006 2661 ut
2023 2623 2209 2659 Callisthe-

1233 2695 1263 2726 4)
1283 2696 1332 2719 sed
1353 2698 1397 2719 est
1417 2694 1578 2727 thesaurus]
1608 2694 1648 2719 sic
1667 2694 1752 2718 Editt.
1776 2695 1870 2721 1555.:
1898 2695 1948 2720 Ed.
1972 2693 2047 2718 1559.
2078 2693 2124 2716 sed
2148 2694 2208 2716 ilic-

1269 2736 1372 2754 saurus

1698 2763 1783 2800 32*
