2341 2973
212 553 465 595 LXXXVI.
522 551 703 593 PHIL.
737 551 898 593 MEL.
933 551 1519 595 INTERPRETATIO
1553 550 1865 602 ALIQUOT
1903 550 2260 596 EPIGRAM-

272 624 530 677 MATUM
570 623 1041 676 ALIORUMQUE
1082 625 1472 669 CARMINUM
1508 624 1876 681 VETERUM‘‚
1915 625 2201 677 QUORUM

786 698 1165 743 AUCTORES
1206 699 1454 744 IGNOTI
1493 698 1691 742 SUNT.

210 839 367 895 Praeter
389 866 518 894 carmina
540 865 752 904 praecedentia
774 865 947 895 Melanthon
970 867 1058 905 plura
1080 868 1157 906 alia,
1185 878 1262 906 quae
1285 878 1301 897 a
1325 867 1473 897 veteribus
1495 868 1685 906 scriptoribus
1710 868 1823 905 graecis
1846 867 1954 906 passim
1978 866 2153 905 laudantur,
2181 877 2257 906 quo-

210 919 276 939 rum
299 913 433 937 auctores
456 912 557 936 autem
578 909 671 946 ignoti
694 914 778 943 sunt,
808 918 826 937 e
849 917 955 946 graeco
978 918 1114 938 sermone
1137 912 1167 939 in
1190 912 1314 940 latinum
1334 911 1497 948 convertit,
1537 919 1612 948 quae
1636 919 1715 938 nunc
1738 910 1842 939 ordine
1865 910 2052 948 alphabetico
2074 910 2261 949 scriptorum,

212 951 291 991 apud
314 960 385 990 quos
408 959 513 989 graeca
540 955 713 988 occurrunt,
747 951 886 989 disposita
908 951 1050 990 deinceps
1072 952 1247 983 afferemus:

521 1008 551 1040 1.
595 1008 866 1048 Epigrammata
895 1016 1041 1050 quatuor
1070 1021 1118 1041 ex
1139 1013 1343 1042 Aeschinis
1373 1013 1526 1042 oratione
1556 1015 1676 1041 contra
1699 1009 1957 1049 Ctesiphontem.

298 1070 333 1098 In
356 1069 410 1098 hac
437 1069 569 1097 oratione
592 1069 806 1107 epigrammata
829 1070 917 1098 trium
940 1076 1101 1099 statuarum
1124 1071 1161 1100 ad
1183 1072 1373 1109 Strymonem
1394 1072 1518 1100 fluvium
1541 1072 1701 1110 positarum
1724 1072 1833 1101 civibus
1855 1072 1975 1109 Atticis,
2013 1071 2063 1110 qui
2084 1070 2190 1100 Medos
2212 1080 2264 1100 re-

211 1118 399 1151 presserant,
422 1116 453 1139 et
477 1111 675 1149 epigramma,
705 1112 784 1149 quod
806 1112 979 1150 inscriptum
1003 1118 1048 1141 est
1070 1114 1122 1151 iis,
1152 1115 1201 1152 qui
1223 1115 1323 1153 pulsos
1346 1115 1425 1143 cives
1447 1115 1477 1142 in
1500 1115 1625 1152 patriam
1648 1114 1859 1151 restituerunt,
1890 1114 2066 1151 laudantur,
2096 1122 2174 1152 quae
2194 1114 2264 1143 Me-

214 1154 334 1184 lanthon
359 1153 452 1182 latine
476 1153 616 1182 reddidit.
661 1154 742 1182 Haec
765 1155 972 1192 interpretatio
995 1156 1145 1185 invenitur

339 1214 366 1235 a.
399 1205 430 1232 in
452 1203 653 1233 Melanthonis
676 1204 756 1243 Opp.
779 1205 868 1235 Basil.
891 1206 979 1238 Tom.
993 1206 1031 1236 V.
1054 1216 1086 1244 p.
1102 1205 1197 1245 334„
1226 1207 1380 1246 inscripta:
1418 1208 1492 1245 „Ex
1515 1208 1647 1236 oratione
1671 1206 1821 1237 Aeschinis
1845 1204 1922 1238 κατὰ
1946 1205 2209 1247 Κτησιφῶντος”
2231 1212 2262 1236 et

382 1246 601 1285 „Epigramma
624 1256 663 1275 ex
686 1246 877 1285 Aeschine'',
899 1246 1012 1288 (verbis
1035 1251 1148 1287 graecis
1171 1250 1344 1288 praefixis);

337 1301 365 1328 b.
400 1299 431 1326 in
453 1298 602 1326 Vincentii
624 1298 679 1328 Ed.
702 1298 954 1337 Epigrammatum
976 1300 1051 1329 Mel.
1075 1301 1127 1332 fol.
1149 1302 1173 1330 P
1194 1298 1352 1337 1¹³—2³;

339 1359 364 1378 c.
396 1349 427 1376 in
449 1348 535 1378 huius
557 1349 645 1387 Corp.
659 1350 793 1379 Reform.
816 1350 883 1379 Vol.
899 1351 935 1379 X.
961 1362 991 1389 p.
1009 1350 1084 1381 660.
1109 1362 1155 1381 nr.
1171 1351 1264 1388 365„
1295 1352 1346 1380 ubi
1368 1359 1463 1389 aeque
1486 1360 1520 1379 ac
1542 1350 1620 1389 apud
1635 1351 1824 1378 Vincentium
1848 1350 1889 1378 sic
1911 1350 2052 1388 inscripta
2075 1354 2138 1379 est:
2161 1349 2264 1388 „Epi-

381 1397 543 1429 grammata
565 1393 654 1420 trium
678 1397 840 1421 statuarum
863 1393 900 1421 ad
923 1394 1113 1431 Strymonem
1136 1396 1256 1423 fiuvium
1280 1395 1439 1432 positarum
1471 1394 1579 1422 civibus
1602 1392 1719 1427 Atticis,
1756 1393 1804 1430 qui
1827 1391 1930 1420 Medos
1961 1398 2185 1430 represserant,
2224 1401 2263 1421 ex

382 1434 534 1462 Aeschinis
558 1440 631 1463 orat.
655 1440 756 1463 contra
778 1436 1003 1473 Ctesiphontem
1013 1436 1030 1449 ’⁷
1056 1443 1087 1465 et
1109 1438 1182 1474 „De
1212 1438 1302 1465 civica
1330 1445 1451 1474 corona,
1491 1445 1531 1465 ex
1554 1435 1699 1464 Aeschine
1709 1433 1727 1447 ”
1758 1434 1854 1472 (apud
1877 1435 2034 1464 Vincent.:
2069 1435 2143 1473 „De
2173 1435 2263 1464 civica

383 1485 489 1504 corona
512 1477 616 1514 quibus
639 1477 703 1506 dari
725 1477 829 1512 solita,
861 1487 899 1506 ex
923 1479 1027 1508 eodem
1051 1479 1257 1520 Aeschine’');

342 1527 371 1556 d.
404 1527 435 1554 in
458 1527 531 1557 Mel.
554 1528 803 1566 interpretatione
828 1529 918 1558 huius
942 1531 1080 1558 orationis
1102 1530 1270 1567 Aeschinis,
1300 1531 1329 1558 in
1352 1529 1437 1558 huius
1458 1530 1546 1568 Corp.
1570 1528 1703 1557 Reform.
1724 1527 1899 1558 VOLXVII.
1921 1538 1953 1567 p.
1967 1526 2042 1559 923.
2066 1526 2159 1567 925„
2191 1537 2266 1567 qua-

381 1575 504 1607 propter
526 1570 600 1599 haec
623 1572 829 1609 interpretatio
852 1572 883 1602 h.
900 1573 921 1602 1.
944 1573 1088 1601 omittitur
1113 1573 1200 1607 (conf.
1224 1573 1310 1601 huius
1333 1572 1422 1610 Corp.
1447 1572 1515 1603 Vol.
1529 1572 1637 1601 XVIII.
1658 1581 1688 1610 p.
1705 1569 1778 1601 121.
1802 1577 1870 1600 nota
1885 1570 1928 1609 **)
1946 1570 1970 1609 ).

265 1737 294 1767 ·2.
341 1735 604 1768 Rhadamanthi
625 1737 686 1768 lex
709 1737 849 1769 talionis
872 1747 919 1768 ex
943 1741 1173 1769 Aristotelis
1198 1738 1395 1770 Ethicorum
1417 1739 1548 1770 Nicom.
1573 1738 1659 1770 libro
1687 1739 1725 1771 V.
1757 1749 1831 1780 cap.
1856 1739 1887 1770 5.
1918 1740 1944 1778 §.
1967 1738 1999 1770 3.
2036 1739 2102 1771 Ed.
2127 1738 2211 1770 zell.

724 1798 797 1830 Effiz
820 1798 920 1831 πάθοι
942 1798 982 1830 τι),
1003 1798 1036 1830 κ’
1061 1799 1158 1841 ἔρεξε,
1190 1799 1260 1839 δίκη
1284 1797 1317 1829 κ’
1343 1799 1428 1830 ἰθεῖα
1450 1798 1581 1839 γένοιτο.

301 1851 390 1879 Huius
414 1851 470 1879 loci
492 1851 697 1889 interpretatio
722 1857 818 1880 exstat

340 1910 367 1929 a.
402 1902 431 1928 in
455 1901 604 1930 Vincentii
625 1902 681 1931 Ed.
703 1901 884 1941 Epigramm.
908 1902 981 1931 Mel.
1004 1902 1057 1931 fol.
1081 1903 1112 1931 M
1127 1898 1188 1939 6¹³,
1223 1903 1378 1941 inscripta:
1413 1902 1638 1940 „Rhadamanti
1667 1902 1731 1931 Lex
1760 1902 1889 1930 Talionis
1921 1910 1957 1930 ex
1982 1901 2019 1929 V.
2048 1897 2173 1939 ἠθικῶν
2195 1900 2264 1930 Ari-

383 1943 540 1979 stotelis''3

344 2000 367 2023 h.
403 1996 432 2024 in
454 1996 539 2026 huius
562 1997 651 2035 Corp.
675 1996 810 2028 Reform.
834 1997 899 2026 Vol.
915 1997 953 2026 X.
976 2007 1006 2035 p,
1021 1994 1097 2025 551.
1120 2005 1166 2025 nr.
1184 1994 1278 2033 140„
1308 1996 1412 2025 iisdem
1435 1997 1532 2025 verbis
1555 1996 1705 2034 inscripta.

732 2056 827 2092 Iusta
854 2056 958 2091 malis
981 2054 1068 2089 haec
1093 2056 1250 2090 admisso
1276 2067 1344 2099 pro
1369 2055 1518 2088 crimine
1543 2065 1660 2099 poena
1686 2060 1753 2088 cst:

730 2108 786 2149 Si,
814 2120 905 2155 quae
928 2109 1108 2147 fecerunt,
1135 2107 1259 2140 eadem
1285 2106 1470 2151 patiantur
1495 2112 1529 2139 et
1556 2105 1636 2150 ipsi.

902 2291 934 2323 3.
979 2292 1210 2332 Epigramma
1242 2302 1289 2321 ex
1320 2291 1518 2321 Athenaeo
1535 2289 1576 2328 ⁷²).

302 2351 393 2379 Huius
421 2350 637 2388 epigrammatis
659 2352 865 2391 interpretatio
887 2353 960 2384 Mel.
990 2355 1148 2392 inscripta:
1177 2354 1294 2393 „Apud
1316 2353 1502 2383 Athenaeum
1524 2349 1621 2391 γλαὺξ
1652 2348 1683 2380 ἓν
1716 2346 1818 2390 τάφῳ.
1862 2348 1908 2376 De
1931 2347 2077 2386 Sophocle
2105 2354 2178 2376 sene
2207 2346 2264 2376 ha-

220 2395 308 2424 bente
331 2392 501 2423 vetulam.’'
531 2393 638 2431 legitur

342 2455 369 2476 a.
401 2446 431 2474 in
450 2444 602 2474 Grathusii
622 2446 738 2476 collect.
758 2447 938 2486 Epigramm.
962 2448 1036 2478 Mel.
1060 2449 1112 2478 fol.
1136 2448 1167 2477 M
1185 2445 1350 2482 7b-S³;

344 2498 373 2526 b.
408 2498 437 2525 in
461 2498 611 2527 Vincentii
632 2497 689 2528 Ed.
711 2507 813 2527 eorum
836 2499 888 2529 fol.
911 2496 1018 2534 312123

251 2604 284 2634 Ὃ
303 2606 460 2631 Athenaeus
480 2607 526 2632 lib.
543 2607 616 2632 xm.
636 2613 695 2638 cap.
708 2607 783 2634 LXI.
803 2607 830 2632 in
850 2609 903 2632 fine
923 2609 988 2640 (Ed.
1008 2608 1267 2639 Schweighaeuser.
1295 2609 1368 2633 Tom.
1382 2607 1416 2632 V.
1435 2615 1460 2639 p.
1479 2607 1555 2637 141.)
1574 2607 1642 2631 haec
1660 2604 1754 2630 habet:
1777 2599 1839 2643 ‘'ote¹
1857 2598 1886 2626 δὲ
1904 2600 2010 2634 γηραιῷ
2029 2597 2089 2625 ὄντι
2105 2599 2144 2634 τῷ·
2161 2600 2263 2632 Σοφο-

287 2640 346 2664 κλεῖ
362 2640 448 2671 συνῆν
466 2640 480 2672 ἢ
498 2639 647 2674 Ἀρχίππη,
673 2641 686 2666 ὃ
706 2640 839 2674 πρότεῃος
858 2640 939 2673 αὐτῆς
958 2643 1074 2676 ἐραστής
1092 2644 1259 2678 ἑμικρίνης,
1283 2638 1462 2676 ἐρωτώμενος
1480 2640 1536 2668 ὑπὸ
1556 2649 1628 2670 τινος
1651 2640 1679 2666 τί
1700 2635 1816 2672 πράττει
1836 2638 1985 2672 Αρχίῖῖπηι
2015 2633 2166 2670 καθίῖγῐως
2190 2632 2265 2667 ‘9⁰⁷1’

288 2672 414 2708 „⁰525an
433 2675 462 2700 αἱ
478 2676 611 2709 γλαῦκες,
634 2675 681 2702 ἐπὶ
700 2674 800 2710 τάφων
817 2673 942 2708 κάθηται.
