<?xml version="1.0" encoding="UTF-8"?>
<!DOCTYPE html PUBLIC "-//W3C//DTD XHTML 1.0 Transitional//EN"
    "http://www.w3.org/TR/xhtml1/DTD/xhtml1-transitional.dtd">
<html xmlns="http://www.w3.org/1999/xhtml" xml:lang="en" lang="en">
 <head>
  <title>
</title>
<meta http-equiv="Content-Type" content="text/html;charset=utf-8" />
  <meta name='ocr-system' content='tesseract 3.04.00' />
  <meta name='ocr-capabilities' content='ocr_page ocr_carea ocr_par ocr_line ocrx_word'/>
</head>
<body>
  <div class='ocr_page' id='page_1' title='image "./operaquaesupersu19melauoft_0223.png"; bbox 0 0 2421 3005; ppageno 0'>
   <div class='ocr_carea' id='block_1_1' title="bbox 22 2450 661 2496">
    <p class='ocr_par' dir='ltr' id='par_1_1' title="bbox 22 2450 661 2496">
     <span class='ocr_line' id='line_1_1' title="bbox 22 2450 661 2496; baseline 0 -11"><span class='ocrx_word' id='word_1_1' title='bbox 22 2485 27 2487; x_wconf 23' lang='grc' dir='ltr'><strong>Α</strong></span> <span class='ocrx_word' id='word_1_2' title='bbox 76 2457 243 2495; x_wconf 83' lang='lat' dir='ltr'>surgent,</span> <span class='ocrx_word' id='word_1_3' title='bbox 271 2455 312 2483; x_wconf 90' lang='lat' dir='ltr'>ut</span> <span class='ocrx_word' id='word_1_4' title='bbox 334 2450 453 2496; x_wconf 88' lang='lat' dir='ltr'>inquit</span> <span class='ocrx_word' id='word_1_5' title='bbox 471 2450 661 2485; x_wconf 84' lang='lat' dir='ltr'><strong>Hesiodus.</strong></span> 
     </span>
    </p>
   </div>
   <div class='ocr_carea' id='block_1_2' title="bbox 84 84 789 127">
    <p class='ocr_par' dir='ltr' id='par_1_2' title="bbox 84 84 789 127">
     <span class='ocr_line' id='line_1_2' title="bbox 84 84 789 127; baseline -0.006 -1"><span class='ocrx_word' id='word_1_6' title='bbox 84 90 156 127; x_wconf 77' lang='lat'>421</span> <span class='ocrx_word' id='word_1_7' title='bbox 568 84 789 122; x_wconf 79' lang='lat' dir='ltr'>LXXXVlII.</span> 
     </span>
    </p>
   </div>
   <div class='ocr_carea' id='block_1_3' title="bbox 83 172 1121 219">
    <p class='ocr_par' dir='ltr' id='par_1_3' title="bbox 83 172 1121 219">
     <span class='ocr_line' id='line_1_3' title="bbox 83 172 1121 219; baseline -0.004 -9"><span class='ocrx_word' id='word_1_8' title='bbox 83 176 214 214; x_wconf 86' lang='lat' dir='ltr'>scitur,</span> <span class='ocrx_word' id='word_1_9' title='bbox 239 172 363 207; x_wconf 87' lang='lat' dir='ltr'>statim</span> <span class='ocrx_word' id='word_1_10' title='bbox 381 178 433 207; x_wconf 89' lang='lat' dir='ltr'>est</span> <span class='ocrx_word' id='word_1_11' title='bbox 453 173 581 206; x_wconf 77' lang='lat' dir='ltr'>alatus.</span> <span class='ocrx_word' id='word_1_12' title='bbox 622 172 799 219; x_wconf 82' lang='lat' dir='ltr'>Reliquae</span> <span class='ocrx_word' id='word_1_13' title='bbox 817 185 903 218; x_wconf 85' lang='lat' dir='ltr'>apes</span> <span class='ocrx_word' id='word_1_14' title='bbox 921 186 997 207; x_wconf 92' lang='lat' dir='ltr'>non</span> <span class='ocrx_word' id='word_1_15' title='bbox 1016 180 1091 207; x_wconf 83' lang='lat' dir='ltr'>tam</span> <span class='ocrx_word' id='word_1_16' title='bbox 1114 190 1121 205; x_wconf 82' lang='grc' dir='ltr'>ι</span> 
     </span>
    </p>
   </div>
   <div class='ocr_carea' id='block_1_4' title="bbox 73 222 1092 2751">
    <p class='ocr_par' dir='ltr' id='par_1_4' title="bbox 80 222 1092 633">
     <span class='ocr_line' id='line_1_4' title="bbox 85 222 1092 270; baseline -0.002 -8"><span class='ocrx_word' id='word_1_17' title='bbox 85 229 156 262; x_wconf 90' lang='lat' dir='ltr'>cito</span> <span class='ocrx_word' id='word_1_18' title='bbox 178 226 252 259; x_wconf 90' lang='lat' dir='ltr'>alas</span> <span class='ocrx_word' id='word_1_19' title='bbox 272 222 418 259; x_wconf 86' lang='lat' dir='ltr'>habent.</span> <span class='ocrx_word' id='word_1_20' title='bbox 473 223 624 258; x_wconf 88' lang='lat' dir='ltr'>Incubat</span> <span class='ocrx_word' id='word_1_21' title='bbox 642 231 763 258; x_wconf 87' lang='lat' dir='ltr'>autem</span> <span class='ocrx_word' id='word_1_22' title='bbox 791 226 870 270; x_wconf 86' lang='lat' dir='ltr'>apis</span> <span class='ocrx_word' id='word_1_23' title='bbox 887 226 936 260; x_wconf 76' lang='lat'>40</span> <span class='ocrx_word' id='word_1_24' title='bbox 954 226 1092 267; x_wconf 85' lang='lat' dir='ltr'>(liebus,</span> 
     </span>
     <span class='ocr_line' id='line_1_5' title="bbox 80 276 1092 313; baseline -0.002 -1"><span class='ocrx_word' id='word_1_25' title='bbox 80 285 119 313; x_wconf 84' lang='lat' dir='ltr'>et</span> <span class='ocrx_word' id='word_1_26' title='bbox 134 278 311 312; x_wconf 79' lang='lat' dir='ltr'>incubans</span> <span class='ocrx_word' id='word_1_27' title='bbox 328 277 436 311; x_wconf 89' lang='lat' dir='ltr'>simul</span> <span class='ocrx_word' id='word_1_28' title='bbox 454 289 516 310; x_wconf 91' lang='lat' dir='ltr'>ore</span> <span class='ocrx_word' id='word_1_29' title='bbox 533 276 619 310; x_wconf 84' lang='lat' dir='ltr'>facit</span> <span class='ocrx_word' id='word_1_30' title='bbox 638 277 757 312; x_wconf 89' lang='lat' dir='ltr'>mella.</span> <span class='ocrx_word' id='word_1_31' title='bbox 820 277 898 311; x_wconf 81' lang='lat' dir='ltr'>Rex</span> <span class='ocrx_word' id='word_1_32' title='bbox 915 290 1001 311; x_wconf 81' lang='lat' dir='ltr'>vero</span> <span class='ocrx_word' id='word_1_33' title='bbox 1024 277 1092 311; x_wconf 88' lang='lat' dir='ltr'>cir-</span> 
     </span>
     <span class='ocr_line' id='line_1_6' title="bbox 81 329 1092 374; baseline -0.003 -9"><span class='ocrx_word' id='word_1_34' title='bbox 81 330 268 365; x_wconf 87' lang='lat' dir='ltr'>cumvolat</span> <span class='ocrx_word' id='word_1_35' title='bbox 283 329 477 374; x_wconf 75' lang='lat' dir='ltr'>inspiciens</span> <span class='ocrx_word' id='word_1_36' title='bbox 497 340 626 373; x_wconf 91' lang='lat' dir='ltr'>operas</span> <span class='ocrx_word' id='word_1_37' title='bbox 645 341 754 373; x_wconf 84' lang='lat' dir='ltr'>apum</span> <span class='ocrx_word' id='word_1_38' title='bbox 768 356 777 370; x_wconf 95' lang='lat'>‚</span> <span class='ocrx_word' id='word_1_39' title='bbox 811 336 852 363; x_wconf 87' lang='lat' dir='ltr'>ut</span> <span class='ocrx_word' id='word_1_40' title='bbox 870 342 994 364; x_wconf 88' lang='lat' dir='ltr'>omnes</span> <span class='ocrx_word' id='word_1_41' title='bbox 1019 330 1092 363; x_wconf 89' lang='lat' dir='ltr'>sint</span> 
     </span>
     <span class='ocr_line' id='line_1_7' title="bbox 81 380 1092 427; baseline -0.002 -11"><span class='ocrx_word' id='word_1_42' title='bbox 81 382 121 416; x_wconf 83' lang='lat' dir='ltr'>in</span> <span class='ocrx_word' id='word_1_43' title='bbox 138 381 269 416; x_wconf 86' lang='lat' dir='ltr'>officio.</span> <span class='ocrx_word' id='word_1_44' title='bbox 323 380 371 415; x_wconf 88' lang='lat' dir='ltr'>Et</span> <span class='ocrx_word' id='word_1_45' title='bbox 389 381 535 427; x_wconf 86' lang='lat' dir='ltr'>quando</span> <span class='ocrx_word' id='word_1_46' title='bbox 553 387 676 414; x_wconf 88' lang='lat' dir='ltr'>carent</span> <span class='ocrx_word' id='word_1_47' title='bbox 694 393 797 426; x_wconf 85' lang='lat' dir='ltr'>rege,</span> <span class='ocrx_word' id='word_1_48' title='bbox 824 381 945 416; x_wconf 85' lang='lat' dir='ltr'>statim</span> <span class='ocrx_word' id='word_1_49' title='bbox 971 382 1092 415; x_wconf 85' lang='lat' dir='ltr'>alvea—</span> 
     </span>
     <span class='ocr_line' id='line_1_8' title="bbox 81 432 1090 479; baseline -0.001 -11"><span class='ocrx_word' id='word_1_50' title='bbox 81 434 137 468; x_wconf 85' lang='lat' dir='ltr'>ria</span> <span class='ocrx_word' id='word_1_51' title='bbox 153 433 352 479; x_wconf 84' lang='lat' dir='ltr'>implentur</span> <span class='ocrx_word' id='word_1_52' title='bbox 368 433 469 468; x_wconf 88' lang='lat' dir='ltr'>fucis.</span> <span class='ocrx_word' id='word_1_53' title='bbox 519 432 618 466; x_wconf 84' lang='lat' dir='ltr'>Haec</span> <span class='ocrx_word' id='word_1_54' title='bbox 634 434 708 467; x_wconf 84' lang='lat' dir='ltr'>fere</span> <span class='ocrx_word' id='word_1_55' title='bbox 737 433 860 467; x_wconf 89' lang='lat' dir='ltr'>omnia</span> <span class='ocrx_word' id='word_1_56' title='bbox 877 433 1090 467; x_wconf 88' lang='lat' dir='ltr'>Aristoteles</span> 
     </span>
     <span class='ocr_line' id='line_1_9' title="bbox 81 485 1091 530; baseline -0.002 -10"><span class='ocrx_word' id='word_1_57' title='bbox 81 492 254 521; x_wconf 84' lang='lat' dir='ltr'>recenset.</span> <span class='ocrx_word' id='word_1_58' title='bbox 330 485 456 519; x_wconf 79' lang='lat' dir='ltr'>Potest</span> <span class='ocrx_word' id='word_1_59' title='bbox 488 485 596 518; x_wconf 88' lang='lat' dir='ltr'>etiam</span> <span class='ocrx_word' id='word_1_60' title='bbox 629 485 680 519; x_wconf 92' lang='lat' dir='ltr'>sic</span> <span class='ocrx_word' id='word_1_61' title='bbox 711 485 859 530; x_wconf 86' lang='lat' dir='ltr'>exponi:</span> <span class='ocrx_word' id='word_1_62' title='bbox 909 485 1091 526; x_wconf 87' lang='lat' dir='ltr'>Educunt‚</span> 
     </span>
     <span class='ocr_line' id='line_1_10' title="bbox 81 537 1091 583; baseline 0 -12"><span class='ocrx_word' id='word_1_63' title='bbox 81 538 215 572; x_wconf 83' lang='lat' dir='ltr'>scilicet</span> <span class='ocrx_word' id='word_1_64' title='bbox 252 549 294 569; x_wconf 85' lang='lat' dir='ltr'>ex</span> <span class='ocrx_word' id='word_1_65' title='bbox 325 537 497 576; x_wconf 81' lang='lat' dir='ltr'>alveolis,</span> <span class='ocrx_word' id='word_1_66' title='bbox 542 544 718 581; x_wconf 89' lang='lat' dir='ltr'>praeeunt</span> <span class='ocrx_word' id='word_1_67' title='bbox 745 538 814 578; x_wconf 89' lang='lat' dir='ltr'>eis,</span> <span class='ocrx_word' id='word_1_68' title='bbox 850 549 943 583; x_wconf 82' lang='lat' dir='ltr'>quae</span> <span class='ocrx_word' id='word_1_69' title='bbox 966 550 1091 572; x_wconf 90' lang='lat' dir='ltr'>reeens</span> 
     </span>
     <span class='ocr_line' id='line_1_11' title="bbox 82 589 312 633; baseline -0.017 -9"><span class='ocrx_word' id='word_1_70' title='bbox 82 589 198 624; x_wconf 84' lang='lat' dir='ltr'>editae</span> <span class='ocrx_word' id='word_1_71' title='bbox 216 593 312 633; x_wconf 84' lang='lat' dir='ltr'>sunt.</span> 
     </span>
    </p>

    <p class='ocr_par' dir='ltr' id='par_1_5' title="bbox 78 637 955 737">
     <span class='ocr_line' id='line_1_12' title="bbox 184 637 955 683; baseline 0.004 -11"><span class='ocrx_word' id='word_1_72' title='bbox 184 638 247 674; x_wconf 87' lang='lat' dir='ltr'>Vs.</span> <span class='ocrx_word' id='word_1_73' title='bbox 266 637 352 673; x_wconf 87' lang='lat'>164.</span> <span class='ocrx_word' id='word_1_74' title='bbox 381 639 540 683; x_wconf 75' lang='lat' dir='ltr'>Stipant]</span> <span class='ocrx_word' id='word_1_75' title='bbox 568 638 604 672; x_wconf 87' lang='lat' dir='ltr'>id</span> <span class='ocrx_word' id='word_1_76' title='bbox 622 645 693 680; x_wconf 88' lang='lat' dir='ltr'>est,</span> <span class='ocrx_word' id='word_1_77' title='bbox 718 640 955 675; x_wconf 88' lang='lat' dir='ltr'>condensant.</span> 
     </span>
     <span class='ocr_line' id='line_1_13' title="bbox 78 691 591 737; baseline -0.006 -10"><span class='ocrx_word' id='word_1_78' title='bbox 78 691 237 737; x_wconf 62' lang='lat' dir='ltr'>tendunt]</span> <span class='ocrx_word' id='word_1_79' title='bbox 264 691 301 724; x_wconf 83' lang='lat' dir='ltr'>id</span> <span class='ocrx_word' id='word_1_80' title='bbox 324 697 396 730; x_wconf 81' lang='lat' dir='ltr'>est,</span> <span class='ocrx_word' id='word_1_81' title='bbox 426 691 591 735; x_wconf 87' lang='lat' dir='ltr'>implent.</span> 
     </span>
    </p>

    <p class='ocr_par' dir='ltr' id='par_1_6' title="bbox 81 740 1089 830">
     <span class='ocr_line' id='line_1_14' title="bbox 184 740 1089 790; baseline 0.002 -15"><span class='ocrx_word' id='word_1_82' title='bbox 184 742 246 778; x_wconf 87' lang='lat' dir='ltr'>Vs.</span> <span class='ocrx_word' id='word_1_83' title='bbox 274 741 359 777; x_wconf 89' lang='grc'>165.</span> <span class='ocrx_word' id='word_1_84' title='bbox 392 740 509 790; x_wconf 77' lang='lat' dir='ltr'>Serti]</span> <span class='ocrx_word' id='word_1_85' title='bbox 546 741 630 776; x_wconf 91' lang='lat' dir='ltr'>Duo</span> <span class='ocrx_word' id='word_1_86' title='bbox 654 741 767 776; x_wconf 82' lang='lat' dir='ltr'>dativi</span> <span class='ocrx_word' id='word_1_87' title='bbox 790 744 877 777; x_wconf 80' lang='lat' dir='ltr'>sorti</span> <span class='ocrx_word' id='word_1_88' title='bbox 902 748 936 776; x_wconf 88' lang='lat' dir='ltr'>et</span> <span class='ocrx_word' id='word_1_89' title='bbox 958 745 1089 786; x_wconf 75' lang='lat' dir='ltr'>vesperi</span> 
     </span>
     <span class='ocr_line' id='line_1_15' title="bbox 81 795 374 830; baseline 0 -1"><span class='ocrx_word' id='word_1_90' title='bbox 81 795 374 830; x_wconf 86' lang='lat' dir='ltr'>adverhiascunt.</span> 
     </span>
    </p>

    <p class='ocr_par' dir='ltr' id='par_1_7' title="bbox 80 844 1089 934">
     <span class='ocr_line' id='line_1_16' title="bbox 183 844 1089 894; baseline -0.003 -14"><span class='ocrx_word' id='word_1_91' title='bbox 183 846 247 884; x_wconf 84' lang='lat' dir='ltr'>Vs.</span> <span class='ocrx_word' id='word_1_92' title='bbox 275 846 362 881; x_wconf 88' lang='lat'>167.</span> <span class='ocrx_word' id='word_1_93' title='bbox 414 844 544 894; x_wconf 82' lang='lat' dir='ltr'>Onera]</span> <span class='ocrx_word' id='word_1_94' title='bbox 595 845 788 891; x_wconf 84' lang='lat' dir='ltr'>Quaedam</span> <span class='ocrx_word' id='word_1_95' title='bbox 818 852 907 880; x_wconf 87' lang='lat' dir='ltr'>eunt</span> <span class='ocrx_word' id='word_1_96' title='bbox 942 845 1089 880; x_wconf 84' lang='lat' dir='ltr'>obviam</span> 
     </span>
     <span class='ocr_line' id='line_1_17' title="bbox 80 899 599 934; baseline -0.002 -1"><span class='ocrx_word' id='word_1_97' title='bbox 80 899 241 934; x_wconf 86' lang='lat' dir='ltr'>oneratis</span> <span class='ocrx_word' id='word_1_98' title='bbox 257 905 293 932; x_wconf 89' lang='lat' dir='ltr'>et</span> <span class='ocrx_word' id='word_1_99' title='bbox 309 900 511 932; x_wconf 85' lang='lat' dir='ltr'>deonerant</span> <span class='ocrx_word' id='word_1_100' title='bbox 528 910 599 932; x_wconf 87' lang='lat' dir='ltr'>eas.</span> 
     </span>
    </p>

    <p class='ocr_par' dir='ltr' id='par_1_8' title="bbox 73 949 1092 1406">
     <span class='ocr_line' id='line_1_18' title="bbox 133 949 1092 995; baseline -0.001 -12"><span class='ocrx_word' id='word_1_101' title='bbox 133 974 137 975; x_wconf 20' lang='grc' dir='ltr'><em>κ</em></span> <span class='ocrx_word' id='word_1_102' title='bbox 183 950 245 986; x_wconf 84' lang='lat' dir='ltr'>Vs.</span> <span class='ocrx_word' id='word_1_103' title='bbox 266 950 351 985; x_wconf 87' lang='lat'>168.</span> <span class='ocrx_word' id='word_1_104' title='bbox 378 952 544 995; x_wconf 75' lang='lat' dir='ltr'>Iynavum</span> <span class='ocrx_word' id='word_1_105' title='bbox 562 949 674 995; x_wconf 81' lang='lat' dir='ltr'>sucos]</span> <span class='ocrx_word' id='word_1_106' title='bbox 702 949 942 994; x_wconf 82' lang='lat' dir='ltr'>Respublicae</span> <span class='ocrx_word' id='word_1_107' title='bbox 959 949 1092 983; x_wconf 87' lang='lat' dir='ltr'>debent</span> 
     </span>
     <span class='ocr_line' id='line_1_19' title="bbox 79 1000 1091 1048; baseline -0.002 -12"><span class='ocrx_word' id='word_1_108' title='bbox 79 1002 241 1048; x_wconf 86' lang='lat' dir='ltr'>primum</span> <span class='ocrx_word' id='word_1_109' title='bbox 265 1000 399 1036; x_wconf 88' lang='lat' dir='ltr'>habere</span> <span class='ocrx_word' id='word_1_110' title='bbox 425 1003 707 1046; x_wconf 76' lang='lat' dir='ltr'>gubernatores,</span> <span class='ocrx_word' id='word_1_111' title='bbox 745 1002 782 1035; x_wconf 89' lang='lat' dir='ltr'>id</span> <span class='ocrx_word' id='word_1_112' title='bbox 807 1007 880 1042; x_wconf 88' lang='lat' dir='ltr'>est,</span> <span class='ocrx_word' id='word_1_113' title='bbox 918 1013 999 1042; x_wconf 90' lang='lat' dir='ltr'>eos,</span> <span class='ocrx_word' id='word_1_114' title='bbox 1027 1001 1091 1047; x_wconf 89' lang='lat' dir='ltr'>qui</span> 
     </span>
     <span class='ocr_line' id='line_1_20' title="bbox 77 1053 1090 1099; baseline -0.003 -11"><span class='ocrx_word' id='word_1_115' title='bbox 77 1061 254 1099; x_wconf 85' lang='lat' dir='ltr'>praesunt</span> <span class='ocrx_word' id='word_1_116' title='bbox 282 1054 452 1099; x_wconf 73' lang='lat' dir='ltr'>religioni</span> <span class='ocrx_word' id='word_1_117' title='bbox 482 1060 518 1088; x_wconf 86' lang='lat' dir='ltr'>et</span> <span class='ocrx_word' id='word_1_118' title='bbox 549 1054 714 1088; x_wconf 89' lang='lat' dir='ltr'>civilibus</span> <span class='ocrx_word' id='word_1_119' title='bbox 745 1053 921 1098; x_wconf 83' lang='lat' dir='ltr'>negotiis,</span> <span class='ocrx_word' id='word_1_120' title='bbox 959 1053 1090 1087; x_wconf 87' lang='lat' dir='ltr'>deinde</span> 
     </span>
     <span class='ocr_line' id='line_1_21' title="bbox 79 1106 1090 1154; baseline -0.001 -14"><span class='ocrx_word' id='word_1_121' title='bbox 79 1106 188 1140; x_wconf 82' lang='lat' dir='ltr'>etiam</span> <span class='ocrx_word' id='word_1_122' title='bbox 214 1106 278 1154; x_wconf 91' lang='lat' dir='ltr'>qui</span> <span class='ocrx_word' id='word_1_123' title='bbox 299 1107 468 1140; x_wconf 81' lang='lat' dir='ltr'>laborent</span> <span class='ocrx_word' id='word_1_124' title='bbox 490 1113 526 1140; x_wconf 87' lang='lat' dir='ltr'>et</span> <span class='ocrx_word' id='word_1_125' title='bbox 555 1106 690 1140; x_wconf 88' lang='lat' dir='ltr'>victum</span> <span class='ocrx_word' id='word_1_126' title='bbox 724 1112 922 1151; x_wconf 86' lang='lat' dir='ltr'>quaerant,</span> <span class='ocrx_word' id='word_1_127' title='bbox 965 1112 1090 1151; x_wconf 90' lang='lat' dir='ltr'>postea</span> 
     </span>
     <span class='ocr_line' id='line_1_22' title="bbox 73 1158 1091 1203; baseline 0 -11"><span class='ocrx_word' id='word_1_128' title='bbox 73 1159 284 1194; x_wconf 82' lang='lat' dir='ltr'>defensores</span> <span class='ocrx_word' id='word_1_129' title='bbox 310 1165 345 1192; x_wconf 90' lang='lat' dir='ltr'>et</span> <span class='ocrx_word' id='word_1_130' title='bbox 367 1158 563 1203; x_wconf 84' lang='lat' dir='ltr'>praesidia.</span> <span class='ocrx_word' id='word_1_131' title='bbox 671 1160 816 1203; x_wconf 73' lang='lat' dir='ltr'>Arc-ent]</span> <span class='ocrx_word' id='word_1_132' title='bbox 847 1158 884 1191; x_wconf 92' lang='lat' dir='ltr'>id</span> <span class='ocrx_word' id='word_1_133' title='bbox 907 1164 977 1199; x_wconf 87' lang='lat' dir='ltr'>est,</span> <span class='ocrx_word' id='word_1_134' title='bbox 1007 1170 1091 1203; x_wconf 90' lang='lat' dir='ltr'>apes</span> 
     </span>
     <span class='ocr_line' id='line_1_23' title="bbox 78 1209 1091 1256; baseline -0.001 -12"><span class='ocrx_word' id='word_1_135' title='bbox 78 1211 264 1256; x_wconf 85' lang='lat' dir='ltr'>expellunt</span> <span class='ocrx_word' id='word_1_136' title='bbox 279 1217 378 1243; x_wconf 85' lang='lat' dir='ltr'>extra</span> <span class='ocrx_word' id='word_1_137' title='bbox 399 1210 557 1243; x_wconf 86' lang='lat' dir='ltr'>alvearia</span> <span class='ocrx_word' id='word_1_138' title='bbox 576 1210 697 1251; x_wconf 87' lang='lat' dir='ltr'>fucos,</span> <span class='ocrx_word' id='word_1_139' title='bbox 735 1217 770 1243; x_wconf 89' lang='lat' dir='ltr'>et</span> <span class='ocrx_word' id='word_1_140' title='bbox 787 1209 837 1243; x_wconf 86' lang='lat' dir='ltr'>ibi</span> <span class='ocrx_word' id='word_1_141' title='bbox 856 1210 989 1244; x_wconf 81' lang='lat' dir='ltr'>aculeis</span> <span class='ocrx_word' id='word_1_142' title='bbox 1005 1223 1091 1243; x_wconf 87' lang='lat' dir='ltr'>con-</span> 
     </span>
     <span class='ocr_line' id='line_1_24' title="bbox 77 1259 1092 1310; baseline -0.001 -14"><span class='ocrx_word' id='word_1_143' title='bbox 77 1263 223 1304; x_wconf 85' lang='lat' dir='ltr'>ficiunt,</span> <span class='ocrx_word' id='word_1_144' title='bbox 252 1262 336 1309; x_wconf 87' lang='lat' dir='ltr'>quia</span> <span class='ocrx_word' id='word_1_145' title='bbox 368 1274 404 1296; x_wconf 90' lang='lat' dir='ltr'>es</span> <span class='ocrx_word' id='word_1_146' title='bbox 428 1262 554 1308; x_wconf 84' lang='lat' dir='ltr'>arbeyt</span> <span class='ocrx_word' id='word_1_147' title='bbox 582 1259 719 1302; x_wconf 80' lang='lat' dir='ltr'>niclits,</span> <span class='ocrx_word' id='word_1_148' title='bbox 753 1263 886 1310; x_wconf 77' lang='lat' dir='ltr'>semler</span> <span class='ocrx_word' id='word_1_149' title='bbox 914 1262 989 1296; x_wconf 88' lang='lat' dir='ltr'>stilt</span> <span class='ocrx_word' id='word_1_150' title='bbox 1017 1263 1092 1295; x_wconf 88' lang='lat' dir='ltr'>und</span> 
     </span>
     <span class='ocr_line' id='line_1_25' title="bbox 78 1312 1091 1356; baseline -0.001 -8"><span class='ocrx_word' id='word_1_151' title='bbox 78 1326 118 1348; x_wconf 88' lang='lat' dir='ltr'>er</span> <span class='ocrx_word' id='word_1_152' title='bbox 144 1314 219 1346; x_wconf 86' lang='lat' dir='ltr'>isst.</span> <span class='ocrx_word' id='word_1_153' title='bbox 324 1314 505 1355; x_wconf 70' lang='lat' dir='ltr'>Iynavum]</span> <span class='ocrx_word' id='word_1_154' title='bbox 541 1314 626 1356; x_wconf 78' lang='lat' dir='ltr'>quia</span> <span class='ocrx_word' id='word_1_155' title='bbox 656 1320 741 1345; x_wconf 87' lang='lat' dir='ltr'>sunt</span> <span class='ocrx_word' id='word_1_156' title='bbox 765 1314 842 1345; x_wconf 89' lang='lat' dir='ltr'>sine</span> <span class='ocrx_word' id='word_1_157' title='bbox 864 1312 1020 1353; x_wconf 85' lang='lat' dir='ltr'>aculeis,</span> <span class='ocrx_word' id='word_1_158' title='bbox 1055 1325 1091 1347; x_wconf 87' lang='lat' dir='ltr'>es</span> 
     </span>
     <span class='ocr_line' id='line_1_26' title="bbox 79 1362 675 1406; baseline 0 -11"><span class='ocrx_word' id='word_1_159' title='bbox 79 1362 126 1397; x_wconf 84' lang='lat' dir='ltr'>ist</span> <span class='ocrx_word' id='word_1_160' title='bbox 149 1367 328 1406; x_wconf 83' lang='lat' dir='ltr'>verzaget.</span> <span class='ocrx_word' id='word_1_161' title='bbox 671 1400 675 1404; x_wconf 77' lang='lat'>.</span> 
     </span>
    </p>

    <p class='ocr_par' dir='ltr' id='par_1_9' title="bbox 77 1412 1091 1565">
     <span class='ocr_line' id='line_1_27' title="bbox 181 1412 1091 1459; baseline 0.003 -14"><span class='ocrx_word' id='word_1_162' title='bbox 181 1412 243 1448; x_wconf 89' lang='lat' dir='ltr'>Vs.</span> <span class='ocrx_word' id='word_1_163' title='bbox 263 1413 347 1448; x_wconf 87' lang='lat'><strong>170.</strong></span> <span class='ocrx_word' id='word_1_164' title='bbox 389 1415 442 1447; x_wconf 79' lang='lat' dir='ltr'>Ac</span> <span class='ocrx_word' id='word_1_165' title='bbox 466 1414 569 1448; x_wconf 73' lang='lat' dir='ltr'>veluti</span> <span class='ocrx_word' id='word_1_166' title='bbox 596 1414 715 1459; x_wconf 74' lang='lat' dir='ltr'>lentis]</span> <span class='ocrx_word' id='word_1_167' title='bbox 753 1415 868 1448; x_wconf 88' lang='lat' dir='ltr'>Poeta</span> <span class='ocrx_word' id='word_1_168' title='bbox 895 1415 1011 1449; x_wconf 87' lang='lat' dir='ltr'>voluit</span> <span class='ocrx_word' id='word_1_169' title='bbox 1037 1416 1091 1450; x_wconf 86' lang='lat' dir='ltr'>uti</span> 
     </span>
     <span class='ocr_line' id='line_1_28' title="bbox 78 1464 1090 1513; baseline 0.002 -14"><span class='ocrx_word' id='word_1_170' title='bbox 78 1466 122 1499; x_wconf 89' lang='lat' dir='ltr'>de</span> <span class='ocrx_word' id='word_1_171' title='bbox 146 1464 325 1500; x_wconf 87' lang='lat' dir='ltr'>industria</span> <span class='ocrx_word' id='word_1_172' title='bbox 352 1466 626 1510; x_wconf 86' lang='lat' dir='ltr'>comparatione</span> <span class='ocrx_word' id='word_1_173' title='bbox 652 1467 847 1511; x_wconf 78' lang='lat' dir='ltr'>grandium</span> <span class='ocrx_word' id='word_1_174' title='bbox 879 1480 1090 1513; x_wconf 86' lang='lat' dir='ltr'>corporum,</span> 
     </span>
     <span class='ocr_line' id='line_1_29' title="bbox 77 1518 1090 1565; baseline 0.003 -13"><span class='ocrx_word' id='word_1_175' title='bbox 77 1524 119 1552; x_wconf 90' lang='lat' dir='ltr'>ut</span> <span class='ocrx_word' id='word_1_176' title='bbox 135 1519 342 1553; x_wconf 85' lang='lat' dir='ltr'>ostenderet</span> <span class='ocrx_word' id='word_1_177' title='bbox 366 1518 654 1562; x_wconf 78' lang='lat' dir='ltr'>magnitudinem</span> <span class='ocrx_word' id='word_1_178' title='bbox 673 1519 876 1553; x_wconf 82' lang='lat' dir='ltr'>sedulitatis</span> <span class='ocrx_word' id='word_1_179' title='bbox 894 1519 931 1553; x_wconf 89' lang='lat' dir='ltr'>in</span> <span class='ocrx_word' id='word_1_180' title='bbox 949 1521 1090 1565; x_wconf 83' lang='lat' dir='ltr'>apibus.</span> 
     </span>
    </p>

    <p class='ocr_par' dir='ltr' id='par_1_10' title="bbox 76 1569 1090 1657">
     <span class='ocr_line' id='line_1_30' title="bbox 178 1569 1090 1617; baseline 0.003 -14"><span class='ocrx_word' id='word_1_181' title='bbox 178 1569 240 1606; x_wconf 84' lang='lat' dir='ltr'>Vs.</span> <span class='ocrx_word' id='word_1_182' title='bbox 257 1570 344 1606; x_wconf 88' lang='lat'>171.</span> <span class='ocrx_word' id='word_1_183' title='bbox 388 1572 594 1617; x_wconf 78' lang='lat' dir='ltr'>Properant]</span> <span class='ocrx_word' id='word_1_184' title='bbox 631 1570 670 1605; x_wconf 87' lang='lat' dir='ltr'>id</span> <span class='ocrx_word' id='word_1_185' title='bbox 695 1577 768 1614; x_wconf 88' lang='lat' dir='ltr'>est,</span> <span class='ocrx_word' id='word_1_186' title='bbox 807 1571 1006 1614; x_wconf 79' lang='lat' dir='ltr'>fabricant,</span> <span class='ocrx_word' id='word_1_187' title='bbox 1038 1573 1090 1606; x_wconf 82' lang='lat' dir='ltr'>sa-</span> 
     </span>
     <span class='ocr_line' id='line_1_31' title="bbox 76 1621 189 1657; baseline 0 0"><span class='ocrx_word' id='word_1_188' title='bbox 76 1621 189 1657; x_wconf 85' lang='lat' dir='ltr'>ciunt.</span> 
     </span>
    </p>

    <p class='ocr_par' dir='ltr' id='par_1_11' title="bbox 77 1673 1088 1774">
     <span class='ocr_line' id='line_1_32' title="bbox 180 1673 1088 1722; baseline 0.004 -15"><span class='ocrx_word' id='word_1_189' title='bbox 180 1673 243 1708; x_wconf 82' lang='lat' dir='ltr'>Vs.</span> <span class='ocrx_word' id='word_1_190' title='bbox 271 1673 356 1707; x_wconf 83' lang='lat'>173.</span> <span class='ocrx_word' id='word_1_191' title='bbox 403 1675 533 1719; x_wconf 75' lang='lat' dir='ltr'>Gemit]</span> <span class='ocrx_word' id='word_1_192' title='bbox 579 1674 642 1708; x_wconf 83' lang='lat' dir='ltr'>Illa</span> <span class='ocrx_word' id='word_1_193' title='bbox 679 1675 825 1720; x_wconf 85' lang='lat' dir='ltr'>grandis</span> <span class='ocrx_word' id='word_1_194' title='bbox 861 1677 1088 1722; x_wconf 84' lang='lat' dir='ltr'>comparatio</span> 
     </span>
     <span class='ocr_line' id='line_1_33' title="bbox 77 1725 976 1774; baseline 0.003 -14"><span class='ocrx_word' id='word_1_195' title='bbox 77 1727 182 1761; x_wconf 87' lang='lat' dir='ltr'>valde</span> <span class='ocrx_word' id='word_1_196' title='bbox 200 1732 307 1770; x_wconf 78' lang='lat' dir='ltr'>auget</span> <span class='ocrx_word' id='word_1_197' title='bbox 322 1725 547 1768; x_wconf 76' lang='lat' dir='ltr'>diligentiam</span> <span class='ocrx_word' id='word_1_198' title='bbox 569 1733 602 1760; x_wconf 88' lang='lat' dir='ltr'>et</span> <span class='ocrx_word' id='word_1_199' title='bbox 619 1727 832 1772; x_wconf 82' lang='lat' dir='ltr'>dignitatem</span> <span class='ocrx_word' id='word_1_200' title='bbox 853 1741 976 1774; x_wconf 88' lang='lat' dir='ltr'>apum.</span> 
     </span>
    </p>

    <p class='ocr_par' dir='ltr' id='par_1_12' title="bbox 74 1777 1090 2032">
     <span class='ocr_line' id='line_1_34' title="bbox 180 1777 1088 1822; baseline 0.002 -11"><span class='ocrx_word' id='word_1_201' title='bbox 180 1777 242 1813; x_wconf 86' lang='lat' dir='ltr'>Vs.</span> <span class='ocrx_word' id='word_1_202' title='bbox 263 1777 348 1812; x_wconf 87' lang='lat'>177.</span> <span class='ocrx_word' id='word_1_203' title='bbox 378 1778 574 1822; x_wconf 78' lang='lat' dir='ltr'>Cecropias]</span> <span class='ocrx_word' id='word_1_204' title='bbox 602 1778 637 1812; x_wconf 87' lang='lat' dir='ltr'>id</span> <span class='ocrx_word' id='word_1_205' title='bbox 660 1786 730 1819; x_wconf 88' lang='lat' dir='ltr'>est,</span> <span class='ocrx_word' id='word_1_206' title='bbox 758 1780 907 1815; x_wconf 87' lang='lat' dir='ltr'>Atticas.</span> <span class='ocrx_word' id='word_1_207' title='bbox 962 1781 1088 1814; x_wconf 85' lang='lat' dir='ltr'>Solum</span> 
     </span>
     <span class='ocr_line' id='line_1_35' title="bbox 75 1830 1090 1877; baseline -0.001 -11"><span class='ocrx_word' id='word_1_208' title='bbox 75 1830 238 1866; x_wconf 85' lang='lat' dir='ltr'>Atticum</span> <span class='ocrx_word' id='word_1_209' title='bbox 263 1842 339 1863; x_wconf 90' lang='lat' dir='ltr'>non</span> <span class='ocrx_word' id='word_1_210' title='bbox 365 1830 433 1863; x_wconf 88' lang='lat' dir='ltr'>suit</span> <span class='ocrx_word' id='word_1_211' title='bbox 459 1832 549 1863; x_wconf 88' lang='lat' dir='ltr'>adeo</span> <span class='ocrx_word' id='word_1_212' title='bbox 576 1831 697 1871; x_wconf 82' lang='lat' dir='ltr'>ferax,</span> <span class='ocrx_word' id='word_1_213' title='bbox 737 1843 801 1865; x_wconf 89' lang='lat' dir='ltr'>nec</span> <span class='ocrx_word' id='word_1_214' title='bbox 825 1833 932 1877; x_wconf 86' lang='lat' dir='ltr'>plane</span> <span class='ocrx_word' id='word_1_215' title='bbox 957 1833 1090 1873; x_wconf 86' lang='lat' dir='ltr'>sterile,</span> 
     </span>
     <span class='ocr_line' id='line_1_36' title="bbox 75 1879 1089 1929; baseline 0.002 -13"><span class='ocrx_word' id='word_1_216' title='bbox 75 1889 272 1929; x_wconf 87' lang='lat' dir='ltr'>propterea</span> <span class='ocrx_word' id='word_1_217' title='bbox 317 1879 446 1915; x_wconf 85' lang='lat' dir='ltr'>habuit</span> <span class='ocrx_word' id='word_1_218' title='bbox 492 1883 627 1917; x_wconf 90' lang='lat' dir='ltr'>multos</span> <span class='ocrx_word' id='word_1_219' title='bbox 672 1881 799 1918; x_wconf 87' lang='lat' dir='ltr'>hortos</span> <span class='ocrx_word' id='word_1_220' title='bbox 842 1890 877 1917; x_wconf 89' lang='lat' dir='ltr'>et</span> <span class='ocrx_word' id='word_1_221' title='bbox 917 1884 1089 1918; x_wconf 77' lang='lat' dir='ltr'>alvearia.</span> 
     </span>
     <span class='ocr_line' id='line_1_37' title="bbox 74 1930 1088 1980; baseline -0.001 -10"><span class='ocrx_word' id='word_1_222' title='bbox 74 1938 185 1970; x_wconf 81' lang='lat' dir='ltr'>Amor</span> <span class='ocrx_word' id='word_1_223' title='bbox 211 1930 374 1980; x_wconf 73' lang='lat' dir='ltr'>habendi]</span> <span class='ocrx_word' id='word_1_224' title='bbox 409 1933 445 1967; x_wconf 80' lang='lat' dir='ltr'>id</span> <span class='ocrx_word' id='word_1_225' title='bbox 471 1940 543 1975; x_wconf 90' lang='lat' dir='ltr'>est,</span> <span class='ocrx_word' id='word_1_226' title='bbox 573 1936 758 1970; x_wconf 85' lang='lat' dir='ltr'>sedulitas.</span> <span class='ocrx_word' id='word_1_227' title='bbox 819 1934 884 1970; x_wconf 89' lang='lat' dir='ltr'>Est</span> <span class='ocrx_word' id='word_1_228' title='bbox 909 1935 958 1970; x_wconf 84' lang='lat' dir='ltr'>eis</span> <span class='ocrx_word' id='word_1_229' title='bbox 980 1936 1088 1970; x_wconf 88' lang='lat' dir='ltr'>insita</span> 
     </span>
     <span class='ocr_line' id='line_1_38' title="bbox 75 1986 686 2032; baseline 0.003 -17"><span class='ocrx_word' id='word_1_230' title='bbox 75 1988 256 2032; x_wconf 79' lang='lat' dir='ltr'>quaedam</span> <span class='ocrx_word' id='word_1_231' title='bbox 275 1986 447 2017; x_wconf 76' lang='lat' dir='ltr'>sedulitas</span> <span class='ocrx_word' id='word_1_232' title='bbox 472 1988 686 2028; x_wconf 76' lang='lat' dir='ltr'>quaerendi.</span> 
     </span>
    </p>

    <p class='ocr_par' dir='ltr' id='par_1_13' title="bbox 74 2033 1089 2181">
     <span class='ocr_line' id='line_1_39' title="bbox 179 2033 1088 2085; baseline 0.006 -18"><span class='ocrx_word' id='word_1_233' title='bbox 179 2036 242 2070; x_wconf 89' lang='lat' dir='ltr'>Vs.</span> <span class='ocrx_word' id='word_1_234' title='bbox 267 2035 352 2068; x_wconf 88' lang='lat'>178.</span> <span class='ocrx_word' id='word_1_235' title='bbox 380 2033 547 2083; x_wconf 67' lang='lat' dir='ltr'>BIanere]</span> <span class='ocrx_word' id='word_1_236' title='bbox 577 2036 773 2081; x_wconf 89' lang='lat' dir='ltr'>Prolepsis.</span> <span class='ocrx_word' id='word_1_237' title='bbox 857 2037 1088 2085; x_wconf 78' lang='lat' dir='ltr'>Grandaevis]</span> 
     </span>
     <span class='ocr_line' id='line_1_40' title="bbox 74 2086 1089 2135; baseline 0.001 -14"><span class='ocrx_word' id='word_1_238' title='bbox 74 2087 113 2122; x_wconf 84' lang='lat' dir='ltr'>id</span> <span class='ocrx_word' id='word_1_239' title='bbox 131 2094 205 2129; x_wconf 89' lang='lat' dir='ltr'>est,</span> <span class='ocrx_word' id='word_1_240' title='bbox 233 2086 378 2120; x_wconf 87' lang='lat' dir='ltr'>adultae</span> <span class='ocrx_word' id='word_1_241' title='bbox 398 2096 547 2121; x_wconf 83' lang='lat' dir='ltr'>manent</span> <span class='ocrx_word' id='word_1_242' title='bbox 565 2087 661 2122; x_wconf 88' lang='lat' dir='ltr'>intra</span> <span class='ocrx_word' id='word_1_243' title='bbox 681 2088 861 2130; x_wconf 88' lang='lat' dir='ltr'>alveolos,</span> <span class='ocrx_word' id='word_1_244' title='bbox 889 2091 987 2135; x_wconf 88' lang='lat' dir='ltr'>quod</span> <span class='ocrx_word' id='word_1_245' title='bbox 1006 2090 1089 2123; x_wconf 87' lang='lat' dir='ltr'>Ari-</span> 
     </span>
     <span class='ocr_line' id='line_1_41' title="bbox 75 2139 520 2181; baseline -0.004 -7"><span class='ocrx_word' id='word_1_246' title='bbox 75 2140 222 2175; x_wconf 80' lang='lat' dir='ltr'>stoteles</span> <span class='ocrx_word' id='word_1_247' title='bbox 241 2150 405 2181; x_wconf 84' lang='lat' dir='ltr'>expresse</span> <span class='ocrx_word' id='word_1_248' title='bbox 421 2139 520 2172; x_wconf 86' lang='lat' dir='ltr'>dicit.</span> 
     </span>
    </p>

    <p class='ocr_par' dir='ltr' id='par_1_14' title="bbox 180 2190 1065 2235">
     <span class='ocr_line' id='line_1_42' title="bbox 180 2190 1065 2235; baseline 0.006 -12"><span class='ocrx_word' id='word_1_249' title='bbox 180 2191 242 2226; x_wconf 90' lang='lat' dir='ltr'>Vs.</span> <span class='ocrx_word' id='word_1_250' title='bbox 261 2190 346 2225; x_wconf 88' lang='lat'>180.</span> <span class='ocrx_word' id='word_1_251' title='bbox 374 2191 550 2235; x_wconf 69' lang='lat' dir='ltr'>Minores]</span> <span class='ocrx_word' id='word_1_252' title='bbox 574 2190 608 2224; x_wconf 90' lang='lat' dir='ltr'>id</span> <span class='ocrx_word' id='word_1_253' title='bbox 626 2198 698 2232; x_wconf 86' lang='lat' dir='ltr'>est,</span> <span class='ocrx_word' id='word_1_254' title='bbox 726 2191 888 2226; x_wconf 87' lang='lat' dir='ltr'>iuniores</span> <span class='ocrx_word' id='word_1_255' title='bbox 908 2193 1065 2228; x_wconf 82' lang='lat' dir='ltr'>evolant.</span> 
     </span>
    </p>

    <p class='ocr_par' dir='ltr' id='par_1_15' title="bbox 75 2243 1087 2338">
     <span class='ocr_line' id='line_1_43' title="bbox 178 2243 1087 2290; baseline 0.006 -15"><span class='ocrx_word' id='word_1_256' title='bbox 178 2243 240 2277; x_wconf 81' lang='lat' dir='ltr'>Vs.</span> <span class='ocrx_word' id='word_1_257' title='bbox 261 2243 345 2277; x_wconf 75' lang='lat'>182.</span> <span class='ocrx_word' id='word_1_258' title='bbox 376 2244 419 2275; x_wconf 78' lang='lat' dir='ltr'>Ee</span> <span class='ocrx_word' id='word_1_259' title='bbox 433 2243 575 2285; x_wconf 71' lang='lat' dir='ltr'>qlaucas</span> <span class='ocrx_word' id='word_1_260' title='bbox 588 2245 724 2290; x_wconf 72' lang='lat' dir='ltr'>salices]</span> <span class='ocrx_word' id='word_1_261' title='bbox 751 2244 836 2279; x_wconf 83' lang='lat' dir='ltr'>Non</span> <span class='ocrx_word' id='word_1_262' title='bbox 852 2251 892 2278; x_wconf 90' lang='lat' dir='ltr'>ut</span> <span class='ocrx_word' id='word_1_263' title='bbox 909 2245 992 2279; x_wconf 89' lang='lat' dir='ltr'>inde</span> <span class='ocrx_word' id='word_1_264' title='bbox 1009 2258 1087 2280; x_wconf 90' lang='lat' dir='ltr'>suc-</span> 
     </span>
     <span class='ocr_line' id='line_1_44' title="bbox 75 2294 627 2338; baseline 0 -10"><span class='ocrx_word' id='word_1_265' title='bbox 75 2307 178 2336; x_wconf 81' lang='lat' dir='ltr'>cum,</span> <span class='ocrx_word' id='word_1_266' title='bbox 206 2295 267 2329; x_wconf 85' lang='lat' dir='ltr'>sed</span> <span class='ocrx_word' id='word_1_267' title='bbox 288 2295 426 2338; x_wconf 84' lang='lat' dir='ltr'>gummi</span> <span class='ocrx_word' id='word_1_268' title='bbox 445 2294 627 2330; x_wconf 73' lang='lat' dir='ltr'>hauriant.</span> 
     </span>
    </p>

    <p class='ocr_par' dir='ltr' id='par_1_16' title="bbox 74 2345 1087 2651">
     <span class='ocr_line' id='line_1_45' title="bbox 180 2345 1087 2394; baseline 0.003 -15"><span class='ocrx_word' id='word_1_269' title='bbox 180 2345 242 2381; x_wconf 83' lang='lat' dir='ltr'>Vs.</span> <span class='ocrx_word' id='word_1_270' title='bbox 264 2345 349 2380; x_wconf 86' lang='lat'>184.</span> <span class='ocrx_word' id='word_1_271' title='bbox 380 2347 545 2380; x_wconf 79' lang='lat' dir='ltr'>Omnibus</span> <span class='ocrx_word' id='word_1_272' title='bbox 562 2360 631 2381; x_wconf 83' lang='lat' dir='ltr'>una</span> <span class='ocrx_word' id='word_1_273' title='bbox 647 2348 757 2394; x_wconf 70' lang='lat' dir='ltr'>quies]</span> <span class='ocrx_word' id='word_1_274' title='bbox 782 2347 856 2382; x_wconf 90' lang='lat' dir='ltr'>Das</span> <span class='ocrx_word' id='word_1_275' title='bbox 874 2348 919 2383; x_wconf 89' lang='lat' dir='ltr'>ist</span> <span class='ocrx_word' id='word_1_276' title='bbox 936 2349 994 2382; x_wconf 91' lang='lat' dir='ltr'>ein</span> <span class='ocrx_word' id='word_1_277' title='bbox 1014 2349 1087 2382; x_wconf 90' lang='lat' dir='ltr'>sein</span> 
     </span>
     <span class='ocr_line' id='line_1_46' title="bbox 74 2397 1085 2443; baseline 0.002 -11"><span class='ocrx_word' id='word_1_278' title='bbox 74 2399 267 2443; x_wconf 85' lang='lat' dir='ltr'>regiment.</span> <span class='ocrx_word' id='word_1_279' title='bbox 331 2397 370 2430; x_wconf 89' lang='lat' dir='ltr'>ln</span> <span class='ocrx_word' id='word_1_280' title='bbox 401 2404 564 2443; x_wconf 83' lang='lat' dir='ltr'>tempore</span> <span class='ocrx_word' id='word_1_281' title='bbox 588 2406 674 2432; x_wconf 87' lang='lat' dir='ltr'>eunt</span> <span class='ocrx_word' id='word_1_282' title='bbox 697 2400 879 2442; x_wconf 85' lang='lat' dir='ltr'>cubitum,</span> <span class='ocrx_word' id='word_1_283' title='bbox 916 2407 950 2434; x_wconf 91' lang='lat' dir='ltr'>et</span> <span class='ocrx_word' id='word_1_284' title='bbox 980 2414 1085 2435; x_wconf 83' lang='lat' dir='ltr'>mane</span> 
     </span>
     <span class='ocr_line' id='line_1_47' title="bbox 722 2452 1087 2497; baseline 0.003 -12"><span class='ocrx_word' id='word_1_285' title='bbox 722 2452 865 2485; x_wconf 87' lang='lat' dir='ltr'>Aurora</span> <span class='ocrx_word' id='word_1_286' title='bbox 894 2460 1087 2497; x_wconf 88' lang='lat' dir='ltr'>promovet</span> 
     </span>
     <span class='ocr_line' id='line_1_48' title="bbox 78 2501 1085 2550; baseline 0.005 -16"><span class='ocrx_word' id='word_1_287' title='bbox 78 2502 118 2535; x_wconf 88' lang='lat' dir='ltr'>in</span> <span class='ocrx_word' id='word_1_288' title='bbox 140 2503 198 2536; x_wconf 88' lang='lat' dir='ltr'>via</span> <span class='ocrx_word' id='word_1_289' title='bbox 224 2509 258 2536; x_wconf 91' lang='lat' dir='ltr'>et</span> <span class='ocrx_word' id='word_1_290' title='bbox 284 2501 321 2535; x_wconf 86' lang='lat' dir='ltr'>in</span> <span class='ocrx_word' id='word_1_291' title='bbox 347 2515 468 2547; x_wconf 85' lang='lat' dir='ltr'>opere.</span> <span class='ocrx_word' id='word_1_292' title='bbox 522 2501 609 2536; x_wconf 88' lang='lat' dir='ltr'>Item</span> <span class='ocrx_word' id='word_1_293' title='bbox 627 2503 732 2536; x_wconf 85' lang='lat' dir='ltr'>Plato</span> <span class='ocrx_word' id='word_1_294' title='bbox 752 2503 887 2549; x_wconf 89' lang='lat' dir='ltr'>inquit:</span> <span class='ocrx_word' id='word_1_295' title='bbox 927 2504 1085 2550; x_wconf 78' lang='lat' dir='ltr'>Quando</span> 
     </span>
     <span class='ocr_line' id='line_1_49' title="bbox 77 2553 1085 2595; baseline 0.006 -9"><span class='ocrx_word' id='word_1_296' title='bbox 77 2553 202 2588; x_wconf 88' lang='lat' dir='ltr'>lumen</span> <span class='ocrx_word' id='word_1_297' title='bbox 228 2554 313 2589; x_wconf 90' lang='lat' dir='ltr'>solis</span> <span class='ocrx_word' id='word_1_298' title='bbox 338 2555 486 2595; x_wconf 86' lang='lat' dir='ltr'>occidit,</span> <span class='ocrx_word' id='word_1_299' title='bbox 522 2562 608 2588; x_wconf 83' lang='lat' dir='ltr'>tunc</span> <span class='ocrx_word' id='word_1_300' title='bbox 634 2562 799 2589; x_wconf 91' lang='lat' dir='ltr'>nostrum</span> <span class='ocrx_word' id='word_1_301' title='bbox 824 2556 948 2590; x_wconf 90' lang='lat' dir='ltr'>lumen</span> <span class='ocrx_word' id='word_1_302' title='bbox 976 2558 1085 2592; x_wconf 87' lang='lat' dir='ltr'>etiam</span> 
     </span>
     <span class='ocr_line' id='line_1_50' title="bbox 77 2606 389 2651; baseline 0.003 -12"><span class='ocrx_word' id='word_1_303' title='bbox 77 2606 178 2650; x_wconf 89' lang='lat' dir='ltr'>cupit</span> <span class='ocrx_word' id='word_1_304' title='bbox 195 2606 389 2651; x_wconf 76' lang='lat' dir='ltr'>quiescere.</span> 
     </span>
    </p>

    <p class='ocr_par' dir='ltr' id='par_1_17' title="bbox 73 2657 1086 2751">
     <span class='ocr_line' id='line_1_51' title="bbox 182 2657 1086 2704; baseline 0.003 -15"><span class='ocrx_word' id='word_1_305' title='bbox 182 2657 242 2691; x_wconf 83' lang='lat' dir='ltr'>Vs.</span> <span class='ocrx_word' id='word_1_306' title='bbox 264 2657 348 2692; x_wconf 88' lang='lat'>188.</span> <span class='ocrx_word' id='word_1_307' title='bbox 375 2661 430 2692; x_wconf 79' lang='lat' dir='ltr'>Fit</span> <span class='ocrx_word' id='word_1_308' title='bbox 453 2660 601 2704; x_wconf 75' lang='lat' dir='ltr'>sonitus]</span> <span class='ocrx_word' id='word_1_309' title='bbox 625 2659 782 2704; x_wconf 77' lang='lat' dir='ltr'>&#39;Vesperi</span> <span class='ocrx_word' id='word_1_310' title='bbox 804 2658 947 2693; x_wconf 86' lang='lat' dir='ltr'>canitur</span> <span class='ocrx_word' id='word_1_311' title='bbox 967 2660 1086 2695; x_wconf 89' lang='lat' dir='ltr'>classi-</span> 
     </span>
     <span class='ocr_line' id='line_1_52' title="bbox 73 2707 587 2751; baseline 0.01 -10"><span class='ocrx_word' id='word_1_312' title='bbox 73 2719 180 2751; x_wconf 78' lang='lat' dir='ltr'>cum,</span> <span class='ocrx_word' id='word_1_313' title='bbox 208 2707 277 2742; x_wconf 86' lang='lat' dir='ltr'>hoc</span> <span class='ocrx_word' id='word_1_314' title='bbox 296 2716 369 2750; x_wconf 86' lang='lat' dir='ltr'>est,</span> <span class='ocrx_word' id='word_1_315' title='bbox 397 2717 587 2746; x_wconf 75' lang='lat' dir='ltr'>castrense.</span> 
     </span>
    </p>
   </div>
   <div class='ocr_carea' id='block_1_5' title="bbox 1002 641 1092 675">
    <p class='ocr_par' dir='ltr' id='par_1_18' title="bbox 1002 641 1092 675">
     <span class='ocr_line' id='line_1_53' title="bbox 1002 641 1092 675; baseline -0.011 0"><span class='ocrx_word' id='word_1_316' title='bbox 1002 641 1092 675; x_wconf 74' lang='lat' dir='ltr'>Dis-</span> 
     </span>
    </p>
   </div>
   <div class='ocr_carea' id='block_1_6' title="bbox 841 84 1695 122">
    <p class='ocr_par' dir='ltr' id='par_1_19' title="bbox 841 84 1695 122">
     <span class='ocr_line' id='line_1_54' title="bbox 841 84 1695 122; baseline 0 -1"><span class='ocrx_word' id='word_1_317' title='bbox 841 84 1131 121; x_wconf 84' lang='lat' dir='ltr'><strong>ENARRATIO</strong></span> <span class='ocrx_word' id='word_1_318' title='bbox 1166 85 1452 122; x_wconf 83' lang='lat' dir='ltr'>GEORGICON</span> <span class='ocrx_word' id='word_1_319' title='bbox 1486 84 1695 122; x_wconf 82' lang='lat' dir='ltr'>VIRGILII.</span> 
     </span>
    </p>
   </div>
   <div class='ocr_carea' id='block_1_7' title="bbox 2081 86 2157 123">
    <p class='ocr_par' dir='ltr' id='par_1_20' title="bbox 2081 86 2157 123">
     <span class='ocr_line' id='line_1_55' title="bbox 2081 86 2157 123; baseline 0 -1"><span class='ocrx_word' id='word_1_320' title='bbox 2081 86 2157 123; x_wconf 75' lang='lat'>422</span> 
     </span>
    </p>
   </div>
   <div class='ocr_carea' id='block_1_8' title="bbox 1141 174 2156 2300">
    <p class='ocr_par' dir='ltr' id='par_1_21' title="bbox 1145 174 2155 326">
     <span class='ocr_line' id='line_1_56' title="bbox 1253 174 2155 222; baseline 0.003 -15"><span class='ocrx_word' id='word_1_321' title='bbox 1253 174 1313 208; x_wconf 89' lang='lat' dir='ltr'>Vs.</span> <span class='ocrx_word' id='word_1_322' title='bbox 1336 174 1420 210; x_wconf 89' lang='lat'>190.</span> <span class='ocrx_word' id='word_1_323' title='bbox 1448 177 1630 222; x_wconf 76' lang='lat' dir='ltr'>Fessosque</span> <span class='ocrx_word' id='word_1_324' title='bbox 1646 176 1762 221; x_wconf 81' lang='lat' dir='ltr'>sopor]</span> <span class='ocrx_word' id='word_1_325' title='bbox 1791 174 1875 209; x_wconf 83' lang='lat' dir='ltr'>Illae</span> <span class='ocrx_word' id='word_1_326' title='bbox 1892 176 1983 210; x_wconf 87' lang='lat' dir='ltr'>duae</span> <span class='ocrx_word' id='word_1_327' title='bbox 2000 188 2055 210; x_wconf 86' lang='lat' dir='ltr'>res</span> <span class='ocrx_word' id='word_1_328' title='bbox 2072 184 2155 210; x_wconf 80' lang='lat' dir='ltr'>sunt</span> 
     </span>
     <span class='ocr_line' id='line_1_57' title="bbox 1145 226 2154 274; baseline 0.001 -14"><span class='ocrx_word' id='word_1_329' title='bbox 1145 226 1246 271; x_wconf 85' lang='lat' dir='ltr'>signa</span> <span class='ocrx_word' id='word_1_330' title='bbox 1265 227 1395 270; x_wconf 85' lang='lat' dir='ltr'>longae</span> <span class='ocrx_word' id='word_1_331' title='bbox 1413 226 1507 260; x_wconf 86' lang='lat' dir='ltr'>vitae</span> <span class='ocrx_word' id='word_1_332' title='bbox 1523 227 1561 260; x_wconf 85' lang='lat' dir='ltr'>iu</span> <span class='ocrx_word' id='word_1_333' title='bbox 1580 229 1726 273; x_wconf 79' lang='lat' dir='ltr'>apibus,</span> <span class='ocrx_word' id='word_1_334' title='bbox 1757 229 1854 274; x_wconf 87' lang='lat' dir='ltr'>quod</span> <span class='ocrx_word' id='word_1_335' title='bbox 1872 228 1939 261; x_wconf 88' lang='lat' dir='ltr'>rite</span> <span class='ocrx_word' id='word_1_336' title='bbox 1958 228 2154 267; x_wconf 79' lang='lat' dir='ltr'>dormiant,</span> 
     </span>
     <span class='ocr_line' id='line_1_58' title="bbox 1146 277 2081 326; baseline 0.002 -15"><span class='ocrx_word' id='word_1_337' title='bbox 1146 285 1180 312; x_wconf 88' lang='lat' dir='ltr'>et</span> <span class='ocrx_word' id='word_1_338' title='bbox 1199 278 1372 322; x_wconf 84' lang='lat' dir='ltr'>ignorant</span> <span class='ocrx_word' id='word_1_339' title='bbox 1389 277 1568 312; x_wconf 83' lang='lat' dir='ltr'>Venerem</span> <span class='ocrx_word' id='word_1_340' title='bbox 1582 307 1591 320; x_wconf 88' lang='lat'>‚</span> <span class='ocrx_word' id='word_1_341' title='bbox 1622 280 1713 314; x_wconf 85' lang='lat' dir='ltr'>sicut</span> <span class='ocrx_word' id='word_1_342' title='bbox 1732 279 1884 314; x_wconf 87' lang='lat' dir='ltr'>Ovidius</span> <span class='ocrx_word' id='word_1_343' title='bbox 1894 280 1924 326; x_wconf 82' lang='lat'>⁷)</span> <span class='ocrx_word' id='word_1_344' title='bbox 1945 280 2081 326; x_wconf 84' lang='lat' dir='ltr'>inquit:</span> 
     </span>
    </p>

    <p class='ocr_par' dir='ltr' id='par_1_22' title="bbox 1215 338 2085 371">
     <span class='ocr_line' id='line_1_59' title="bbox 1215 338 2085 371; baseline 0.002 -9"><span class='ocrx_word' id='word_1_345' title='bbox 1215 339 1243 363; x_wconf 84' lang='lat' dir='ltr'>Is</span> <span class='ocrx_word' id='word_1_346' title='bbox 1264 344 1392 369; x_wconf 83' lang='lat' dir='ltr'>quoque,</span> <span class='ocrx_word' id='word_1_347' title='bbox 1412 338 1458 369; x_wconf 87' lang='lat' dir='ltr'>qui</span> <span class='ocrx_word' id='word_1_348' title='bbox 1477 338 1578 368; x_wconf 81' lang='lat' dir='ltr'>gracili</span> <span class='ocrx_word' id='word_1_349' title='bbox 1596 339 1672 364; x_wconf 82' lang='lat' dir='ltr'>cibus</span> <span class='ocrx_word' id='word_1_350' title='bbox 1693 341 1736 364; x_wconf 81' lang='lat' dir='ltr'>est</span> <span class='ocrx_word' id='word_1_351' title='bbox 1756 340 1782 363; x_wconf 87' lang='lat' dir='ltr'>in</span> <span class='ocrx_word' id='word_1_352' title='bbox 1801 346 1935 371; x_wconf 82' lang='lat' dir='ltr'>corpore,</span> <span class='ocrx_word' id='word_1_353' title='bbox 1961 346 2085 365; x_wconf 84' lang='lat' dir='ltr'>somnus.</span> 
     </span>
    </p>

    <p class='ocr_par' dir='ltr' id='par_1_23' title="bbox 1249 382 2154 431">
     <span class='ocr_line' id='line_1_60' title="bbox 1249 382 2154 431; baseline 0.004 -16"><span class='ocrx_word' id='word_1_354' title='bbox 1249 382 1310 417; x_wconf 88' lang='lat' dir='ltr'>Vs.</span> <span class='ocrx_word' id='word_1_355' title='bbox 1329 383 1414 416; x_wconf 82' lang='grc'>193.</span> <span class='ocrx_word' id='word_1_356' title='bbox 1441 385 1643 430; x_wconf 74' lang='lat' dir='ltr'>Aqua-ntur]</span> <span class='ocrx_word' id='word_1_357' title='bbox 1666 385 1702 418; x_wconf 85' lang='lat' dir='ltr'>id</span> <span class='ocrx_word' id='word_1_358' title='bbox 1720 391 1783 426; x_wconf 87' lang='lat' dir='ltr'>est,</span> <span class='ocrx_word' id='word_1_359' title='bbox 1807 385 1952 419; x_wconf 84' lang='lat' dir='ltr'>evolant</span> <span class='ocrx_word' id='word_1_360' title='bbox 1969 392 2154 431; x_wconf 86' lang='lat' dir='ltr'>aquatum.</span> 
     </span>
    </p>

    <p class='ocr_par' dir='ltr' id='par_1_24' title="bbox 1144 432 2155 572">
     <span class='ocr_line' id='line_1_61' title="bbox 1248 432 2155 483; baseline 0.002 -16"><span class='ocrx_word' id='word_1_361' title='bbox 1248 433 1310 468; x_wconf 86' lang='lat' dir='ltr'>Vs.</span> <span class='ocrx_word' id='word_1_362' title='bbox 1330 432 1416 468; x_wconf 84' lang='lat'>195.</span> <span class='ocrx_word' id='word_1_363' title='bbox 1458 433 1672 483; x_wconf 80' lang='lat' dir='ltr'>Saburram]</span> <span class='ocrx_word' id='word_1_364' title='bbox 1708 437 1743 469; x_wconf 89' lang='lat' dir='ltr'>id</span> <span class='ocrx_word' id='word_1_365' title='bbox 1769 443 1842 477; x_wconf 89' lang='lat' dir='ltr'>est,</span> <span class='ocrx_word' id='word_1_366' title='bbox 1878 449 1969 471; x_wconf 92' lang='lat' dir='ltr'>onus</span> <span class='ocrx_word' id='word_1_367' title='bbox 1992 437 2155 477; x_wconf 82' lang='lat' dir='ltr'>navium,</span> 
     </span>
     <span class='ocr_line' id='line_1_62' title="bbox 1146 487 2155 533; baseline 0.004 -15"><span class='ocrx_word' id='word_1_368' title='bbox 1146 496 1218 529; x_wconf 87' lang='lat' dir='ltr'>quo</span> <span class='ocrx_word' id='word_1_369' title='bbox 1246 487 1364 520; x_wconf 87' lang='lat' dir='ltr'>solent</span> <span class='ocrx_word' id='word_1_370' title='bbox 1388 499 1498 521; x_wconf 86' lang='lat' dir='ltr'>naves</span> <span class='ocrx_word' id='word_1_371' title='bbox 1524 490 1691 530; x_wconf 83' lang='lat' dir='ltr'>onerari,</span> <span class='ocrx_word' id='word_1_372' title='bbox 1724 501 1770 522; x_wconf 87' lang='lat' dir='ltr'>ne</span> <span class='ocrx_word' id='word_1_373' title='bbox 1792 496 1943 533; x_wconf 85' lang='lat' dir='ltr'>propter</span> <span class='ocrx_word' id='word_1_374' title='bbox 1970 489 2155 522; x_wconf 87' lang='lat' dir='ltr'>levitatem</span> 
     </span>
     <span class='ocr_line' id='line_1_63' title="bbox 1144 537 1383 572; baseline 0.013 -3"><span class='ocrx_word' id='word_1_375' title='bbox 1144 537 1383 572; x_wconf 88' lang='lat' dir='ltr'>‹lisiieiantur.</span> 
     </span>
    </p>

    <p class='ocr_par' dir='ltr' id='par_1_25' title="bbox 1144 589 2156 789">
     <span class='ocr_line' id='line_1_64' title="bbox 1251 589 2155 639; baseline 0.001 -16"><span class='ocrx_word' id='word_1_376' title='bbox 1251 589 1312 624; x_wconf 83' lang='lat' dir='ltr'>Vs.</span> <span class='ocrx_word' id='word_1_377' title='bbox 1332 590 1418 625; x_wconf 89' lang='grc'>196.</span> <span class='ocrx_word' id='word_1_378' title='bbox 1447 589 1614 639; x_wconf 75' lang='lat' dir='ltr'>Libram]</span> <span class='ocrx_word' id='word_1_379' title='bbox 1632 592 1665 625; x_wconf 90' lang='lat' dir='ltr'>id</span> <span class='ocrx_word' id='word_1_380' title='bbox 1684 598 1747 631; x_wconf 78' lang='lat' dir='ltr'>est,</span> <span class='ocrx_word' id='word_1_381' title='bbox 1774 592 1907 625; x_wconf 82' lang='lat' dir='ltr'>tollunt</span> <span class='ocrx_word' id='word_1_382' title='bbox 1923 604 1978 632; x_wconf 86' lang='lat' dir='ltr'>se,</span> <span class='ocrx_word' id='word_1_383' title='bbox 2008 592 2155 637; x_wconf 89' lang='lat' dir='ltr'>quando</span> 
     </span>
     <span class='ocr_line' id='line_1_65' title="bbox 1144 640 2156 688; baseline 0.002 -14"><span class='ocrx_word' id='word_1_384' title='bbox 1144 647 1229 674; x_wconf 88' lang='lat' dir='ltr'>sunt</span> <span class='ocrx_word' id='word_1_385' title='bbox 1252 642 1370 682; x_wconf 83' lang='lat' dir='ltr'>venti,</span> <span class='ocrx_word' id='word_1_386' title='bbox 1407 650 1492 676; x_wconf 80' lang='lat' dir='ltr'>tunc</span> <span class='ocrx_word' id='word_1_387' title='bbox 1517 644 1653 677; x_wconf 80' lang='lat' dir='ltr'>librant</span> <span class='ocrx_word' id='word_1_388' title='bbox 1676 656 1711 677; x_wconf 86' lang='lat' dir='ltr'>se</span> <span class='ocrx_word' id='word_1_389' title='bbox 1736 644 1890 688; x_wconf 85' lang='lat' dir='ltr'>lapillis,</span> <span class='ocrx_word' id='word_1_390' title='bbox 1931 649 1972 677; x_wconf 89' lang='lat' dir='ltr'>ut</span> <span class='ocrx_word' id='word_1_391' title='bbox 1997 640 2156 676; x_wconf 86' lang='lat' dir='ltr'>habeant</span> 
     </span>
     <span class='ocr_line' id='line_1_66' title="bbox 1144 693 2155 740; baseline 0.002 -15"><span class='ocrx_word' id='word_1_392' title='bbox 1144 693 1293 738; x_wconf 86' lang='lat' dir='ltr'>aliquod</span> <span class='ocrx_word' id='word_1_393' title='bbox 1309 695 1466 739; x_wconf 82' lang='lat' dir='ltr'>pondus,</span> <span class='ocrx_word' id='word_1_394' title='bbox 1490 707 1535 728; x_wconf 92' lang='lat' dir='ltr'>ne</span> <span class='ocrx_word' id='word_1_395' title='bbox 1554 695 1775 740; x_wconf 83' lang='lat' dir='ltr'>dissipentur</span> <span class='ocrx_word' id='word_1_396' title='bbox 1792 708 1812 728; x_wconf 84' lang='lat' dir='ltr'>a</span> <span class='ocrx_word' id='word_1_397' title='bbox 1831 694 1947 729; x_wconf 76' lang='lat' dir='ltr'>ventis</span> <span class='ocrx_word' id='word_1_398' title='bbox 1967 701 2001 728; x_wconf 91' lang='lat' dir='ltr'>et</span> <span class='ocrx_word' id='word_1_399' title='bbox 2017 695 2155 740; x_wconf 87' lang='lat' dir='ltr'>disper-</span> 
     </span>
     <span class='ocr_line' id='line_1_67' title="bbox 1144 751 1290 789; baseline 0.014 -12"><span class='ocrx_word' id='word_1_400' title='bbox 1144 751 1290 789; x_wconf 86' lang='lat' dir='ltr'>gantur.</span> 
     </span>
    </p>

    <p class='ocr_par' dir='ltr' id='par_1_26' title="bbox 1144 796 2154 937">
     <span class='ocr_line' id='line_1_68' title="bbox 1249 796 2154 845; baseline 0.001 -14"><span class='ocrx_word' id='word_1_401' title='bbox 1249 796 1311 831; x_wconf 87' lang='lat' dir='ltr'>Vs.</span> <span class='ocrx_word' id='word_1_402' title='bbox 1338 797 1424 832; x_wconf 89' lang='lat'>197.</span> <span class='ocrx_word' id='word_1_403' title='bbox 1459 799 1563 832; x_wconf 76' lang='lat' dir='ltr'>Illam</span> <span class='ocrx_word' id='word_1_404' title='bbox 1586 801 1686 845; x_wconf 80' lang='lat' dir='ltr'>adeo]</span> <span class='ocrx_word' id='word_1_405' title='bbox 1722 798 1776 831; x_wconf 86' lang='lat' dir='ltr'>De</span> <span class='ocrx_word' id='word_1_406' title='bbox 1803 798 2024 832; x_wconf 85' lang='lat' dir='ltr'>continentia</span> <span class='ocrx_word' id='word_1_407' title='bbox 2050 805 2084 832; x_wconf 90' lang='lat' dir='ltr'>et</span> <span class='ocrx_word' id='word_1_408' title='bbox 2109 798 2154 832; x_wconf 89' lang='lat' dir='ltr'>de</span> 
     </span>
     <span class='ocr_line' id='line_1_69' title="bbox 1144 849 2154 897; baseline 0.003 -16"><span class='ocrx_word' id='word_1_409' title='bbox 1144 849 1409 893; x_wconf 84' lang='lat' dir='ltr'>propagatione</span> <span class='ocrx_word' id='word_1_410' title='bbox 1426 862 1533 894; x_wconf 85' lang='lat' dir='ltr'>apum</span> <span class='ocrx_word' id='word_1_411' title='bbox 1545 876 1554 890; x_wconf 85' lang='lat'>‚</span> <span class='ocrx_word' id='word_1_412' title='bbox 1583 851 1618 884; x_wconf 90' lang='lat' dir='ltr'>id</span> <span class='ocrx_word' id='word_1_413' title='bbox 1636 851 1734 897; x_wconf 89' lang='lat' dir='ltr'>quod</span> <span class='ocrx_word' id='word_1_414' title='bbox 1752 863 1832 884; x_wconf 86' lang='lat' dir='ltr'>cum</span> <span class='ocrx_word' id='word_1_415' title='bbox 1850 851 1951 884; x_wconf 89' lang='lat' dir='ltr'>nullo</span> <span class='ocrx_word' id='word_1_416' title='bbox 1968 850 2154 884; x_wconf 84' lang='lat' dir='ltr'>animante</span> 
     </span>
     <span class='ocr_line' id='line_1_70' title="bbox 1144 897 1801 937; baseline 0.005 -4"><span class='ocrx_word' id='word_1_417' title='bbox 1144 897 1280 934; x_wconf 84' lang='lat' dir='ltr'>habent</span> <span class='ocrx_word' id='word_1_418' title='bbox 1298 914 1490 935; x_wconf 88' lang='lat' dir='ltr'>commune</span> <span class='ocrx_word' id='word_1_419' title='bbox 1508 902 1545 934; x_wconf 87' lang='lat' dir='ltr'>in</span> <span class='ocrx_word' id='word_1_420' title='bbox 1564 908 1638 935; x_wconf 82' lang='lat' dir='ltr'>tota</span> <span class='ocrx_word' id='word_1_421' title='bbox 1659 909 1801 937; x_wconf 82' lang='lat' dir='ltr'>natura.</span> 
     </span>
    </p>

    <p class='ocr_par' dir='ltr' id='par_1_27' title="bbox 1143 951 2155 1249">
     <span class='ocr_line' id='line_1_71' title="bbox 1249 951 2154 1001; baseline 0 -16"><span class='ocrx_word' id='word_1_422' title='bbox 1249 952 1310 987; x_wconf 77' lang='lat' dir='ltr'>Vs.</span> <span class='ocrx_word' id='word_1_423' title='bbox 1332 954 1417 989; x_wconf 87' lang='grc'>199.</span> <span class='ocrx_word' id='word_1_424' title='bbox 1446 951 1607 1001; x_wconf 74' lang='lat' dir='ltr'>solvunt]</span> <span class='ocrx_word' id='word_1_425' title='bbox 1637 955 1671 988; x_wconf 86' lang='lat' dir='ltr'>id</span> <span class='ocrx_word' id='word_1_426' title='bbox 1700 961 1772 995; x_wconf 86' lang='lat' dir='ltr'>est,</span> <span class='ocrx_word' id='word_1_427' title='bbox 1813 958 2030 987; x_wconf 78' lang='lat' dir='ltr'>conservant</span> <span class='ocrx_word' id='word_1_428' title='bbox 2055 952 2154 997; x_wconf 78' lang='lat' dir='ltr'>vigo-</span> 
     </span>
     <span class='ocr_line' id='line_1_72' title="bbox 1143 1003 2153 1051; baseline 0.001 -14"><span class='ocrx_word' id='word_1_429' title='bbox 1143 1016 1221 1037; x_wconf 88' lang='lat' dir='ltr'>rem</span> <span class='ocrx_word' id='word_1_430' title='bbox 1246 1006 1412 1040; x_wconf 79' lang='lat' dir='ltr'>nativum</span> <span class='ocrx_word' id='word_1_431' title='bbox 1444 1006 1503 1039; x_wconf 88' lang='lat' dir='ltr'>illa</span> <span class='ocrx_word' id='word_1_432' title='bbox 1533 1007 1770 1041; x_wconf 84' lang='lat' dir='ltr'>continentia.</span> <span class='ocrx_word' id='word_1_433' title='bbox 1841 1003 2153 1051; x_wconf 49' lang='lat' dir='ltr'>Scanderbeguffi)</span> 
     </span>
     <span class='ocr_line' id='line_1_73' title="bbox 1145 1055 2154 1105; baseline -0.001 -16"><span class='ocrx_word' id='word_1_434' title='bbox 1145 1062 1179 1089; x_wconf 87' lang='lat' dir='ltr'>et</span> <span class='ocrx_word' id='word_1_435' title='bbox 1198 1055 1358 1092; x_wconf 86' lang='lat' dir='ltr'>Mathias</span> <span class='ocrx_word' id='word_1_436' title='bbox 1373 1071 1435 1092; x_wconf 78' lang='lat' dir='ltr'>rex</span> <span class='ocrx_word' id='word_1_437' title='bbox 1450 1057 1679 1102; x_wconf 62' lang='lat' dir='ltr'>Hungariae,</span> <span class='ocrx_word' id='word_1_438' title='bbox 1709 1058 1793 1105; x_wconf 87' lang='lat' dir='ltr'>quia</span> <span class='ocrx_word' id='word_1_439' title='bbox 1812 1059 1870 1091; x_wconf 87' lang='lat' dir='ltr'>illa</span> <span class='ocrx_word' id='word_1_440' title='bbox 1890 1059 1962 1092; x_wconf 88' lang='lat' dir='ltr'>duo</span> <span class='ocrx_word' id='word_1_441' title='bbox 1988 1056 2154 1097; x_wconf 80' lang='lat' dir='ltr'>fulmina,</span> 
     </span>
     <span class='ocr_line' id='line_1_74' title="bbox 1144 1107 2155 1157; baseline 0 -16"><span class='ocrx_word' id='word_1_442' title='bbox 1144 1109 1384 1154; x_wconf 80' lang='lat' dir='ltr'>imperatores</span> <span class='ocrx_word' id='word_1_443' title='bbox 1409 1109 1583 1144; x_wconf 84' lang='lat' dir='ltr'>Turcicos</span> <span class='ocrx_word' id='word_1_444' title='bbox 1606 1108 1834 1144; x_wconf 83' lang='lat' dir='ltr'>Amirathem</span> <span class='ocrx_word' id='word_1_445' title='bbox 1847 1110 1878 1157; x_wconf 77' lang='lat'>⁹)</span> <span class='ocrx_word' id='word_1_446' title='bbox 1906 1116 1940 1143; x_wconf 88' lang='lat' dir='ltr'>et</span> <span class='ocrx_word' id='word_1_447' title='bbox 1965 1107 2155 1142; x_wconf 62' lang='lat' dir='ltr'>Mahome-</span> 
     </span>
     <span class='ocr_line' id='line_1_75' title="bbox 1146 1161 2154 1208; baseline -0.001 -14"><span class='ocrx_word' id='word_1_448' title='bbox 1146 1167 1216 1194; x_wconf 90' lang='lat' dir='ltr'>tem</span> <span class='ocrx_word' id='word_1_449' title='bbox 1229 1161 1275 1208; x_wconf 88' lang='lat'>¹⁰)</span> <span class='ocrx_word' id='word_1_450' title='bbox 1293 1169 1563 1206; x_wconf 86' lang='lat' dir='ltr'>represserunt,</span> <span class='ocrx_word' id='word_1_451' title='bbox 1591 1175 1732 1208; x_wconf 86' lang='lat' dir='ltr'>semper</span> <span class='ocrx_word' id='word_1_452' title='bbox 1750 1162 1847 1197; x_wconf 89' lang='lat' dir='ltr'>soliti</span> <span class='ocrx_word' id='word_1_453' title='bbox 1866 1168 1950 1196; x_wconf 90' lang='lat' dir='ltr'>sunt</span> <span class='ocrx_word' id='word_1_454' title='bbox 1975 1174 2042 1206; x_wconf 88' lang='lat' dir='ltr'>pro</span> <span class='ocrx_word' id='word_1_455' title='bbox 2070 1172 2154 1194; x_wconf 89' lang='lat' dir='ltr'>con-</span> 
     </span>
     <span class='ocr_line' id='line_1_76' title="bbox 1145 1212 2014 1249; baseline 0.002 -3"><span class='ocrx_word' id='word_1_456' title='bbox 1145 1213 1248 1247; x_wconf 89' lang='lat' dir='ltr'>cione</span> <span class='ocrx_word' id='word_1_457' title='bbox 1267 1212 1407 1247; x_wconf 86' lang='lat' dir='ltr'>hortari</span> <span class='ocrx_word' id='word_1_458' title='bbox 1423 1227 1507 1248; x_wconf 89' lang='lat' dir='ltr'>suos</span> <span class='ocrx_word' id='word_1_459' title='bbox 1523 1214 1656 1248; x_wconf 84' lang='lat' dir='ltr'>milites</span> <span class='ocrx_word' id='word_1_460' title='bbox 1675 1216 1720 1248; x_wconf 89' lang='lat' dir='ltr'>ad</span> <span class='ocrx_word' id='word_1_461' title='bbox 1739 1214 2014 1249; x_wconf 88' lang='lat' dir='ltr'>continentiam.</span> 
     </span>
    </p>

    <p class='ocr_par' dir='ltr' id='par_1_28' title="bbox 1143 1264 2155 1718">
     <span class='ocr_line' id='line_1_77' title="bbox 1249 1264 2154 1314; baseline -0.001 -16"><span class='ocrx_word' id='word_1_462' title='bbox 1249 1264 1309 1300; x_wconf 77' lang='lat' dir='ltr'>Vs.</span> <span class='ocrx_word' id='word_1_463' title='bbox 1332 1267 1421 1302; x_wconf 77' lang='lat'>200.</span> <span class='ocrx_word' id='word_1_464' title='bbox 1470 1264 1595 1314; x_wconf 72' lang='lat' dir='ltr'>Natos]</span> <span class='ocrx_word' id='word_1_465' title='bbox 1637 1266 1674 1300; x_wconf 87' lang='lat' dir='ltr'>id</span> <span class='ocrx_word' id='word_1_466' title='bbox 1706 1273 1778 1308; x_wconf 80' lang='lat' dir='ltr'>est,</span> <span class='ocrx_word' id='word_1_467' title='bbox 1817 1279 1959 1308; x_wconf 89' lang='lat' dir='ltr'>rorem,</span> <span class='ocrx_word' id='word_1_468' title='bbox 2003 1277 2045 1298; x_wconf 85' lang='lat' dir='ltr'>ex</span> <span class='ocrx_word' id='word_1_469' title='bbox 2081 1276 2154 1310; x_wconf 91' lang='lat' dir='ltr'>quo</span> 
     </span>
     <span class='ocr_line' id='line_1_78' title="bbox 1145 1316 2155 1360; baseline -0.001 -11"><span class='ocrx_word' id='word_1_470' title='bbox 1145 1323 1269 1360; x_wconf 83' lang='lat' dir='ltr'>postea</span> <span class='ocrx_word' id='word_1_471' title='bbox 1292 1318 1330 1351; x_wconf 85' lang='lat' dir='ltr'>fit</span> <span class='ocrx_word' id='word_1_472' title='bbox 1355 1318 1593 1360; x_wconf 85' lang='lat' dir='ltr'>vermiculus,</span> <span class='ocrx_word' id='word_1_473' title='bbox 1630 1331 1709 1353; x_wconf 85' lang='lat' dir='ltr'>cum</span> <span class='ocrx_word' id='word_1_474' title='bbox 1737 1319 1922 1353; x_wconf 85' lang='lat' dir='ltr'>incubant.</span> <span class='ocrx_word' id='word_1_475' title='bbox 1981 1316 2049 1352; x_wconf 87' lang='lat' dir='ltr'>Iste</span> <span class='ocrx_word' id='word_1_476' title='bbox 2076 1328 2155 1349; x_wconf 90' lang='lat' dir='ltr'>ver-</span> 
     </span>
     <span class='ocr_line' id='line_1_79' title="bbox 1146 1368 2154 1412; baseline 0.002 -12"><span class='ocrx_word' id='word_1_477' title='bbox 1146 1368 1298 1403; x_wconf 86' lang='lat' dir='ltr'>miculus</span> <span class='ocrx_word' id='word_1_478' title='bbox 1322 1370 1416 1404; x_wconf 85' lang='lat' dir='ltr'>intra</span> <span class='ocrx_word' id='word_1_479' title='bbox 1443 1370 1494 1405; x_wconf 86' lang='lat'>40</span> <span class='ocrx_word' id='word_1_480' title='bbox 1518 1372 1593 1406; x_wconf 89' lang='lat' dir='ltr'>dies</span> <span class='ocrx_word' id='word_1_481' title='bbox 1619 1371 1839 1412; x_wconf 81' lang='lat' dir='ltr'>absolvitur,</span> <span class='ocrx_word' id='word_1_482' title='bbox 1875 1377 1909 1404; x_wconf 85' lang='lat' dir='ltr'>et</span> <span class='ocrx_word' id='word_1_483' title='bbox 1936 1369 2009 1402; x_wconf 86' lang='lat' dir='ltr'>iam</span> <span class='ocrx_word' id='word_1_484' title='bbox 2031 1380 2154 1402; x_wconf 89' lang='lat' dir='ltr'>recens</span> 
     </span>
     <span class='ocr_line' id='line_1_80' title="bbox 1144 1420 2151 1468; baseline -0.001 -15"><span class='ocrx_word' id='word_1_485' title='bbox 1144 1420 1283 1454; x_wconf 88' lang='lat' dir='ltr'>Graece</span> <span class='ocrx_word' id='word_1_486' title='bbox 1301 1421 1457 1468; x_wconf 71' lang='grc' dir='ltr'><em>σχαδών</em></span> <span class='ocrx_word' id='word_1_487' title='bbox 1476 1424 1619 1458; x_wconf 85' lang='lat' dir='ltr'>dicitur.</span> <span class='ocrx_word' id='word_1_488' title='bbox 1665 1423 1712 1457; x_wconf 83' lang='lat' dir='ltr'>Et</span> <span class='ocrx_word' id='word_1_489' title='bbox 1730 1424 1817 1458; x_wconf 87' lang='lat' dir='ltr'>istos</span> <span class='ocrx_word' id='word_1_490' title='bbox 1833 1423 1952 1468; x_wconf 80' lang='lat' dir='ltr'>pullos</span> <span class='ocrx_word' id='word_1_491' title='bbox 1969 1434 2051 1455; x_wconf 89' lang='lat' dir='ltr'>suos</span> <span class='ocrx_word' id='word_1_492' title='bbox 2070 1420 2151 1454; x_wconf 86' lang='lat' dir='ltr'>stri-</span> 
     </span>
     <span class='ocr_line' id='line_1_81' title="bbox 1144 1473 2155 1521; baseline 0 -16"><span class='ocrx_word' id='word_1_493' title='bbox 1144 1473 1232 1506; x_wconf 89' lang='lat' dir='ltr'>dore</span> <span class='ocrx_word' id='word_1_494' title='bbox 1250 1480 1284 1506; x_wconf 88' lang='lat' dir='ltr'>et</span> <span class='ocrx_word' id='word_1_495' title='bbox 1302 1477 1424 1509; x_wconf 86' lang='lat' dir='ltr'>sonitu</span> <span class='ocrx_word' id='word_1_496' title='bbox 1441 1476 1625 1509; x_wconf 84' lang='lat' dir='ltr'>vivificant</span> <span class='ocrx_word' id='word_1_497' title='bbox 1648 1488 1754 1521; x_wconf 85' lang='lat' dir='ltr'>apes,</span> <span class='ocrx_word' id='word_1_498' title='bbox 1783 1476 1874 1510; x_wconf 85' lang='lat' dir='ltr'>sicut</span> <span class='ocrx_word' id='word_1_499' title='bbox 1898 1475 1954 1507; x_wconf 90' lang='lat' dir='ltr'>leo</span> <span class='ocrx_word' id='word_1_500' title='bbox 1980 1473 2155 1506; x_wconf 83' lang='lat' dir='ltr'>vocifera-</span> 
     </span>
     <span class='ocr_line' id='line_1_82' title="bbox 1144 1525 2154 1572; baseline -0.001 -15"><span class='ocrx_word' id='word_1_501' title='bbox 1144 1525 1243 1558; x_wconf 82' lang='lat' dir='ltr'>tione</span> <span class='ocrx_word' id='word_1_502' title='bbox 1261 1526 1392 1560; x_wconf 84' lang='lat' dir='ltr'>excitat</span> <span class='ocrx_word' id='word_1_503' title='bbox 1407 1541 1490 1562; x_wconf 89' lang='lat' dir='ltr'>suos</span> <span class='ocrx_word' id='word_1_504' title='bbox 1515 1528 1651 1572; x_wconf 85' lang='lat' dir='ltr'>pullos,</span> <span class='ocrx_word' id='word_1_505' title='bbox 1687 1535 1722 1561; x_wconf 91' lang='lat' dir='ltr'>et</span> <span class='ocrx_word' id='word_1_506' title='bbox 1745 1528 1807 1561; x_wconf 85' lang='lat' dir='ltr'>illo</span> <span class='ocrx_word' id='word_1_507' title='bbox 1834 1526 1950 1561; x_wconf 86' lang='lat' dir='ltr'>halitu</span> <span class='ocrx_word' id='word_1_508' title='bbox 1975 1525 2073 1558; x_wconf 81' lang='lat' dir='ltr'>asflat</span> <span class='ocrx_word' id='word_1_509' title='bbox 2096 1536 2154 1557; x_wconf 84' lang='lat' dir='ltr'>ca-</span> 
     </span>
     <span class='ocr_line' id='line_1_83' title="bbox 1143 1576 2155 1624; baseline 0 -14"><span class='ocrx_word' id='word_1_510' title='bbox 1143 1578 1279 1617; x_wconf 87' lang='lat' dir='ltr'>lorem,</span> <span class='ocrx_word' id='word_1_511' title='bbox 1308 1585 1343 1612; x_wconf 90' lang='lat' dir='ltr'>et</span> <span class='ocrx_word' id='word_1_512' title='bbox 1368 1580 1657 1624; x_wconf 80' lang='lat' dir='ltr'>magnitudinem</span> <span class='ocrx_word' id='word_1_513' title='bbox 1686 1580 1812 1614; x_wconf 85' lang='lat' dir='ltr'>animi.</span> <span class='ocrx_word' id='word_1_514' title='bbox 1875 1578 1974 1611; x_wconf 79' lang='lat' dir='ltr'>Haec</span> <span class='ocrx_word' id='word_1_515' title='bbox 2001 1583 2052 1610; x_wconf 90' lang='lat' dir='ltr'>est</span> <span class='ocrx_word' id='word_1_516' title='bbox 2076 1576 2155 1621; x_wconf 90' lang='lat' dir='ltr'>pul-</span> 
     </span>
     <span class='ocr_line' id='line_1_84' title="bbox 1143 1628 2153 1678; baseline -0.001 -16"><span class='ocrx_word' id='word_1_517' title='bbox 1143 1628 1228 1663; x_wconf 87' lang='lat' dir='ltr'>chra</span> <span class='ocrx_word' id='word_1_518' title='bbox 1255 1629 1376 1675; x_wconf 77' lang='lat' dir='ltr'>imago</span> <span class='ocrx_word' id='word_1_519' title='bbox 1403 1632 1597 1665; x_wconf 85' lang='lat' dir='ltr'>ministerii</span> <span class='ocrx_word' id='word_1_520' title='bbox 1622 1632 1741 1673; x_wconf 80' lang='lat' dir='ltr'>verbi,</span> <span class='ocrx_word' id='word_1_521' title='bbox 1778 1643 1851 1678; x_wconf 84' lang='lat' dir='ltr'>quo</span> <span class='ocrx_word' id='word_1_522' title='bbox 1877 1628 2040 1664; x_wconf 86' lang='lat' dir='ltr'>Christus</span> <span class='ocrx_word' id='word_1_523' title='bbox 2064 1628 2153 1661; x_wconf 82' lang='lat' dir='ltr'>vivi-</span> 
     </span>
     <span class='ocr_line' id='line_1_85' title="bbox 1144 1681 1573 1718; baseline 0.007 -3"><span class='ocrx_word' id='word_1_524' title='bbox 1144 1683 1226 1716; x_wconf 88' lang='lat' dir='ltr'>ficat</span> <span class='ocrx_word' id='word_1_525' title='bbox 1241 1681 1438 1716; x_wconf 85' lang='lat' dir='ltr'>Ecclesiam</span> <span class='ocrx_word' id='word_1_526' title='bbox 1458 1696 1573 1718; x_wconf 83' lang='lat' dir='ltr'>suam.</span> 
     </span>
    </p>

    <p class='ocr_par' dir='ltr' id='par_1_29' title="bbox 1144 1733 2151 1830">
     <span class='ocr_line' id='line_1_86' title="bbox 1249 1733 2151 1785; baseline 0.002 -17"><span class='ocrx_word' id='word_1_527' title='bbox 1249 1733 1311 1768; x_wconf 83' lang='lat' dir='ltr'>Vs.</span> <span class='ocrx_word' id='word_1_528' title='bbox 1333 1736 1422 1770; x_wconf 73' lang='lat'>201.</span> <span class='ocrx_word' id='word_1_529' title='bbox 1463 1734 1633 1785; x_wconf 73' lang='lat' dir='ltr'>Quirites]</span> <span class='ocrx_word' id='word_1_530' title='bbox 1680 1736 1820 1772; x_wconf 87' lang='lat' dir='ltr'>Alludit</span> <span class='ocrx_word' id='word_1_531' title='bbox 1865 1739 1910 1772; x_wconf 86' lang='lat' dir='ltr'>ad</span> <span class='ocrx_word' id='word_1_532' title='bbox 1945 1738 2151 1771; x_wconf 81' lang='lat' dir='ltr'>Romanam</span> 
     </span>
     <span class='ocr_line' id='line_1_87' title="bbox 1144 1786 1419 1830; baseline 0 -11"><span class='ocrx_word' id='word_1_533' title='bbox 1144 1786 1419 1830; x_wconf 73' lang='lat' dir='ltr'>rempublicam.</span> 
     </span>
    </p>

    <p class='ocr_par' dir='ltr' id='par_1_30' title="bbox 1143 1838 2154 2095">
     <span class='ocr_line' id='line_1_88' title="bbox 1246 1838 2153 1887; baseline 0.001 -15"><span class='ocrx_word' id='word_1_534' title='bbox 1246 1838 1307 1872; x_wconf 56' lang='lat' dir='ltr'>Vs.</span> <span class='ocrx_word' id='word_1_535' title='bbox 1324 1840 1412 1875; x_wconf 74' lang='grc'>202.</span> <span class='ocrx_word' id='word_1_536' title='bbox 1439 1840 1679 1887; x_wconf 74' lang='lat' dir='ltr'>Refiqimt¹¹)]</span> <span class='ocrx_word' id='word_1_537' title='bbox 1709 1841 1745 1874; x_wconf 87' lang='lat' dir='ltr'>id</span> <span class='ocrx_word' id='word_1_538' title='bbox 1773 1848 1843 1881; x_wconf 85' lang='lat' dir='ltr'>est,</span> <span class='ocrx_word' id='word_1_539' title='bbox 1880 1840 2048 1874; x_wconf 86' lang='lat' dir='ltr'>reficiunt</span> <span class='ocrx_word' id='word_1_540' title='bbox 2070 1841 2153 1875; x_wconf 90' lang='lat' dir='ltr'>sub-</span> 
     </span>
     <span class='ocr_line' id='line_1_89' title="bbox 1144 1888 2154 1939; baseline 0.004 -18"><span class='ocrx_word' id='word_1_541' title='bbox 1144 1888 1227 1922; x_wconf 87' lang='lat' dir='ltr'>inde</span> <span class='ocrx_word' id='word_1_542' title='bbox 1246 1903 1349 1924; x_wconf 89' lang='lat' dir='ltr'>suum</span> <span class='ocrx_word' id='word_1_543' title='bbox 1369 1904 1492 1935; x_wconf 81' lang='lat' dir='ltr'>genus.</span> <span class='ocrx_word' id='word_1_544' title='bbox 1552 1893 1598 1926; x_wconf 70' lang='lat' dir='ltr'>Et</span> <span class='ocrx_word' id='word_1_545' title='bbox 1625 1893 1708 1939; x_wconf 87' lang='lat' dir='ltr'>quia</span> <span class='ocrx_word' id='word_1_546' title='bbox 1735 1900 1787 1926; x_wconf 86' lang='lat' dir='ltr'>est</span> <span class='ocrx_word' id='word_1_547' title='bbox 1811 1906 1941 1937; x_wconf 81' lang='lat' dir='ltr'>magna</span> <span class='ocrx_word' id='word_1_548' title='bbox 1967 1894 2154 1926; x_wconf 82' lang='lat' dir='ltr'>foecundi-</span> 
     </span>
     <span class='ocr_line' id='line_1_90' title="bbox 1144 1942 2151 1989; baseline 0.003 -15"><span class='ocrx_word' id='word_1_549' title='bbox 1144 1947 1218 1982; x_wconf 82' lang='lat' dir='ltr'>tas,</span> <span class='ocrx_word' id='word_1_550' title='bbox 1255 1942 1337 1976; x_wconf 87' lang='lat' dir='ltr'>ideo</span> <span class='ocrx_word' id='word_1_551' title='bbox 1368 1951 1547 1988; x_wconf 84' lang='lat' dir='ltr'>coguntur</span> <span class='ocrx_word' id='word_1_552' title='bbox 1571 1946 1687 1978; x_wconf 83' lang='lat' dir='ltr'>facere</span> <span class='ocrx_word' id='word_1_553' title='bbox 1714 1946 1834 1989; x_wconf 90' lang='lat' dir='ltr'>plures</span> <span class='ocrx_word' id='word_1_554' title='bbox 1858 1945 2029 1979; x_wconf 81' lang='lat' dir='ltr'>alveolos.</span> <span class='ocrx_word' id='word_1_555' title='bbox 2097 1945 2151 1978; x_wconf 90' lang='lat' dir='ltr'>De</span> 
     </span>
     <span class='ocr_line' id='line_1_91' title="bbox 1143 1993 2150 2041; baseline 0.005 -16"><span class='ocrx_word' id='word_1_556' title='bbox 1143 1993 1320 2027; x_wconf 87' lang='lat' dir='ltr'>industria</span> <span class='ocrx_word' id='word_1_557' title='bbox 1359 2008 1468 2040; x_wconf 86' lang='lat' dir='ltr'>apum</span> <span class='ocrx_word' id='word_1_558' title='bbox 1506 1998 1621 2030; x_wconf 85' lang='lat' dir='ltr'>multo</span> <span class='ocrx_word' id='word_1_559' title='bbox 1658 2004 1709 2030; x_wconf 79' lang='lat' dir='ltr'>est</span> <span class='ocrx_word' id='word_1_560' title='bbox 1744 1997 1920 2031; x_wconf 85' lang='lat' dir='ltr'>illustrior</span> <span class='ocrx_word' id='word_1_561' title='bbox 1956 1996 2150 2041; x_wconf 86' lang='lat' dir='ltr'>descriptio</span> 
     </span>
     <span class='ocr_line' id='line_1_92' title="bbox 1144 2047 1961 2095; baseline 0.006 -17"><span class='ocrx_word' id='word_1_562' title='bbox 1144 2047 1240 2089; x_wconf 80' lang='lat' dir='ltr'>apud</span> <span class='ocrx_word' id='word_1_563' title='bbox 1260 2047 1488 2080; x_wconf 84' lang='lat' dir='ltr'>Aristotelem</span> <span class='ocrx_word' id='word_1_564' title='bbox 1502 2049 1547 2095; x_wconf 70' lang='lat' dir='ltr'>H)</span> <span class='ocrx_word' id='word_1_565' title='bbox 1567 2056 1599 2081; x_wconf 89' lang='lat' dir='ltr'>et</span> <span class='ocrx_word' id='word_1_566' title='bbox 1617 2050 1711 2092; x_wconf 70' lang='lat' dir='ltr'>:tpud</span> <span class='ocrx_word' id='word_1_567' title='bbox 1731 2049 1891 2083; x_wconf 88' lang='lat' dir='ltr'>Plinium</span> <span class='ocrx_word' id='word_1_568' title='bbox 1905 2048 1961 2095; x_wconf 76' lang='lat'>13).</span> 
     </span>
    </p>

    <p class='ocr_par' dir='ltr' id='par_1_31' title="bbox 1141 2097 2150 2300">
     <span class='ocr_line' id='line_1_93' title="bbox 1248 2097 2150 2148; baseline 0.006 -20"><span class='ocrx_word' id='word_1_569' title='bbox 1248 2097 1308 2132; x_wconf 78' lang='lat' dir='ltr'>Vs.</span> <span class='ocrx_word' id='word_1_570' title='bbox 1325 2099 1412 2134; x_wconf 76' lang='lat'>206.</span> <span class='ocrx_word' id='word_1_571' title='bbox 1440 2102 1530 2145; x_wconf 72' lang='lat' dir='ltr'>Eryo</span> <span class='ocrx_word' id='word_1_572' title='bbox 1554 2099 1664 2148; x_wconf 81' lang='lat' dir='ltr'>ipsas]</span> <span class='ocrx_word' id='word_1_573' title='bbox 1694 2100 1791 2134; x_wconf 91' lang='lat' dir='ltr'>Dicit</span> <span class='ocrx_word' id='word_1_574' title='bbox 1813 2103 1856 2135; x_wconf 95' lang='lat' dir='ltr'>de</span> <span class='ocrx_word' id='word_1_575' title='bbox 1878 2107 1993 2135; x_wconf 84' lang='lat' dir='ltr'>aetate</span> <span class='ocrx_word' id='word_1_576' title='bbox 2023 2112 2150 2144; x_wconf 85' lang='lat' dir='ltr'>apum;</span> 
     </span>
     <span class='ocr_line' id='line_1_94' title="bbox 1143 2147 2149 2197; baseline 0.008 -17"><span class='ocrx_word' id='word_1_577' title='bbox 1143 2147 1358 2196; x_wconf 86' lang='lat' dir='ltr'>plerumque</span> <span class='ocrx_word' id='word_1_578' title='bbox 1375 2159 1511 2196; x_wconf 86' lang='lat' dir='ltr'>septem</span> <span class='ocrx_word' id='word_1_579' title='bbox 1541 2165 1657 2186; x_wconf 88' lang='lat' dir='ltr'>annos</span> <span class='ocrx_word' id='word_1_580' title='bbox 1686 2153 1882 2197; x_wconf 85' lang='lat' dir='ltr'>complent.</span> <span class='ocrx_word' id='word_1_581' title='bbox 1938 2152 2149 2188; x_wconf 82' lang='lat' dir='ltr'>Aristoteles</span> 
     </span>
     <span class='ocr_line' id='line_1_95' title="bbox 1141 2199 2150 2249; baseline 0.007 -18"><span class='ocrx_word' id='word_1_582' title='bbox 1141 2199 1227 2233; x_wconf 89' lang='lat' dir='ltr'>dicit</span> <span class='ocrx_word' id='word_1_583' title='bbox 1246 2204 1421 2247; x_wconf 85' lang='lat' dir='ltr'>quasdam</span> <span class='ocrx_word' id='word_1_584' title='bbox 1448 2205 1557 2236; x_wconf 83' lang='lat' dir='ltr'>etiam</span> <span class='ocrx_word' id='word_1_585' title='bbox 1584 2206 1629 2237; x_wconf 88' lang='lat' dir='ltr'>ad</span> <span class='ocrx_word' id='word_1_586' title='bbox 1654 2204 1834 2238; x_wconf 85' lang='lat' dir='ltr'>decimum</span> <span class='ocrx_word' id='word_1_587' title='bbox 1861 2217 1996 2238; x_wconf 87' lang='lat' dir='ltr'>annum</span> <span class='ocrx_word' id='word_1_588' title='bbox 2025 2217 2150 2249; x_wconf 79' lang='lat' dir='ltr'>perve-</span> 
     </span>
     <span class='ocr_line' id='line_1_96' title="bbox 1141 2252 2149 2300; baseline 0.008 -17"><span class='ocrx_word' id='word_1_589' title='bbox 1141 2252 1238 2292; x_wconf 87' lang='lat' dir='ltr'>nire,</span> <span class='ocrx_word' id='word_1_590' title='bbox 1280 2267 1373 2299; x_wconf 72' lang='lat' dir='ltr'>quae</span> <span class='ocrx_word' id='word_1_591' title='bbox 1410 2262 1461 2289; x_wconf 87' lang='lat' dir='ltr'>est</span> <span class='ocrx_word' id='word_1_592' title='bbox 1494 2255 1580 2290; x_wconf 75' lang='lat' dir='ltr'>satis</span> <span class='ocrx_word' id='word_1_593' title='bbox 1610 2268 1742 2300; x_wconf 86' lang='lat' dir='ltr'>magna</span> <span class='ocrx_word' id='word_1_594' title='bbox 1767 2263 1866 2291; x_wconf 85' lang='lat' dir='ltr'>aetas</span> <span class='ocrx_word' id='word_1_595' title='bbox 1892 2255 1977 2290; x_wconf 88' lang='lat' dir='ltr'>huic</span> <span class='ocrx_word' id='word_1_596' title='bbox 2002 2257 2149 2291; x_wconf 83' lang='lat' dir='ltr'>insecto.</span> 
     </span>
    </p>
   </div>
   <div class='ocr_carea' id='block_1_9' title="bbox 1179 2341 1285 2344">
    <p class='ocr_par' dir='ltr' id='par_1_32' title="bbox 1179 2341 1285 2344">
     <span class='ocr_line' id='line_1_97' title="bbox 1179 2341 1285 2344; baseline 0 0"><span class='ocrx_word' id='word_1_597' title='bbox 1179 2341 1285 2344; x_wconf 95' lang='lat' dir='ltr'> </span> 
     </span>
    </p>
   </div>
   <div class='ocr_carea' id='block_1_10' title="bbox 1175 2397 1743 2430">
    <p class='ocr_par' dir='ltr' id='par_1_33' title="bbox 1175 2397 1743 2430">
     <span class='ocr_line' id='line_1_98' title="bbox 1175 2397 1743 2430; baseline 0.005 -9"><span class='ocrx_word' id='word_1_598' title='bbox 1175 2397 1204 2429; x_wconf 80' lang='lat'>7)</span> <span class='ocrx_word' id='word_1_599' title='bbox 1227 2398 1307 2422; x_wconf 81' lang='lat' dir='ltr'>ovid.</span> <span class='ocrx_word' id='word_1_600' title='bbox 1328 2405 1361 2422; x_wconf 82' lang='lat' dir='ltr'>ex</span> <span class='ocrx_word' id='word_1_601' title='bbox 1385 2398 1473 2422; x_wconf 85' lang='lat' dir='ltr'>Ponto</span> <span class='ocrx_word' id='word_1_602' title='bbox 1494 2397 1574 2429; x_wconf 81' lang='lat' dir='ltr'>epist.</span> <span class='ocrx_word' id='word_1_603' title='bbox 1594 2399 1616 2430; x_wconf 81' lang='grc' dir='ltr'>Ι,</span> <span class='ocrx_word' id='word_1_604' title='bbox 1640 2400 1683 2430; x_wconf 88' lang='grc'>10,</span> <span class='ocrx_word' id='word_1_605' title='bbox 1700 2400 1743 2425; x_wconf 85' lang='lat'>21.</span> 
     </span>
    </p>
   </div>
   <div class='ocr_carea' id='block_1_11' title="bbox 1174 2442 2149 2544">
    <p class='ocr_par' dir='ltr' id='par_1_34' title="bbox 1174 2442 2149 2544">
     <span class='ocr_line' id='line_1_99' title="bbox 1174 2442 2147 2474; baseline -0.001 -8"><span class='ocrx_word' id='word_1_606' title='bbox 1174 2443 1205 2470; x_wconf 77' lang='lat'>8)</span> <span class='ocrx_word' id='word_1_607' title='bbox 1227 2442 1457 2470; x_wconf 63' lang='lat' dir='ltr'>Scanderhegus]</span> <span class='ocrx_word' id='word_1_608' title='bbox 1477 2442 1518 2466; x_wconf 82' lang='lat' dir='ltr'>sic</span> <span class='ocrx_word' id='word_1_609' title='bbox 1538 2442 1655 2474; x_wconf 83' lang='lat' dir='ltr'>scripsi3</span> <span class='ocrx_word' id='word_1_610' title='bbox 1683 2444 1732 2468; x_wconf 85' lang='lat' dir='ltr'>Ed.</span> <span class='ocrx_word' id='word_1_611' title='bbox 1751 2443 1826 2467; x_wconf 41' lang='lat'>¹544.</span> <span class='ocrx_word' id='word_1_612' title='bbox 1845 2444 1930 2467; x_wconf 82' lang='lat' dir='ltr'>male:</span> <span class='ocrx_word' id='word_1_613' title='bbox 1960 2443 2147 2466; x_wconf 58' lang='lat' dir='ltr'>§candet-ber-</span> 
     </span>
     <span class='ocr_line' id='line_1_100' title="bbox 1211 2477 2149 2508; baseline 0.003 -9"><span class='ocrx_word' id='word_1_614' title='bbox 1211 2483 1273 2506; x_wconf 83' lang='lat' dir='ltr'>gus.</span> <span class='ocrx_word' id='word_1_615' title='bbox 1312 2477 1352 2500; x_wconf 86' lang='lat' dir='ltr'>De</span> <span class='ocrx_word' id='word_1_616' title='bbox 1378 2477 1425 2500; x_wconf 85' lang='lat' dir='ltr'>illo</span> <span class='ocrx_word' id='word_1_617' title='bbox 1452 2477 1520 2500; x_wconf 84' lang='lat' dir='ltr'>duce</span> <span class='ocrx_word' id='word_1_618' title='bbox 1546 2478 1648 2508; x_wconf 77' lang='lat' dir='ltr'>insigni</span> <span class='ocrx_word' id='word_1_619' title='bbox 1675 2479 1748 2503; x_wconf 79' lang='lat' dir='ltr'>conf.</span> <span class='ocrx_word' id='word_1_620' title='bbox 1775 2479 1827 2502; x_wconf 80' lang='lat' dir='ltr'>los.</span> <span class='ocrx_word' id='word_1_621' title='bbox 1850 2486 1875 2501; x_wconf 93' lang='lat' dir='ltr'>v.</span> <span class='ocrx_word' id='word_1_622' title='bbox 1899 2479 2031 2502; x_wconf 78' lang='lat' dir='ltr'>flammei·</span> <span class='ocrx_word' id='word_1_623' title='bbox 2050 2478 2149 2502; x_wconf 80' lang='lat' dir='ltr'>Gesch.</span> 
     </span>
     <span class='ocr_line' id='line_1_101' title="bbox 1212 2511 1790 2544; baseline 0.007 -10"><span class='ocrx_word' id='word_1_624' title='bbox 1212 2512 1261 2535; x_wconf 83' lang='lat' dir='ltr'>des</span> <span class='ocrx_word' id='word_1_625' title='bbox 1280 2512 1393 2535; x_wconf 83' lang='lat' dir='ltr'>osman.</span> <span class='ocrx_word' id='word_1_626' title='bbox 1414 2511 1518 2535; x_wconf 79' lang='lat' dir='ltr'>Reicns</span> <span class='ocrx_word' id='word_1_627' title='bbox 1539 2513 1568 2536; x_wconf 82' lang='lat' dir='ltr'>T.</span> <span class='ocrx_word' id='word_1_628' title='bbox 1585 2514 1606 2538; x_wconf 86' lang='lat'>1.</span> <span class='ocrx_word' id='word_1_629' title='bbox 1626 2520 1650 2543; x_wconf 87' lang='lat' dir='ltr'>p.</span> <span class='ocrx_word' id='word_1_630' title='bbox 1666 2514 1718 2537; x_wconf 72' lang='lat'>480</span> <span class='ocrx_word' id='word_1_631' title='bbox 1731 2520 1790 2544; x_wconf 83' lang='lat' dir='ltr'>sqq.</span> 
     </span>
    </p>
   </div>
   <div class='ocr_carea' id='block_1_12' title="bbox 1175 2554 2045 2795">
    <p class='ocr_par' dir='ltr' id='par_1_35' title="bbox 1175 2554 1669 2585">
     <span class='ocr_line' id='line_1_102' title="bbox 1175 2554 1669 2585; baseline 0.004 -7"><span class='ocrx_word' id='word_1_632' title='bbox 1175 2555 1207 2583; x_wconf 82' lang='lat'>9)</span> <span class='ocrx_word' id='word_1_633' title='bbox 1227 2554 1402 2583; x_wconf 71' lang='lat' dir='ltr'>Amin-athos,</span> <span class='ocrx_word' id='word_1_634' title='bbox 1431 2555 1543 2585; x_wconf 76' lang='lat' dir='ltr'>proprie</span> <span class='ocrx_word' id='word_1_635' title='bbox 1562 2557 1669 2580; x_wconf 56' lang='grc' dir='ltr'>Μαι-ἢεί.</span> 
     </span>
    </p>

    <p class='ocr_par' dir='ltr' id='par_1_36' title="bbox 1177 2596 1959 2629">
     <span class='ocr_line' id='line_1_103' title="bbox 1177 2596 1959 2629; baseline 0.004 -9"><span class='ocrx_word' id='word_1_636' title='bbox 1177 2597 1224 2624; x_wconf 88' lang='grc'>10)</span> <span class='ocrx_word' id='word_1_637' title='bbox 1244 2596 1440 2629; x_wconf 69' lang='lat' dir='ltr'>mahometem]</span> <span class='ocrx_word' id='word_1_638' title='bbox 1460 2598 1500 2622; x_wconf 66' lang='lat' dir='ltr'>sic</span> <span class='ocrx_word' id='word_1_639' title='bbox 1519 2599 1569 2624; x_wconf 86' lang='lat' dir='ltr'>Ed.</span> <span class='ocrx_word' id='word_1_640' title='bbox 1588 2600 1663 2623; x_wconf 68' lang='lat'>1544.</span> <span class='ocrx_word' id='word_1_641' title='bbox 1683 2605 1749 2629; x_wconf 83' lang='lat' dir='ltr'>pro:</span> <span class='ocrx_word' id='word_1_642' title='bbox 1776 2599 1959 2623; x_wconf 76' lang='lat' dir='ltr'>Muhammed.</span> 
     </span>
    </p>

    <p class='ocr_par' dir='ltr' id='par_1_37' title="bbox 1177 2638 2045 2713">
     <span class='ocr_line' id='line_1_104' title="bbox 1177 2638 2045 2676; baseline 0.006 -13"><span class='ocrx_word' id='word_1_643' title='bbox 1177 2638 1224 2672; x_wconf 82' lang='lat'>11)</span> <span class='ocrx_word' id='word_1_644' title='bbox 1246 2640 1399 2673; x_wconf 70' lang='lat' dir='ltr'>Refiyuntj</span> <span class='ocrx_word' id='word_1_645' title='bbox 1418 2641 1459 2665; x_wconf 86' lang='lat' dir='ltr'>sic</span> <span class='ocrx_word' id='word_1_646' title='bbox 1479 2642 1527 2666; x_wconf 81' lang='lat' dir='ltr'>Ed.</span> <span class='ocrx_word' id='word_1_647' title='bbox 1547 2643 1639 2673; x_wconf 72' lang='lat'>¹544.;</span> <span class='ocrx_word' id='word_1_648' title='bbox 1667 2643 1716 2666; x_wconf 85' lang='lat' dir='ltr'>Ed.</span> <span class='ocrx_word' id='word_1_649' title='bbox 1739 2642 1875 2672; x_wconf 71' lang='lat' dir='ltr'>Wagner.</span> <span class='ocrx_word' id='word_1_650' title='bbox 1897 2642 2045 2676; x_wconf 75' lang='lat' dir='ltr'>refinyunt</span> 
     </span>
     <span class='ocr_line' id='line_1_105' title="bbox 1177 2684 1928 2713; baseline 0.005 -7"><span class='ocrx_word' id='word_1_651' title='bbox 1177 2684 1225 2711; x_wconf 85' lang='lat'>12)</span> <span class='ocrx_word' id='word_1_652' title='bbox 1245 2684 1363 2709; x_wconf 81' lang='lat' dir='ltr'>Aristot.</span> <span class='ocrx_word' id='word_1_653' title='bbox 1387 2685 1459 2708; x_wconf 78' lang='lat' dir='ltr'>nist.</span> <span class='ocrx_word' id='word_1_654' title='bbox 1476 2686 1560 2710; x_wconf 87' lang='lat' dir='ltr'>anim.</span> <span class='ocrx_word' id='word_1_655' title='bbox 1576 2686 1612 2713; x_wconf 72' lang='lat' dir='ltr'>V„</span> <span class='ocrx_word' id='word_1_656' title='bbox 1635 2686 1674 2709; x_wconf 82' lang='lat'>19.</span> <span class='ocrx_word' id='word_1_657' title='bbox 1696 2686 1743 2708; x_wconf 81' lang='lat' dir='ltr'>Ed.</span> <span class='ocrx_word' id='word_1_658' title='bbox 1766 2686 1928 2710; x_wconf 77' lang='lat' dir='ltr'>Schneider.</span> 
     </span>
    </p>

    <p class='ocr_par' dir='ltr' id='par_1_38' title="bbox 1177 2726 1915 2795">
     <span class='ocr_line' id='line_1_106' title="bbox 1177 2726 1915 2795; baseline 0.001 -44"><span class='ocrx_word' id='word_1_659' title='bbox 1177 2726 1225 2756; x_wconf 79' lang='lat'>1³)</span> <span class='ocrx_word' id='word_1_660' title='bbox 1246 2727 1317 2754; x_wconf 76' lang='lat' dir='ltr'>Ptin.</span> <span class='ocrx_word' id='word_1_661' title='bbox 1337 2728 1411 2754; x_wconf 80' lang='lat' dir='ltr'>flist.</span> <span class='ocrx_word' id='word_1_662' title='bbox 1430 2729 1491 2752; x_wconf 78' lang='lat' dir='ltr'>Nat.</span> <span class='ocrx_word' id='word_1_663' title='bbox 1506 2728 1564 2795; x_wconf 42' lang='grc' dir='ltr'>ἐξ</span> <span class='ocrx_word' id='word_1_664' title='bbox 1581 2734 1604 2752; x_wconf 87' lang='lat' dir='ltr'>c.</span> <span class='ocrx_word' id='word_1_665' title='bbox 1619 2729 1636 2752; x_wconf 78' lang='lat'>4</span> <span class='ocrx_word' id='word_1_666' title='bbox 1648 2734 1709 2758; x_wconf 73' lang='lat' dir='ltr'>sqq.</span> <span class='ocrx_word' id='word_1_667' title='bbox 1736 2728 1786 2753; x_wconf 75' lang='lat' dir='ltr'>Ed.</span> <span class='ocrx_word' id='word_1_668' title='bbox 1807 2729 1915 2755; x_wconf 73' lang='lat' dir='ltr'>Franz.</span> 
     </span>
    </p>
   </div>
  </div>
 </body>
</html>
