2341 2973
217 159 535 209 Minyeidesffl)
566 159 610 191 in
639 154 1096 202 x·espertili011es⁹⁹a).

262 232 440 267 Omnibus
468 229 651 274 gentibus,
692 227 800 260 etiam
829 237 847 257 a
870 236 954 256 vera
980 222 1154 267 religione

158 287 303 325 alienis,
330 294 471 327 semper
486 292 695 325 persuasum
712 278 797 317 suit,
827 276 950 309 diebus
967 275 1063 308 sestis
1082 286 1155 308 esse

158 339 358 372 vacandum
375 336 480 368 rebus
499 345 573 365 non
591 330 769 376 profanis,
798 330 858 362 sed
876 327 1019 360 divinis.
1070 326 1156 360 Dies

158 390 253 424 enim
267 387 346 421 sesti
363 385 530 420 destinati
549 389 632 417 sunt
656 381 778 414 divino
805 379 926 412 cultui.
990 378 1067 410 Hoc
1092 378 1155 422 igi-

158 449 216 475 tur
235 439 418 483 exemplo,
447 435 611 482 quamvis
630 435 732 471 firm,
767 431 870 475 pueri
891 429 1097 463 deterrendi
1122 435 1156 462 et

158 490 379 526 admonendi
399 495 500 527 sunt,
532 498 577 519 ne
603 485 700 518 sestis
726 483 850 516 diebus
874 482 1057 526 negligant
1077 493 1152 514 rem

158 544 317 578 divinam
331 569 340 583 ,
365 553 409 574 ne
425 538 624 572 lusionibus
641 537 725 568 dent
746 546 893 579 operam
907 561 916 574 ‚
952 534 1013 567 sed
1039 539 1078 566 ut
1102 533 1155 565 in-

159 595 369 641 grediantur
395 590 589 634 templum,
626 594 660 620 et
685 586 853 620 intersint
876 585 986 619 sacris
1013 584 1155 617 concio-

157 648 282 685 nibus,
311 654 464 688 suasque
490 652 611 685 preces
636 638 859 682 coniungant
881 650 961 670 cum
988 636 1154 680 prechtls

156 696 347 733 Ecclesiae.
396 693 495 738 Ipsae
513 691 607 725 enim
618 690 840 734 Minyeides,
867 690 952 722 dum
971 700 1046 720 rem
1065 687 1155 720 divi-

157 763 243 784 nam
277 750 532 784 contemnunt,
574 744 659 775 dum
694 741 847 774 recitant
879 739 978 773 domi
1004 739 1154 778 fabulas,

158 804 418 835 convertuntur
436 797 474 829 in
491 793 774 839 vespertiliones.
828 791 938 824 Recte
957 797 1076 824 autem
1101 802 1154 823 as-

156 852 372 888 simulantur
389 845 702 892 vespertilionibus
720 849 986 887 contemptores
1012 841 1154 885 religio-

158 905 226 938 nis.
279 903 373 936 Nam
397 907 438 933 ut
456 897 726 943 vespertiliones
749 896 785 928 in
810 894 964 928 tenebris
990 893 1154 933 volitant,

161 958 209 990 ita
229 954 333 999 impii
352 952 458 986 etiam
480 950 648 983 caecitate
666 954 699 980 et
716 948 853 991 impetu
871 947 1046 979 seruntur.

509 1041 800 1075 Cerberus.

209 1117 285 1151 Vss.
305 1113 378 1148 449
392 1125 444 1157 sq.
471 1113 541 1145 tria
562 1111 726 1145 Cerberus
740 1110 865 1143 extulit
882 1120 958 1148 ora,

210 1172 253 1203 Et
271 1174 340 1202 ires
356 1167 502 1199 latratus
519 1163 622 1196 simul
634 1164 751 1195 edidit.

260 1228 330 1261 Per
348 1225 544 1259 Cerberum
564 1221 758 1266 tricipitem
784 1220 989 1263 intelligunt
1006 1224 1155 1256 terram,

158 1292 249 1327 quae
277 1285 311 1312 et
334 1277 530 1311 secundum
557 1280 695 1307 veteres
725 1270 951 1317 geographos
978 1269 1154 1302 trifariam

158 1332 271 1365 divisa
292 1336 361 1370 est,
391 1335 425 1362 et
448 1328 698 1361 defunctorum
727 1336 880 1369 corpora
900 1330 1073 1368 tanquam
1100 1332 1155 1353 ca-

158 1384 216 1418 nis
231 1384 393 1416 devorat.

380 1471 441 1505 De
466 1469 628 1516 poenis
656 1469 932 1502 inferorum.

210 1541 286 1576 Vss.
306 1539 381 1575 456
400 1554 451 1585 sq.
486 1541 624 1573 Viscera
645 1537 824 1581 praebebat
845 1539 966 1581 Tityus
991 1535 1157 1568 lanianda

580 1601 757 1634 novemque

209 1645 385 1688 luyere'bus
403 1645 589 1677 distractus
599 1641 660 1686 ¹⁰⁰)
683 1644 769 1673 erat.

263 1703 338 1736 Hae
355 1702 495 1735 fabulae
515 1703 557 1734 de
576 1700 773 1733 Inserorum
793 1696 931 1742 poenis,
960 1696 1157 1729 admonent

158 1756 216 1801 pie
234 1768 273 1788 ac
293 1753 442 1788 honeste
464 1752 521 1787 hic
547 1752 742 1785 vivendum
772 1762 863 1788 esse;
896 1753 977 1792 post
1003 1754 1156 1780 mortem

160 1807 255 1841 enim
274 1813 409 1840 restare
428 1804 582 1838 ethonis
602 1802 783 1848 praemia,
815 1807 849 1834 et
875 1799 1056 1834 sceleratis
1074 1811 1157 1844 poe—

158 1872 223 1892 nas
260 1857 500 1901 gravissimas.
579 1856 721 1889 Genera
758 1865 843 1886 vero
884 1852 1158 1896 suppliciorum,

160 1922 251 1956 quae
269 1909 325 1942 bic
350 1909 620 1948 describuntur,
659 1906 765 1939 etiam
792 1904 981 1948 allegorice
1006 1905 1051 1936 ad
1080 1915 1159 1948 per-

159 1961 382 1995 turbationes
401 1961 607 1994 animorum
624 1957 749 1991 referri
767 1962 934 2002 possunt:
956 1955 1045 1988 Titii
1060 1955 1159 1988 iecur

159 2013 301 2046 vulture
329 2026 469 2046 exesum
495 2019 528 2045 et
553 2022 762 2049 renascens,
805 2010 849 2041 ad
874 2007 1020 2048 odium,
1061 2008 1158 2053 quod

159 2076 347 2109 nunquam
376 2064 451 2097 tolli
478 2070 612 2109 potest;
654 2061 801 2095 Tantali
830 2061 942 2093 sames
973 2060 1018 2092 ad
1043 2058 1159 2092 avari-

159 2117 265 2153 tiam;
294 2114 426 2149 Ixionis
443 2122 521 2148 rota
544 2116 589 2148 ad
614 2113 779 2148 homines
802 2112 838 2145 in
864 2111 1045 2156 republica
1072 2110 1159 2143 irre-

161 2167 317 2214 quietos;
362 2165 504 2212 Sisyphi
529 2180 651 2201 saxum
684 2166 728 2198 ad
752 2163 971 2198 laboriosam
997 2169 1031 2196 et
1049 2162 1159 2207 jmise-

160 2233 237 2252 ram
257 2219 510 2256 ambitionem3
528 2219 693 2251 Belidum
710 2217 892 2250 effluentes
910 2227 1024 2260 aquae
1043 2215 1087 2247 ad
1106 2214 1160 2246 in-

160 2270 371 2315 explebilem
393 2270 504 2303 animi
521 2270 764 2313 cupiditatem.
807 2268 863 2301 Sic
874 2266 1061 2300 Lucretius
1072 2265 1159 2312 ¹⁰⁰³)

162 2322 310 2367 exponit
334 2334 507 2367 poenam,
544 2318 842 2367 quam-Sisyphus
867 2326 900 2353 et
916 2318 1058 2352 Belides
1085 2331 1159 2352 sus-

161 2380 295 2407 tinent:

195 2500 242 2531 99)
265 2499 436 2530 Minyeides]
466 2498 506 2521 sic
526 2498 549 2521 h.
571 2497 588 2521 l.
617 2498 643 2521 et
665 2497 689 2520 in
712 2503 787 2527 seqq.
809 2496 927 2526 scripsi;

232 2536 307 2558 1559.
329 2535 474 2559 Mineides.

196 2576 266 2607 99³)
289 2577 367 2601 ovid.
388 2578 453 2600 Met.
473 2577 522 2606 lv,
542 2576 593 2600 389
609 2583 667 2606 sqq.

196 2621 260 2646 100)
281 2621 460 2649 distractus]
481 2620 521 2643 sic
540 2620 624 2644 Editt.
639 2619 713 2643 1555.
727 2635 734 2649 7
758 2618 851 2648 1559.;
882 2617 961 2642 ovid,
982 2618 1031 2643 Ed.
1052 2618 1161 2642 Mitsch.

231 2655 384 2679 distentus.

197 2698 277 2728 100³)
298 2699 408 2724 hucret.
428 2698 472 2728 ul,
496 2697 699 2722 loos—1023,

965 2496 1050 2522 Editt.
1074 2496 1159 2528 1555„

735 70 857 105 PHIL.
892 68 1003 103 MEL.
1038 67 1243 102 SCRIPTA
1279 67 1622 103 PHILOLOGICA.

2141 66 2220 110 544

1321 154 1460 184 Sisyphus
1480 154 1507 178 in
1527 154 1585 179 vita
1604 161 1708 186 quoque
1729 154 1808 178 nobis
1828 155 1891 178 ante
1917 154 2013 178 oculos
2034 155 2095 186 est,

1319 198 1372 227 Qui
1391 199 1486 228 petere
1504 204 1521 222 a
1539 199 1639 229 populo
1659 199 1766 228 fasces,
1792 203 1948 227 saevasque
1969 203 2086 221 secures

1317 240 1442 271 lmbibit,
1467 243 1495 264 et
1514 248 1625 272 semper
1644 242 1734 265 vietus
1755 240 1899 271 tristisque
1918 239 2031 264 recedit.

1317 283 1386 306 Nam
1402 284 1496 312 petere
1509 283 1662 313 imperium,
1676 284 1747 314 quod
1761 283 1843 306 inane
1861 283 1913 313 est,
1926 288 1978 305 uec
1991 282 2072 305 datur
2085 288 2215 314 unquam,

1316 326 1408 356 Atque
1428 327 1455 349 in
1475 332 1507 350 eo
1527 333 1637 356 semper
1657 327 1754 350 durum
1774 326 1892 349 sufferre
1911 325 2051 356 lahorem,

1317 369 1376 393 Hoc
1396 371 1440 393 est
1458 370 1579 393 adverso
1600 370 1739 393 nixantem
1759 370 1871 393 trudere
1891 371 1984 392 moute

1316 413 1435 443 Saxum,
1463 413 1534 443 quod
1555 413 1663 437 tandem
1683 419 1788 437 summo
1808 413 1861 436 iam
1880 412 1988 436 vertice
2007 418 2120 436 rursum

1316 455 1465 485 volvitur,
1494 455 1522 478 et
1542 455 1617 484 plani
1636 455 1735 484 raptim
1755 454 1823 484 petit
1841 460 1964 485 aequora
1984 454 2080 485 campi.

1317 498 1422 521 Deinde
1442 497 1524 521 animi
1545 498 1683 527 ingratam
1703 499 1829 521 naturam
1849 503 1965 527 pascere
1985 502 2096 527 semper

1315 542 1406 570 Atque
1427 540 1539 570 explere
1559 539 1638 563 bonis
1658 541 1740 563 rebus
1759 540 1918 571 satiareque
1936 545 2090 570 nunquam,

1316 584 1395 613 Quod
1414 583 1519 607 taeirmt
1539 583 1618 606 nobis
1638 588 1771 606 annorum
1793 584 1936 615 tempora,
1963 583 2067 607 circum

1315 627 1384 650 Cum
1403 627 1533 658 redeunt,
1561 626 1706 656 soetusque
1722 626 1831 656 serunt,
1856 626 2007 656 variosque
2027 627 2143 656 lepores

1314 671 1370 694 Nec
1390 672 1479 693 tamen
1500 670 1642 700 explemur
1662 669 1730 692 vitai
1750 669 1885 692 fructibus
1905 675 2024 699 unquam

1314 713 1388 742 Hoc,
1415 714 1444 736 ut
1464 712 1576 742 opinor,
1602 712 1628 735 id
1648 713 1705 743 est,
1731 717 1800 735 aevo
1819 713 1936 735 florente
1953 712 2062 742 puellas

1315 756 1393 785 Quod
1413 757 1565 778 memorant
1585 754 1694 778 laticem
1713 756 1859 784 pertusum
1876 759 2030 784 congerere
2048 754 2078 779 in
2095 760 2166 786 vas,

1314 799 1394 828 Quod
1413 800 1505 822 tamen
1525 798 1632 828 expleri
1651 798 1729 822 nulla
1748 797 1857 821 ratione
1876 798 2014 827 potestur.

1554 916 1622 949 De
1651 916 1856 950 Furiis.

1260 1002 1337 1036 Vss.
1358 1001 1433 1036 480
1450 1015 1502 1047 sq.
1539 1005 1610 1035 Nee
1634 1014 1746 1041 mora,
1784 1003 1965 1045 Tisiphone
1986 1001 2211 1045 madefactam

1625 1054 1791 1095 sanquine
1806 1054 1911 1087 sumit

1260 1108 1460 1148 Importuna
1478 1103 1600 1147 facem.

1313 1173 1427 1206 Multa
1449 1173 1593 1218 quidem
1612 1171 1697 1205 scite
1722 1171 1919 1215 excogitata
1943 1175 2026 1204 sunt
2044 1181 2064 1202 a
2082 1169 2211 1214 poetis,

1210 1226 1268 1260 sed
1288 1223 1387 1259 haud
1404 1225 1496 1264 scio,
1525 1236 1570 1256 an
1587 1223 1779 1269 quicquam
1798 1221 1866 1256 hoc
1879 1223 2051 1266 figmento
2077 1221 2209 1266 aptius,

1209 1290 1340 1322 nempe
1357 1277 1541 1322 quomodo
1552 1275 1684 1309 Furiae
1700 1281 1881 1308 commota
1900 1274 1952 1307 ira
1971 1272 2040 1306 Dei
2058 1284 2210 1306 evocen-

1210 1336 1268 1363 tur
1286 1330 1330 1362 ab
1353 1328 1494 1367 inferis;
1530 1328 1715 1373 quomodo
1741 1339 1860 1360 secum
1886 1323 2034 1358 trahant
2058 1325 2209 1363 luctum,

1210 1382 1398 1420 timorem,
1426 1379 1623 1416 insaniam;
1653 1379 1837 1424 quomodo
1856 1378 1940 1410 item
1963 1381 2072 1419 agant
2091 1373 2210 1408 homi-

1210 1446 1273 1468 nes
1298 1432 1510 1478 praecipites
1535 1431 1571 1462 in
1597 1430 1729 1469 scelus,
1764 1429 1896 1461 iniecto
1928 1427 1999 1460 illis
2030 1432 2210 1471 serpente,

1211 1492 1245 1518 et
1263 1486 1380 1518 infuso
1400 1494 1556 1519 veneno3
1591 1481 1745 1526 denique
1772 1480 1956 1526 quomodo
1980 1478 2130 1523 flagellis
2155 1477 2210 1510 in-

1210 1543 1391 1570 sectentur
1412 1534 1656 1573 facinorosos,
1697 1538 1731 1564 et
1756 1531 1964 1565 ardentibus
1987 1530 2124 1563 facibus
2147 1541 2207 1563 eos

1211 1588 1357 1633 agitent.
1419 1586 1515 1619 Haec
1541 1585 1635 1618 enim
1661 1583 1782 1616 omnia
1809 1582 1991 1627 aptissime
2017 1587 2051 1614 et
2073 1580 2208 1625 gravis-

1211 1641 1298 1674 sime
1318 1638 1514 1682 excogitata
1532 1642 1615 1670 sunt
1632 1636 1675 1668 ab
1692 1634 1900 1668 hominibus
1923 1631 2209 1678 sapientissimis,

1212 1692 1275 1738 qui
1307 1689 1594 1735 magnitudinem
1629 1687 1703 1721 irae
1733 1686 1898 1726 divinae,
1937 1692 1973 1718 et
1997 1696 2121 1718 causas
2141 1681 2208 1717 hu-

1212 1755 1403 1777 manarum
1433 1741 1678 1774 calamitatum
1709 1739 1899 1783 diligenter
1925 1736 2212 1771 considerarunt.

1212 1796 1303 1829 Sunt
1322 1800 1440 1828 autem
1459 1793 1590 1826 Furiae
1607 1789 1699 1824 nihil
1716 1791 1813 1823 aliud
1830 1789 1899 1823 nisi
1918 1801 2050 1834 pravae
2075 1787 2213 1833 cupidi-

1213 1854 1315 1887 tates,
1338 1859 1399 1881 seu
1417 1844 1680 1879 commotiones
1699 1843 1903 1875 animorum
1923 1853 1940 1874 a
1958 1847 2054 1874 recta
2070 1841 2212 1874 ratione

1213 1911 1380 1938 aversae,
1409 1897 1538 1943 quibus
1555 1895 1790 1940 impelluntur
1816 1891 1853 1927 hi
1878 1894 1923 1926 ad
1948 1893 2092 1933 odium,
2120 1891 2213 1924 invi·

1213 1952 1324 1992 diam,
1353 1948 1601 1988 ambitionem,
1630 1948 1792 1985 caedem;
1820 1945 1872 1978 illi
1890 1946 1935 1978 ad
1952 1951 2089 1989 stupra,
2113 1943 2214 1977 adul-

1214 2003 1324 2044 teria,
1368 2002 1542 2039 incestus3
1588 1999 1650 2032 alii
1677 2000 1721 2031 ad
1745 1998 1813 2031 alia
1839 1997 1976 2031 atrocia
2008 2002 2042 2030 et
2074 1995 2213 2029 nefaria

1213 2055 1368 2100 flagitia,
1394 2053 1533 2088 incitati
1551 2064 1569 2085 a
1588 2051 1751 2085 diabolo:
1781 2050 1817 2082 id
1835 2050 1933 2094 quod
1959 2049 2037 2093 ipsa
2062 2047 2213 2082 nomina

1214 2108 1420 2147 declarant,
1468 2116 1560 2151 quae
1595 2103 1639 2135 ab
1675 2103 1801 2135 effectu
1828 2101 1948 2136 Furiis
1975 2099 2089 2134 indita
2117 2105 2213 2134 sunt.

1214 2157 1395 2208 ΙἉέγαιρα
1425 2157 1519 2190 enim
1553 2154 1729 2199 significat
1762 2154 1938 2186 invidiam
1965 2159 2000 2186 et
2024 2151 2213 2186 emulatio-

1214 2224 1315 2244 nem:
1342 2209 1430 2244 haec
1448 2208 1529 2241 odia
1548 2207 1690 2245 incitat;
1728 2202 1910 2253 Τισιφόνη
1933 2204 2109 2239 ultionem
2135 2215 2214 2237 cae-

1214 2264 1268 2297 dis
1283 2275 1345 2297 seu
1363 2260 1594 2305 cupiditatem
1621 2258 1817 2291 vindictae:
1852 2255 1940 2290 haec
1965 2256 2072 2290 efficit
2094 2253 2214 2289 homi-

1214 2316 1311 2348 cidas
1337 2319 1371 2346 et
1396 2312 1610 2357 parricidas;
1648 2307 1810 2356 Ἀληκτὼ
1839 2308 2034 2355 irrequieta
2063 2307 2212 2341 dicitur:

1215 2365 1301 2400 haec
1319 2364 1474 2398 concitat
1489 2363 1681 2397 seditiones
1699 2369 1733 2395 et
1749 2361 1958 2395 discordias.
2002 2359 2108 2393 Tales
2126 2370 2212 2391 vero

1214 2419 1369 2462 impetus
1401 2428 1463 2450 seu
1495 2414 1757 2448 commotiones
1788 2413 1994 2445 animorum
2028 2412 2215 2444 adducunt

1214 2471 1347 2503 luctum
1363 2495 1371 2508 ,
1410 2479 1604 2512 pavorem,
1645 2473 1841 2504 terrorem,
1876 2462 2073 2501 insaniam3
2128 2473 2214 2495 con·

1214 2521 1340 2554 iiciunt
1365 2520 1458 2553 enim
1484 2517 1649 2552 homines
1675 2517 1712 2550 in
1739 2515 1900 2550 miserias
1924 2521 1958 2548 et
1991 2513 2213 2548 calamitates

1213 2574 1414 2612 luctuosas,
1448 2571 1627 2604 incutiunt
1651 2568 1762 2603 animi
1790 2566 1978 2601 horrorem
2006 2572 2040 2599 et
2063 2571 2213 2606 metum,

1215 2624 1363 2667 adigunt
1380 2625 1423 2655 ad
1443 2623 1631 2657 insaniam.
1674 2620 1814 2654 Deinde
1833 2625 2032 2663 serpentes,
2059 2616 2213 2661 flagella,

1216 2682 1250 2709 et
1271 2677 1363 2710 faces
1386 2675 1601 2715 Furiarum,
1644 2678 1727 2708 sunt
1749 2670 1945 2705 anxietates
1974 2676 2008 2704 et
2034 2668 2212 2703 cruciatus
