2341 2973
219 754 271 808 Α
294 780 402 819 graecis
426 778 520 816 poetis
543 786 560 805 a
585 775 775 804 Melanthone
799 773 905 811 partim
929 773 956 799 iu
981 771 1102 798 latinum
1124 776 1288 797 sermonem
1314 767 1463 796 translatis
1487 767 1592 804 partim
1618 767 1760 795 enarratis
1783 766 1988 805 progredimur
2011 766 2048 795 ad

219 873 419 916 PHIL.
474 861 1063 911 MELANTHONIS
1115 858 1753 904 ENARRATIONES
1807 858 2250 902 POETARUM

995 934 1479 978 LATINORUM

224 1064 352 1095 quorum
375 1060 451 1083 tres:
484 1050 709 1088 Virgilium,
739 1046 914 1076 Ovidium
936 1050 966 1074 et
988 1044 1219 1074 Terentium
1241 1042 1358 1072 scholiis
1379 1042 1635 1081 argumentisque,
1671 1046 1746 1070 tres:
1776 1041 1906 1070 eundem
1927 1041 2173 1079 Terentium,
2206 1047 2252 1070 at-

224 1107 288 1137 que
311 1098 481 1125 Plautum
506 1101 536 1123 et
559 1093 735 1122 Senecam
758 1090 868 1128 aliquot
891 1089 1020 1127 prologis
1041 1086 1206 1115 illustravit.
1256 1086 1380 1115 Praeter
1401 1086 1452 1114 hos
1475 1085 1601 1113 sortasse
1623 1084 1711 1112 etiam
1734 1084 1796 1112 eius
1817 1085 1849 1112 in
1872 1084 2024 1112 Horatii
2046 1087 2154 1112 artem
2174 1091 2254 1122 poe-

224 1141 332 1170 ticam
354 1139 568 1168 enarrationem
592 1140 762 1172 exspectes,
792 1133 902 1170 quippe
925 1140 1012 1169 quam
1036 1131 1072 1158 ab
1095 1138 1129 1158 eo
1151 1138 1178 1157 a.
1196 1127 1290 1159 1544.
1312 1129 1479 1167 iterumque
1501 1126 1596 1157 1546.
1619 1131 1649 1155 et
1672 1124 1766 1156 1548.
1789 1130 1957 1155 enarratam
1979 1135 2045 1155 esse
2075 1127 2104 1155 in
2134 1127 2207 1155 libro
2230 1126 2252 1156 1.

226 1181 449 1211 Intimationum
471 1178 580 1208 sol.98
590 1175 614 1207 ¹³.
637 1176 711 1207 161.
731 1175 806 1206 200.
835 1180 866 1203 et
893 1183 911 1202 a
932 1174 1022 1211 Mylio
1052 1173 1081 1201 in
1103 1171 1297 1210 Chronologia
1319 1172 1498 1210 Scriptorum
1519 1171 1591 1199 Mel.
1620 1169 1658 1198 ad
1684 1169 1737 1197 hos
1766 1178 1857 1198 annos
1890 1168 2074 1208 refertur*);
2108 1174 2138 1198 at
2166 1169 2253 1204 haec,

231 1232 373 1263 quantum
396 1224 532 1262 equidem
555 1222 630 1258 seio,
658 1228 808 1257 nunquam
830 1217 949 1256 prodiit.
998 1216 1068 1244 lllos
1090 1220 1188 1243 autem
1211 1222 1312 1254 poetas
1336 1215 1391 1244 hoc
1413 1215 1515 1244 ordine
1537 1213 1720 1252 digeremus,
1752 1217 1784 1240 ut

566 1281 659 1320 primo
684 1280 747 1307 loco
776 1277 988 1315 Virgilium
1011 1276 1184 1309 afferamus,

569 1339 698 1369 secundo
722 1337 915 1375 Ovidium,

562 1398 648 1427 tertio
671 1396 916 1431 Terentium,

569 1462 672 1495 quarto
696 1456 887 1491 Plautum,

568 1516 669 1553 quinto
692 1514 889 1543 Senecam.

267 1677 299 1709 ἣν·)
321 1676 371 1701 Hie
391 1677 467 1701 locus
486 1680 583 1699 ausam
603 1672 763 1705 praebuisse
782 1671 892 1694 videtur
910 1670 943 1693 ad
964 1670 1031 1693 hanc
1050 1668 1252 1693 enarrationem
1273 1666 1343 1691 iuter
1362 1667 1421 1691 eius
1440 1666 1526 1691 libros
1546 1666 1727 1690 referendam.
1764 1665 1839 1690 Inter
1857 1666 1908 1690 hos
1921 1664 1993 1690 enim
2006 1665 2127 1690 refertur
2140 1664 2168 1691 in
2183 1666 2257 1691 Zed-

301 1712 352 1735 leri
372 1711 406 1735 l.:
433 1712 555 1735 Grosses
575 1708 776 1738 vonstfindiges
794 1703 1095 1729 Universal-chicon
1114 1703 1186 1727 aller
1204 1702 1451 1726 Wisseuschaften
1470 1708 1495 1724 u.
1515 1701 1622 1724 Kiinste
1648 1701 1712 1724 Vol.
1726 1699 1790 1726 XX.
1811 1699 1906 1732 (Halie
1924 1707 1951 1724 ιι.
1970 1700 2066 1731 Leipz.
2087 1700 2161 1725 173⁹.
2180 1701 2258 1730 Fon.)

301 1754 324 1776 p.
341 1746 416 1773 4315,
444 1745 490 1770 ubi
508 1744 543 1768 ad
561 1749 586 1768 a.
606 1743 680 1767 1544.
701 1742 814 1773 praeter
832 1741 935 1770 septem
954 1739 1024 1763 alios
1042 1738 1128 1763 libros
1148 1737 1229 1762 ctiam
1248 1736 1290 1760 hic
1308 1736 1439 1760 affertur:
1466 1736 1517 1766 „8.
1538 1735 1685 1760 Euan-atio
1706 1735 1766 1760 libri
1785 1734 1894 1760 Horatii
1912 1735 1946 1759 de
1965 1741 1995 1760 re
2014 1734 2128 1766 poetica.
2138 1733 2154 1746 ⁷¹
