2421 3005
93 101 110 134 1
117 96 166 134 45
473 95 659 130 LXXVIII.

723 92 1016 129 EXPLICATIO
1055 90 1444 127 SENTENTIARUM
1479 88 1790 125 THEOGNIDIS.

2096 88 2170 125 146

90 196 160 230 qua
193 184 402 217 interfectus
433 190 484 218 est
507 183 726 222 vladislaus,
770 195 830 215 rex
854 180 1037 225 Ungari52e
1071 186 1104 212 et
1127 184 1131 232 ¹¹
1156 181 1207 215 ein
1225 180 1368 221 unbem.
1399 179 1453 214 bet
1467 187 1544 223 mag
1571 177 1616 222 im
1642 187 1706 213 nur
1730 178 1763 212 in
1788 176 1859 220 sinn
1883 187 2015 219 nemen.
2051 178 2112 212 1>ssss
2137 187 2170 212 et

90 235 288 275 poloniae,
324 235 653 279 praestantissimus
678 235 754 275 vir,
792 241 825 267 et
849 234 959 267 multa
990 232 1101 264 millia
1129 235 1132 274 ξ
1155 231 1240 274 Ῐεῐῢέ
1259 232 1353 267 moue
1370 239 1432 266 not
1448 229 1483 275 jn
1505 230 1643 275 hegelen.

90 286 374 321 fortissimorum
404 287 586 326 virorum,
622 299 718 320 anno
750 285 859 320 1444.

92 398 126 424 et
150 390 235 437 quia
258 390 434 424 Germani
456 391 648 424 vastabant
674 390 817 430 Asiam,
855 396 889 423 et
911 388 1105 421 Amurates

92 442 357 488 impediebatur
381 443 475 476 bello
503 443 683 482 Asiatico,
716 441 876 476 Iulianus
901 440 1104 474 Cardinalis

91 494 159 528 suit
184 506 311 528 suasor
336 495 431 538 pacti
453 494 700 535 rescindendi,
737 501 771 527 et
792 500 833 527 ut
857 500 981 527 contra
1008 491 1105 525 iura—

94 552 256 580 mentum
281 553 472 580 moverent
493 547 647 586 bellum,
686 546 768 592 quia
793 546 935 578 dicebat
962 544 1103 577 nullum

93 610 195 643 posse
218 598 296 631 fieri
318 598 445 632 foedus
470 599 546 632 sine
573 599 765 632 autoritate
791 596 949 630 Romani
978 595 1105 629 Ponti-

92 650 177 684 ficis.

92 760 187 787 sunt.
252 752 375 786 Varna
402 761 453 788 est
476 766 585 799 supra
610 752 966 798 Constantinopolim
996 751 1104 784 credo

95 806 142 840 12
166 804 389 846 miliaribus,
425 813 476 840 est
501 806 669 840 littoralis
692 805 828 839 civitas.

92 917 187 944 naen
202 909 352 942 fluvium
366 936 374 950 ,
411 911 485 946 obet
509 910 544 956 ja
569 909 653 957 nidpt
675 908 748 956 fetu
769 912 890 947 babon-
944 907 1105 942 1111110νί-

93 972 153 994 cus
179 967 284 994 natus
310 973 350 994 ex
377 960 553 996 Vladislai
577 963 699 996 fratris
722 963 817 1001 filio,
860 961 968 994 etiam
994 960 1105 993 inter-

92 1013 204 1046 sectus
230 1019 281 1046 est
309 1026 326 1045 a
344 1013 494 1054 Turcis‚
529 1026 751 1060 quamquam
777 1014 836 1047 ille
862 1026 937 1047 non
962 1013 1030 1046 suit
1056 1011 1103 1044 ita

93 1064 288 1098 instructus
320 1066 498 1106 exercitu,
537 1073 577 1100 ut
602 1066 818 1100 Vladislaus.
886 1066 975 1098 Post
1005 1064 1104 1096 illam

94 1128 252 1162 pugnam
277 1115 472 1158 Vlaffislai,
516 1118 656 1163 fugiens
688 1117 867 1151 lohannes
893 1116 1106 1150 Hunniades

94 1175 218 1214 captus
243 1174 295 1202 est
319 1181 338 1202 a
360 1168 535 1210 Dracole,
578 1170 677 1204 cuius
711 1176 882 1202 narratur
918 1168 1106 1213 multiplex

94 1220 307 1260 crudelitas,
334 1221 394 1266 qui
414 1221 638 1256 venientibus
653 1220 749 1255 Italis
768 1221 912 1265 legatis,
942 1234 1020 1254 eum
1040 1233 1106 1253 nu-

95 1272 224 1305 darent
241 1272 372 1316 capita,
391 1280 424 1306 et
442 1273 530 1308 alios
549 1286 680 1318 parvos
698 1274 850 1319 pileolos
861 1286 936 1306 non
948 1274 1106 1317 depone-

93 1330 192 1364 rent,
220 1324 363 1357 confixit
381 1325 493 1369 pileos
512 1326 620 1359 clavis
637 1326 682 1358 ad
701 1326 830 1370 capita.
885 1325 969 1358 Fuit
994 1322 1105 1357 homo

93 1375 197 1408 valde
219 1375 391 1416 crudelis,
418 1382 541 1421 postea
559 1384 679 1410 tamen
698 1383 749 1410 est
766 1384 889 1422 captus
909 1388 927 1408 a
945 1374 1106 1409 Iohanne

94 1427 287 1461 Hunniade
306 1433 340 1460 et
358 1428 566 1463 decollatus.
611 1429 711 1463 Talis
732 1429 799 1462 suit
816 1428 929 1462 exitus
946 1428 1105 1475 tyranni.

95 1478 157 1512 Illa
175 1485 259 1513 sunt
277 1480 466 1524 cogitanda
481 1508 490 1521 ,
518 1488 555 1515 ut
572 1481 682 1516 simus
705 1481 881 1522 modesti,
914 1488 948 1514 et
975 1481 1105 1525 cogite-

94 1544 173 1565 mus
190 1530 336 1566 ultimas
354 1544 490 1577 poenas
505 1534 633 1567 mundi
645 1561 654 1574 ‚
682 1540 717 1567 et
732 1546 876 1567 oremus
895 1533 1007 1567 filium
1025 1532 1106 1573 Dei,

93 1590 132 1617 ut
147 1583 193 1618 sit
209 1584 459 1618 umbraculum
473 1613 482 1625 ‚
506 1592 540 1619 et
556 1586 696 1630 mitiget
713 1599 860 1631 poenas.

94 1635 229 1669 malitia
243 1662 253 1676 ‚
297 1643 338 1670 ut
370 1649 511 1671 necesse
548 1638 594 1672 sit
627 1650 764 1683 poenas
801 1650 970 1673 crescere.

96 1687 218 1721 omnia
239 1688 325 1720 fient
348 1689 529 1722 deteriora
562 1690 599 1722 in
629 1691 755 1723 ultima
787 1697 940 1725 senecta.

95 1740 390 1774 commendemus
407 1753 474 1774 nos
489 1741 568 1774 Deo
581 1769 590 1781 ‚
619 1749 654 1775 et
672 1754 816 1776 oremus
835 1749 899 1776 etc.

1043 1637 1104 1670 Illa

1009 1689 1105 1734 Ergo

200 1808 357 1854 Quidam
378 1808 575 1844 monachus
598 1810 778 1856 Hispanus
795 1811 883 1845 dixit
901 1817 983 1843 ante
1002 1810 1106 1856 quin-

96 1861 314 1908 quennium:
364 1860 567 1906 imperator
606 1863 676 1895 iam
714 1861 805 1896 1111111
842 1869 922 1907 aget
956 1863 999 1896 de
1026 1862 1106 1895 reli-

96 1913 221 1957 gione,
249 1919 390 1946 tantum
413 1914 567 1948 excutiet
590 1915 691 1949 vobis
709 1915 901 1949 Germanis
925 1927 1107 1953 somnum,

96 1977 159 2000 vos
175 1965 245 1998 iam
266 1965 348 1999 estis
363 1966 471 2007 ebrii,
498 1979 572 2000 non
588 1968 673 2000 vino
687 1995 695 2008 ‚
730 1968 791 2001 sed
819 1966 1051 2012 opinionibus
1074 1973 1108 1999 et

96 2018 194 2051 luxu.
255 2017 421 2051 Primum
443 2019 519 2052 vult
545 2032 608 2053 vos
632 2020 827 2064 castigare,
873 2026 993 2064 postea
1024 2031 1108 2063 pro-

96 2076 208 2114 ponet
244 2069 380 2115 aliquid
417 2072 459 2103 de
494 2071 679 2116 religione.
745 2073 796 2109 (ξό
829 2072 923 2118 gebet
956 2070 1024 2116 also
1058 2081 1108 2116 gu.

97 2122 233 2155 Omnes
251 2133 373 2156 suiuus
388 2122 665 2167 negligentiores
685 2125 805 2157 audita
822 2124 985 2158 doctrina
1001 2123 1109 2156 liber—

99 2174 194 2214 tatis,
215 2174 377 2207 omnium
401 2187 516 2209 mores
533 2183 615 2210 sunt
632 2177 714 2209 facti
734 2177 993 2211 dissolutiores.
1026 2176 1107 2212 Qu&

98 2225 219 2270 miisfen
236 2226 300 2261 ‘mit
317 2226 378 2262 asse
396 2227 567 2263 befennen.

205 2293 263 2327 Vs.
282 2294 369 2329 831.
399 2295 587 2329 Credendo
604 2297 744 2341 perdidi
762 2294 986 2343 pecuniam]
1016 2295 1108 2332 Qut:

98 2356 159 2391 gen
184 2346 289 2391 mad>t
311 2345 436 2393 surgen.
493 2348 634 2394 aefitgen
660 2349 719 2393 ῖοῑΙ
735 2359 814 2385 man
832 2352 979 2395 miitgen.
1034 2348 1107 2382 Ho-

99 2398 294 2445 merusfl‘2):

152 2457 281 2494 Δειλαί
296 2472 353 2494 τοι
370 2458 503 2496 δειλῶν
519 2474 561 2509 γε
579 2459 641 2495 καὶ
660 2458 791 2509 ἐγγύαι
811 2458 1063 2510 ἐγγυάασθαι.

103 2517 233 2560 Leves,
265 2521 402 2562 sutiles,
438 2523 566 2556 stultae
590 2529 670 2556 sunt
695 2523 907 2567 sponsiones
934 2535 998 2567 pro
1023 2523 1108 2556 levi-

100 2570 166 2605 bus
188 2570 406 2608 hominihus.
462 2575 568 2613 Qum
586 2576 671 2611 einer
695 2575 763 2611 miu
788 2575 869 2621 biitg
896 2577 1024 2611 metbm
1048 2584 1109 2611 vor

137 2737 185 2765 62)
206 2737 283 2763 Hom.
304 2737 354 2762 od.
371 2737 446 2768 vui,
465 2736 525 2761 351.

104 2779 288 2810 Mummi.
314 2781 421 2809 Ori-tn.
448 2778 531 2808 Vm..
556 2777 644 2809 XIX.

233 650 361 683 Postea
382 663 603 696 quamquam
625 651 662 683 in
689 651 782 683 bello
806 649 874 682 isto
899 647 1106 682 habuerunt
1130 653 1133 674 l

94 701 224 735 multas
239 702 397 746 egregias
415 703 601 743 victorias,
631 709 751 735 tamen
771 702 916 733 tandem
936 699 1106 733 trucidati
1130 711 1132 731 1

889 803 1006 838 Credo
1031 815 1104 837 esse
1131 825 1133 832 =

92 857 191 890 illam
204 884 212 895 ‚
242 870 333 903 quae
354 857 390 890 in
410 858 538 892 tabulis
560 864 710 891 vocatur
725 855 920 891 Anchialos
933 884 942 897 ‚
971 856 1017 889 ad
1033 855 1105 888 Ta—
1132 878 1133 889 2

913 1584 962 1618 Ita
982 1585 1107 1620 crescit
1133 1603 1134 1607 =

921 284 993 318 lani
1022 289 1105 318 sunt
1129 294 1132 329 ξ

91 339 178 372 anni
202 338 286 372 107.
332 338 471 383 Ungari
487 340 646 372 fecerant
662 344 804 383 pactum
819 350 899 371 cum
917 338 1104 375 Amurate,
1130 335 1131 339 ’

1130 415 1133 440 3,
1159 395 1280 429 sidere.

1130 466 1132 478 1
1157 447 1361 491 symbolum
1394 445 1567 480 Iohannis
1594 445 1782 479 Friderici.

1164 2599 1280 2630 virum
1310 2597 1399 2629 bene
1425 2609 1460 2629 se
1485 2594 1675 2628 habentem
1708 2595 1761 2627 vel
1788 2595 1916 2633 situm,

1134 2717 1137 2733 l

1260 292 1321 326 Vs.
1340 292 1427 326 832.
1450 289 1673 324 Diiudicatio
1699 289 1850 322 difficilis
1873 295 1922 322 est
1951 286 2169 336 utriusque]

1158 342 1194 375 Id
1214 342 1286 384 est,
1314 344 1374 377 ubi
1396 342 1589 375 conveniat
1612 342 1778 381 credere,
1811 340 1873 373 ubi
1892 341 2083 374 conveniat
2104 342 2173 374 dif-

1336 395 1508 437 ffiertmu,
1538 396 1603 430 unb
1627 398 1761 429 netttau
1787 391 1868 438 nictit
1894 403 1932 438 gu
1957 394 2033 430 niet.
2088 393 2172 427 Fuit

1860 444 2013 478 Contra:
2058 445 2173 478 Male-

1158 498 1292 538 dictus,
1323 498 1383 544 qui
1401 499 1548 531 contidit
1566 499 1602 530 in
1628 495 1793 536 homine3
1825 503 1858 529 et
1876 497 1965 530 alius
1985 504 2100 530 textus
2119 498 2172 530 di-

1159 550 1221 583 cit:
1268 550 1424 583 Dilectio
1452 550 1572 583 omnia
1599 550 1722 583 credit.
1778 549 2010 593 RespondeO.
2065 549 2173 582 Prior

1158 602 1333 635 sententia
1354 608 1404 635 est
1418 602 1600 635 verissima
1616 615 1621 634 :
1642 601 1725 635 Non
1744 602 1916 634 debemus
1932 613 2068 645 ponere
2082 602 2173 635 fidu-

1159 655 1249 687 ciam
1276 654 1313 686 in
1342 653 1530 698 praesidiis
1549 651 1729 687 humanis.
1783 653 1970 687 Posterior
1996 653 2172 687 sententia

1159 706 1207 739 ita
1234 706 1474 750 intelligatur:
1521 704 1675 738 Dilectio
1709 705 1829 738 omnia
1866 704 1998 745 credit,
2039 705 2174 740 scilicet

1159 764 1336 804 quantum
1371 755 1513 791 homini
1541 763 1659 801 potest
1686 757 1804 797 credi,
1850 763 1889 789 ut
1914 757 2044 801 cogitet
2069 770 2172 803 posse

1159 810 1276 854 decipi
1301 816 1365 843 etc.
1434 808 1518 843 Non
1542 809 1585 843 sit
1613 809 1692 842 talis
1718 809 1846 842 fiducia
1873 809 2047 850 immota,
2083 810 2174 844 sicut

1160 868 1211 896 est
1226 862 1355 895 fiducia
1379 861 1529 894 immota
1546 861 1583 893 in
1600 860 1730 894 Deum.
1784 861 1889 894 Plato
1907 874 1966 895 eos
1985 868 2089 894 vocat
2107 874 2174 896 τα·-

1155 912 1448 960 χυπόπτουςω),
1491 913 1527 946 id
1560 919 1630 953 est,
1674 913 1821 958 quidam
1856 919 1939 946 sunt
1963 914 2174 957 suspicaces‚

1161 967 1207 999 ita
1233 972 1273 1000 ut
1298 965 1420 998 omnia
1445 965 1625 998 malitiose
1655 971 1689 998 et
1714 965 1908 1009 suspiciose
1934 965 2175 1009 suspicentur,

1159 1020 1288 1054 benten.

1263 1069 1340 1103 Vss.
1358 1067 1590 1102 833—836.
1629 1064 1768 1102 Πάντα
1786 1066 1875 1102 τάδ’
1895 1069 1936 1103 ἐν
1953 1065 2172 1118 κοράκεσσι]

1159 1121 1213 1154 De
1234 1133 1338 1155 causa
1360 1128 1589 1166 peccatorum
1611 1126 1644 1152 et
1659 1132 1882 1164 poenarum,
1917 1121 2000 1156 alleg
2019 1121 2094 1157 ube!
2111 1128 2176 1156 etc.

1160 1174 1234 1208 Nos
1254 1173 1322 1218 ipsi
1340 1186 1463 1207 sumus
1481 1172 1672 1217 culpandi,
1699 1184 1773 1204 non
1791 1171 1899 1206 Deus.
1937 1172 2033 1206 Haec
2052 1174 2176 1206 omnia

1160 1232 1243 1259 sunt
1262 1225 1417 1258 obnoxia
1435 1225 1571 1265 corvis,
1601 1224 1671 1270 ((ξὸ
1692 1224 1773 1259 mel&
1793 1224 1917 1266 felnet,
1946 1233 1998 1261 mo
2020 1225 2085 1269 sein
2102 1226 2176 1262 sset'b

1160 1276 1297 1324 bleibts)
1333 1283 1367 1310 et
1393 1277 1640 1321 corruptioni,
1683 1282 1716 1309 et
1750 1288 1825 1309 non
1854 1283 1906 1311 est
1935 1289 2039 1311 causa
2065 1277 2177 1319 Deus,

1160 1331 1220 1363 sed
1236 1327 1425 1362 hominum
1448 1329 1617 1362 violentia
1638 1334 1672 1360 et
1689 1325 1848 1361 humana
1871 1329 2044 1369 avaritia,
2074 1337 2107 1363 et
2122 1330 2176 1363 in-

1161 1381 1274 1415 iuriae
1292 1381 1489 1415 coniiciunt
1507 1380 1673 1414 homines
1692 1392 1733 1413 ex
1750 1381 1871 1414 multis
1891 1381 1995 1415 1101115
2020 1382 2057 1414 111
2083 1383 2176 1415 cala-

1160 1433 1332 1478 mitates]
1361 1433 1444 1467 Non
1463 1439 1514 1467 est
1532 1441 1649 1467 certus
1665 1433 1756 1465 ordo
1775 1433 2048 1467 sententiarum.
2102 1434 2176 1466 Ho-

1160 1485 1275 1519 mines
1294 1483 1429 1519 habent
1446 1483 1657 1521 ἐπίσπαστα
1674 1482 1785 1521 κακά.
1817 1485 2034 1519 Menander:
2064 1485 2175 1519 Plura

1160 1544 1242 1572 sunt
1259 1534 1412 1572 ἑκούσια
1429 1538 1538 1577 mala,
1567 1548 1675 1583 quam
1696 1534 1907 1582 αὐτόματα.
1944 1537 2075 1572 Nostra
2096 1552 2175 1583 pec-

1161 1597 1259 1630 cata,
1295 1596 1440 1624 nostrae
1464 1589 1655 1628 stultitiae,
1685 1590 1798 1622 nostri
1825 1602 1965 1624 errores
1990 1589 2177 1624 attrahunt

1160 1653 1308 1687 poenas.

1264 1693 1342 1727 Vss.
1363 1692 1596 1728 837—844.
1642 1693 1723 1726 Duo
1755 1700 1934 1734 extrema,
1978 1705 2070 1739 qus-e
2096 1705 2175 1739 per-

1161 1746 1296 1780 niciosa
1330 1752 1433 1785 sunt,
1479 1745 1555 1779 sitis
1586 1746 1727 1779 solvens
1760 1746 1922 1779 membra
1957 1745 2103 1779 exitiosa
2142 1752 2175 1778 et

1162 1798 1314 1831 ebrietas
1333 1797 1494 1831 molesta.
1551 1797 1734 1831 Versabor
1751 1797 1786 1830 in
1804 1798 1923 1831 medio
1941 1795 2085 1836 horum,
2114 1809 2174 1829 ne-

1133 1850 1135 1866 1
1162 1863 1230 1896 que
1262 1849 1495 1894 persuadebis
1530 1850 1682 1883 nimium
1720 1850 1914 1889 inebriari,
1958 1862 2075 1895 neque
2098 1860 2174 1882 non

1161 1903 1296 1936 bibere.
1357 1900 1491 1935 Vinum
1521 1908 1571 1935 est
1596 1899 1685 1934 1111111
1714 1908 1876 1946 gratum,
1916 1901 1952 1934 in
1980 1901 2058 1935 aliis
2084 1899 2173 1934 mihi

1162 1960 1302 1998 gratum
1325 1953 1429 1991 facit;
1465 1955 1526 1987 sed
1554 1954 1588 1987 in
1614 1966 1688 1987 uno
1712 1959 1763 1988 est
1786 1954 1990 1997 ingratum,
2028 1954 2173 1999 quando

1163 2006 1345 2039 inebrians
1363 2004 1461 2038 ducit
1479 2006 1520 2038 ad
1548 2006 1755 2046 inimicum,
1793 2007 1854 2038 sed
1882 2018 1961 2039 cum
1989 2005 2096 2038 suerit
2122 2005 2176 2038 in-

1989 2066 2085 2094 menn
2120 2060 2175 2093 bet

1162 2059 1291 2097 serius,
1336 2059 1484 2102 quando
1514 2059 1646 2091 sactum
1678 2065 1727 2091 est
1760 2058 1944 2102 superius,

1134 2124 1136 2137 s
1162 2111 1259 2147 Qein
1281 2109 1407 2154 stetcfet
1425 2109 1483 2152 ists
1514 2111 1595 2146 benn
1615 2113 1669 2146 bet·
1688 2110 1799 2152 Ἧίαῐῖ,
1835 2112 1982 2144 domum
2015 2111 2063 2143 ire
2091 2122 2175 2143 con-

1163 2163 1261 2196 venit
1277 2161 1498 2195 desinentem
1520 2169 1620 2207 potu.

1265 2223 1342 2257 Vss.
1361 2220 1437 2256 845
1454 2235 1532 2268 sqq.
1574 2222 1680 2257 XLV.
1715 2222 1805 2260 Ἧῖαη
1833 2223 1894 2259 fan
1921 2221 2074 2269 leidfilid)
2100 2222 2174 2258 ube(

1162 2287 1254 2323 etger
1277 2274 1419 2320 macheu.

1265 2328 1329 2362 Est
1353 2327 1454 2360 facile
1487 2325 1655 2358 inclinata
1682 2333 1716 2359 et
1739 2327 1933 2371 pendentia
1960 2328 2005 2360 ad
2029 2327 2171 2360 ruinam

1163 2392 1310 2425 prorsus
1338 2378 1534 2423 impellere.
1598 2377 1778 2412 Usitatum
1807 2385 1858 2412 est
1884 2391 1942 2419 ea,
1979 2390 2070 2424 quae
2096 2379 2173 2410 lan-

1162 2439 1290 2476 guent,
1331 2431 1446 2464 stultis
1486 2429 1732 2464 curationibus
1771 2443 1917 2475 prorsus
1957 2430 2172 2464 exulcerare.

1161 2485 1316 2518 Facilius
1339 2489 1389 2516 est
1407 2484 1609 2522 destruere,
1640 2495 1747 2528 quam
1770 2489 1988 2516 construere.

1266 2544 1342 2578 Vss.
1359 2541 1434 2578 845
1451 2556 1502 2589 sq.
1530 2542 1649 2576 Facile
1673 2549 1724 2577 est
1748 2555 1902 2587 ponere,
1934 2543 2050 2575 facere
2076 2542 2170 2574 male

1959 2596 2014 2630 ber
2037 2596 2078 2630 ba
2104 2593 2172 2629 mot

1197 2699 1246 2726 63)
1268 2700 1343 2723 Haec
1363 2705 1417 2724 vox
1436 2706 1524 2730 neque
1544 2699 1615 2729 apud
1629 2698 1772 2722 Platonem
1792 2703 1880 2728 neque
1899 2697 1982 2721 alium
2001 2696 2169 2727 scriptorem

1233 2734 1383 2760 invenitur.

1608 2769 1652 2801 10
