2341 2973
160 90 230 127 159

156 184 287 211 cerent.
331 175 406 221 (Vs.
428 173 554 221 1026.)
583 173 771 206 Bonorum
791 185 931 217 semper
951 178 1033 205 sunt
1050 171 1158 204 actio-

158 242 218 263 nes
241 234 420 261 rectiores.

261 285 451 321 Vss.1027
469 298 521 330 sq.
567 285 724 318 Facilior
760 285 850 317 actio
880 283 971 315 inter
995 282 1160 315 homines

394 336 607 381 Intelligitur
639 337 680 369 de
714 336 808 368 malo
839 335 984 379 culpae,
1029 334 1063 366 id
1098 339 1160 373 est,

157 390 268 423 virtus
285 395 335 422 est
353 388 531 422 difficilior
548 400 655 433 quam
672 387 812 420 vitium.
867 385 1046 425 Difficilia,
1069 397 1160 430 quae

158 439 318 486 pulchra.
372 440 464 473 Boni
487 439 638 473 difficilis
656 439 815 477 effectio,
843 437 1004 471 structio.
1054 436 1161 469 Multi

157 493 391 538 impelluntur
425 493 466 524 ml
494 492 586 523 mala
616 490 764 522 consilia
792 495 941 533 propter
966 488 1160 521 adversita-

156 551 207 578 tes
237 551 300 577 etc.

158 339 324 372 malitiae.

260 603 336 637 Vss.
359 602 457 638 1029
475 615 526 646 sq.
555 602 588 633 Ο
606 601 745 639 anime,
772 599 819 633 sis
843 599 944 632 ¹'ortis
972 599 1007 631 in
1036 600 1160 631 adver-

157 657 222 697 sis,
259 668 379 700 passus
406 652 665 692 intolerabilia,
703 652 740 684 id
764 657 835 690 est,
878 662 1098 696 quamquam
1125 662 1160 683 es

157 721 281 753 passus
301 705 540 739 intolerabilia
554 731 562 743 ,
591 710 711 736 tamen
730 703 776 736 sis
793 709 972 736 constans.
1009 701 1158 735 Levium

158 772 220 792 cor
239 765 289 792 est
306 757 494 795 mobilius,
523 752 759 801 instabilius]
789 753 841 787 Sit
859 755 986 787 modus
1006 754 1040 785 in
1059 754 1160 786 dolo-

159 811 267 843 ribus.
322 809 558 852 Praeceptum
578 808 620 840 de
640 806 862 839 moderanda
882 805 1119 850 impatientia.

261 869 336 903 Vss.
358 868 450 902 1031
470 880 522 912 sq.
559 867 616 899 Tu
641 867 677 898 in
704 865 856 909 negotiis
883 865 1162 910 impossibilibus

158 934 290 966 augens
323 920 506 958 dolorem,
554 931 597 951 ne
622 917 740 951 oderis
765 930 1005 963 quemqnam,
1046 928 1162 961 neque

157 973 328 1006 molestus
370 971 417 1005 sis
461 968 616 1017 amicis]
661 970 797 1002 Rerum
829 968 1163 1013 irrecuperabilium

159 1037 298 1060 summa
319 1024 467 1057 felicitas
488 1022 640 1059 oblivio,
670 1021 787 1066 inquit
807 1021 951 1054 Seneca.
1007 1019 1070 1053 Est
1085 1031 1162 1053 sen-

160 1077 268 1110 tentia
296 1076 407 1120 patris
427 1072 664 1107 Maximiliani
690 1071 935 1105 Fridericilll.
997 1072 1161 1104 Plautus:

160 1129 282 1161 Bonus
303 1128 444 1159 animus
461 1125 498 1157 in
517 1137 553 1157 re
572 1124 665 1157 mala
682 1123 873 1156 dimidium
892 1130 943 1157 est
961 1123 1057 1156 mali.
1089 1122 1164 1157 ‘Nos

163 1179 362 1212 inlicclesia
383 1178 556 1211 babemus
576 1175 724 1208 meliora
745 1175 851 1209 dicta.
909 1175 972 1208 Ut:
1002 1175 1076 1207 Pax
1095 1174 1164 1206 Dei

159 1238 283 1275 regnet
307 1237 370 1263 etc.
425 1229 531 1262 ltern:
567 1227 819 1261 Humiliamini
845 1228 909 1261 sub
937 1226 1073 1271 potenti
1100 1232 1163 1259 etc.

161 1283 264 1316 ltem:
294 1283 442 1325 Semper
462 1281 626 1313 invocate
652 1285 716 1312 etc.

267 1343 341 1377 Vss.
356 1342 453 1376 1033
464 1360 514 1366 —
526 1339 635 1375 1035.
657 1339 817 1373 Deorum
833 1340 954 1373 satalia
972 1341 1067 1372 (lona
1091 1351 1164 1372 non

162 1397 262 1429 facile
281 1394 388 1428 bomo
408 1400 524 1438 potest
541 1393 715 1436 effugere,
741 1404 856 1437 neque
875 1392 911 1424 in
928 1392 1076 1425 fundum
1103 1403 1165 1434 pa-

163 1447 275 1483 ludis,
298 1447 338 1479 'id
358 1452 429 1485 est,
457 1457 571 1490 neque
592 1443 778 1477 morietur.

265 1506 324 1541 Vs.
344 1506 452 1539 1037.
487 1504 746 1537 Difficillimum
770 1509 821 1536 est
844 1502 1007 1546 decipere
1030 1503 1165 1535 bonum

164 1560 301 1597 virum,
340 1558 471 1591 scilicet
509 1556 592 1602 quia
625 1563 766 1599 tempus
798 1556 935 1598 profert
965 1554 1167 1593 veritatem,

165 1611 294 1643 veritas
323 1610 466 1642 taudem
499 1609 632 1652 patefit.
697 1603 964 1651 χαλεπώτατον
993 1605 1165 1649 significat

165 1664 333 1701 modum,
361 1673 434 1693 non
454 1672 620 1704 poenam.

268 1712 360 1747 Novi
382 1719 415 1745 ct
438 1718 541 1744 antea
570 1717 601 1743 et
630 1710 700 1741 iam
728 1709 855 1741 melius
879 1707 970 1746 scio,
1007 1707 1102 1752 quod
1130 1706 1166 1738 in

166 1766 300 1798 levibus
320 1764 415 1797 nulla
435 1764 479 1796 sit
498 1761 651 1806 fult-5⁵⁸).

269 1824 345 1858 Vss.
374 1823 470 1857 1039
488 1835 540 1868 sq.
583 1821 688 1855 Stulti
714 1819 899 1859 homines,
935 1819 997 1864 qui
1020 1831 1093 1851 non
1116 1818 1167 1851 bi-

167 1879 255 1910 bunt
278 1877 400 1909 vinum
432 1875 595 1907 veniente
618 1880 734 1912 astro,
778 1871 915 1905 Orione
941 1870 1098 1910 oriente,
1136 1876 1168 1903 et

167 1928 326 1962 canicula
345 1925 520 1973 oriente]
553 1926 586 1957 111
615 1932 685 1964 est,
723 1931 882 1968 tempore
910 1929 1037 1956 aestus.
1099 1921 1168 1954 Lo-

168 1981 290 2026 quitur
310 1977 364 2011 bic
384 1980 425 2010 (1(·
446 1985 528 2011 ortu
545 1977 720 2015 cos-mico,
748 1976 893 2021 quando
913 1974 1073 2007 canicula
1099 1974 1169 2006 ori-

168 2040 226 2066 tur
251 2044 329 2063 cum
355 2030 440 2063 sole.
506 2028 619 2077 Τίγγε
644 2025 856 2074 πνεύμονας
879 2027 988 2073 οἴνῳ,
1027 2023 1069 2060 τὸ
1095 2023 1168 2073 γὰρ

169 2084 309 2129 ἄστρον
335 2080 571 2120 ἐπιτέλλεται,
609 2081 641 2112 1(1
669 2087 741 2120 051,
784 2086 917 2113 astrum
943 2079 1014 2110 iarn
1041 2078 1169 2117 oritur,

169 2147 308 2178 semper
333 2132 487 2165 intellexi
511 2134 553 2164 «le
579 2133 782 2176 vespertino
815 2138 996 2175 tempore,
1043 2129 1075 2161 id
1106 2135 1169 2168 051,

169 2188 241 2220 sive
268 2186 336 2217 iam
362 2185 412 2218 sol
442 2184 642 2221 descendit,
677 2181 916 2226 ἐπιτέλλεται,
951 2181 1023 2214 sive
1049 2180 1168 2214 stellae

170 2239 356 2276 oriuntur,
384 2236 416 2267 1(1
436 2242 507 2275 est,
535 2235 732 2268 tribuamus
752 2233 819 2267 1100
846 2241 984 2277 tempus
1007 2230 1167 2265 bilariori

170 2289 356 2328 comivio,
385 2294 449 2321 etc.

276 2340 355 2373 Fuit
381 2338 521 2383 Lipsiae
550 2336 745 2371 monachus
769 2336 1026 2369 Franciscanus
1051 2335 1170 2374 Fleck,

172 2394 270 2426 cuius
290 2397 485 2424 narrantur
502 2388 602 2421 11111111
622 2388 708 2428 ioci,
746 2389 855 2421 multa
882 2389 987 2421 etiam
1015 2387 1170 2431 graviter

172 2445 263 2477 dicta
279 2471 287 2483 ,
316 2445 387 2476 imo
407 2449 457 2476 cst
481 2442 562 2481 iste,
598 2440 650 2473 cui
678 2453 755 2473 cum
783 2440 816 2472 in
842 2453 969 2473 manus
994 2439 1167 2473 venissent

174 2495 437 2539 propositiones
457 2492 605 2526 Martini
633 2489 779 2523 Lutlwri
808 2491 961 2535 primum
987 2492 1030 2523 (10
1057 2491 1166 2524 111(1111-

209 2651 258 2676 88)
281 2647 346 2672 Novi
368 2659 399 2663 —
420 2647 512 2674 fides]
534 2646 629 2669 Verba
647 2650 748 2675 graeca
774 2643 815 2667 sic
840 2643 865 2667 in
887 2643 932 2667 tat.
953 2643 1092 2667 translata
1112 2641 1172 2665 vide

244 2689 327 2712 snpra
347 2690 370 2711 p.
386 2683 428 2706 4⁴.
449 2683 514 2703 nota
529 2681 571 2704 Μ.
593 2679 671 2704 Νυνὶ
689 2688 722 2701 z:
740 2676 823 2712 ᾔδεα,
855 2684 934 2708 quam
961 2678 1103 2702 lectionem
1123 2677 1172 2702 Ed.

247 2719 335 2743 Gaisf.
355 2717 461 2741 exhibet

748 85 869 120 PHIL.
898 84 1009 119 MEL.
1046 84 1248 119 SCRIPTA
1275 82 1614 119 PHILOLOGICA.

2145 84 2218 118 160

1213 171 1340 215 gentiis
1365 170 1500 210 editae,
1535 182 1614 203 cum
1644 175 1733 203 esset
1755 168 1792 201 in
1814 168 1919 201 exilio
1947 180 2022 200 non
2046 169 2172 212 procul
2197 180 2217 202 a

1212 222 1420 262 Bitterfcld,
1467 221 1549 266 quia
1583 233 1657 254 non
1690 221 1832 253 volebat
1859 219 2011 264 amplius
2036 220 2217 253 celebrare

1214 274 1356 313 missas,
1386 285 1465 306 cum
1493 272 1682 318 aliquoties
1705 285 1764 305 eas
1787 271 1947 315 legisset,
1982 270 2087 304 dixit:
2124 272 2158 308 D
2186 270 2218 316 it

1214 325 1374 371 ffltiindpe,
1409 335 1442 360 et
1468 323 1506 368 ist
1529 325 1659 367 tomen,
1693 325 1768 359 bete
1791 322 1862 368 eud)
1887 322 1969 368 t12un
1993 322 2088 358 mitt).
2154 320 2218 356 Ille

1214 377 1329 416 venit,
1372 377 1433 422 qui
1457 377 1615 409 destruet
1644 373 1852 408 monachos.
1918 372 1979 406 Ille
2006 371 2218 415 monachus,

1214 441 1294 462 cum
1319 428 1577 460 reformaretur
1598 426 1856 460 monasterium
1879 425 2218 466 Franciscanorum‚

1213 480 1281 513 fuit
1297 492 1441 525 quoque
1458 477 1621 523 Lipsiae,
1649 477 1738 511 dixit
1757 479 1801 510 ad
1816 477 1988 522 populum
2004 491 2010 509 z
2046 475 2122 520 Ego
2144 476 2218 510 scio

1214 538 1335 564 tamen
1353 544 1415 564 vos
1434 531 1522 563 velle
1539 531 1646 574 scire,
1675 529 1761 576 quid
1778 528 1837 563 11ἰο
1854 535 1963 573 agant
1978 528 2094 562 nostri
2118 527 2219 572 prin-

1215 583 1328 627 cipes,
1351 583 1486 628 etquid
1507 583 1591 615 velit
1608 582 1666 614 illa
1687 581 1916 620 reformatio,
1944 580 2073 613 dicam.
2124 580 2218 612 Ante

1186 648 1189 653 ’
1214 635 1508 667 reformationem
1540 634 1750 667 bibebamus
1780 633 1915 666 bonum
1949 631 2072 664 vinum
2097 636 2131 663 et
2154 631 2218 664 bo-

1214 698 1297 718 nam
1317 686 1523 719 cerevisiam
1544 698 1585 719 ex
1611 683 1790 720 cantharis
1819 690 1852 717 et
1878 683 2015 723 urceis,
2047 693 2144 716 nunc
2165 681 2220 714 bi-

1214 738 1338 771 bemus
1353 744 1489 771 tantum
1515 751 1556 770 ex
1580 737 1713 776 urceis,
1750 742 1783 769 et
1809 735 1877 768 erit
1898 735 2047 768 bonum.
2101 733 2218 766 Antea

1216 790 1491 822 comedebamus
1510 801 1653 822 carnem
1672 795 1825 823 assatam
1843 786 1930 819 foris
1949 791 1984 819 et
2002 785 2109 824 intus,
2124 796 2219 817 nunc

1216 842 1444 874 comedemus
1461 853 1534 874 non
1552 841 1646 874 intus
1659 867 1667 880 ,
1695 841 1756 874 sed
1770 839 1878 879 foris,
1913 844 1946 870 et
1963 843 2014 871 est
2030 836 2138 871 etiam
2155 836 2219 869 bo-

1215 905 1321 933 nnm,
1350 899 1383 926 et
1401 893 1586 938 aliquanto
1614 892 1750 925 melius.
1810 892 1925 924 Antea
1948 888 2159 922 lavabamus
2181 887 2220 920 in

1215 945 1352 978 balneis
1379 945 1510 978 nostris
1535 944 1571 976 in
1598 944 1838 982 monasterio,
1880 947 1913 974 et
1945 946 1996 974 est
2022 940 2130 972 etiam
2156 939 2220 972 bo-

1216 1008 1316 1030 num.
1376 996 1491 1029 Antea
1514 996 1705 1029 studebant
1732 994 1863 1039 aliqui,
1906 998 1945 1026 ut
1977 997 2123 1036 possent
2146 1001 2220 1024 esse

1216 1048 1320 1080 utiles
1345 1048 1437 1080 vitae
1463 1054 1496 1080 et
1510 1046 1697 1086 Ecclesiis,
1732 1044 2060 1083 concionabantur,
2085 1048 2119 1075 et
2144 1048 2221 1075 erat

1216 1099 1365 1132 bonum.
1418 1098 1521 1132 Nunc
1539 1097 1712 1132 habemus
1730 1100 1939 1132 mandatum
1953 1125 1962 1139 ‚
1990 1105 2030 1132 ut
2055 1096 2146 1131 nihil
2168 1098 2221 1132 di-

1217 1162 1375 1189 scamus,
1405 1156 1439 1182 et
1457 1148 1524 1183 boc
1545 1162 1617 1183 non
1638 1156 1688 1184 est
1704 1150 1853 1184 bonum.
1907 1151 2062 1184 Taxavit
2078 1151 2126 1184 ita
2156 1148 2221 1196 hy-

1217 1202 1375 1246 pocrisin
1402 1214 1546 1241 eorum,
1588 1201 1649 1247 qui
1679 1202 1818 1245 fingunt
1849 1202 2085 1245 nugacissima
2111 1213 2222 1246 opera

1219 1255 1273 1286 vel
1300 1254 1601 1294 cerernonicolas,
1627 1260 1662 1286 et
1686 1253 1858 1287 omittunt
1881 1253 2078 1287 necessaria
2104 1253 2223 1287 studia

1219 1312 1284 1339 etc.
1338 1305 1414 1338 Hoc
1433 1305 1588 1349 pertinet
1607 1306 1651 1338 ad
1674 1305 1773 1337 illam
1800 1305 2014 1338 sententiam
2031 1304 2220 1351 Oseae⁸⁹):

1219 1356 1334 1399 Magis
1368 1357 1449 1389 volo
1474 1356 1657 1390 scientiam
1685 1356 1752 1388 Dei
1778 1368 1885 1401 quam
1918 1354 2127 1396 holocausta
2156 1362 2222 1390 etc.

1219 1408 1301 1441 Fuit
1318 1405 1467 1452 pulchra
1486 1405 1718 1451 reprehensio
1734 1405 1966 1452 hypocriseos
1982 1413 2017 1440 et
2030 1407 2223 1452 neglectio—

1219 1460 1274 1493 nis
1306 1471 1426 1492 rerum
1449 1459 1749 1498 necessariarum,
1784 1465 1824 1492 ut
1856 1460 2058 1493 studiorum
2091 1458 2223 1492 doctri-

1219 1524 1287 1545 nae
1308 1518 1373 1545 etc.

1647 1569 1800 1604 XLVIII.

1324 1632 1402 1665 Vss.
1431 1630 1525 1665 1041
1545 1644 1621 1676 sqq.
1657 1629 1796 1663 [ronica
1825 1626 2057 1674 reprehensio
2084 1642 2223 1672 eorum,

1221 1684 1284 1730 qui
1302 1696 1375 1716 non
1395 1684 1599 1717 afficiuntur
1617 1681 1866 1716 communibus
1883 1681 2157 1723 calamitatibus,
2184 1687 2225 1715 ut

1221 1736 1313 1769 latro
1338 1736 1528 1768 damnatus
1555 1735 1591 1767 in
1614 1746 1736 1775 cruce,
1776 1733 1867 1767 risus
1890 1733 2087 1768 Sardonius
2121 1733 2224 1779 impii

1222 1787 1371 1820 latronis
1390 1787 1579 1831 pendentis
1598 1786 1634 1818 in
1655 1798 1768 1819 cruce.

1325 1847 1403 1881 Vss.
1423 1846 1701 1881 1043—-1046.
1730 1845 1899 1880 Custodia
1918 1845 2015 1879 urbis
2035 1844 2102 1878 erit
2117 1856 2223 1878 curae

1224 1900 1439 1933 custodibus.
1487 1897 1729 1946 Ἀστυφέλης,
1764 1896 2048 1942 inexpugnabilis
2070 1897 2154 1930 urbs
2179 1896 2224 1929 ab

1224 1965 1246 1985 α
1263 1958 1296 1984 et
1314 1948 1522 1998 στυφελίζω
1540 1951 1724 1989 0011011110,
1753 1948 1966 1995 [quasso³⁰),
2002 1949 2103 1995 quasi
2126 1948 2224 1994 quod

1224 2004 1364 2036 concuti
1392 2010 1425 2035 ct
1449 2002 1644 2046 expugnari
1673 2014 1745 2034 nun
1773 2007 1905 2045 potest,
1941 2012 2015 2033 non
2041 2000 2085 2033 ab
2109 1999 2223 2039 ἄστυ;

1224 2056 1444 2088 inconcussa.
1499 2053 1601 2086 Certe
1620 2053 1648 2087 si
1674 2054 1752 2098 quis
1780 2050 1909 2085 horum
1934 2052 2115 2086 involutus
2140 2053 2224 2085 dor-

1224 2107 1308 2146 mit,
1343 2112 1502 2139 nostram
1531 2105 1743 2137 cantilenam
1773 2104 1921 2149 accipiet
1948 2104 2120 2138 celeriter.
2173 2103 2224 2140 &6

1222 2159 1288 2203 (ein
1307 2168 1370 2193 nuc
1388 2156 1542 2200 fiutflein.

1327 2218 1403 2252 Vss.
1424 2217 1520 2251 1047
1539 2230 1590 2262 sq.
1627 2216 1729 2250 Nunc
1752 2217 1968 2250 delectemur
1996 2213 2144 2260 pulchra
2167 2227 2223 2248 ca-

1224 2277 1366 2309 nentes,
1409 2269 1581 2301 dicentes:
1636 2268 1717 2302 Non
1750 2268 1948 2302 afficiamur
1978 2280 2062 2301 cura
2101 2278 2222 2300 rerum

1224 2329 1469 2356 venturarum.

1328 2381 1405 2415 Vss.
1426 2380 1581 2415 1049-
1594 2379 1702 2415 1054.
1732 2380 1814 2413 Tibi
1833 2386 2002 2426 tanquam
2021 2376 2130 2411 charo
2149 2377 2223 2411 filio

1225 2446 1410 2479 suggeram
1443 2433 1535 2466 bona
1550 2461 1558 2473 ,
1600 2440 1636 2466 tu
1668 2433 1705 2465 iu
1739 2432 1860 2465 animo
1891 2442 2007 2476 pone,
2049 2436 2223 2476 tanquam

1226 2498 1444 2531 properans,
1474 2485 1507 2517 id
1527 2491 1595 2524 est,
1624 2485 1758 2519 subitos
1778 2483 1930 2528 impetus
1948 2494 2049 2527 rege,
2076 2493 2150 2514 non
2167 2493 2224 2514 ex·

1228 2540 1322 2583 pleas
1343 2537 1478 2571 subitos
1496 2537 1666 2581 impetus,
1695 2547 1768 2569 non
1785 2541 1892 2568 ruant
1910 2546 2036 2568 manus
2054 2539 2087 2567 ct
2106 2533 2225 2578 pedes,

1259 2664 1308 2693 89)
1328 2664 1393 2689 Hos.
1407 2664 1432 2694 6,
1450 2663 1476 2688 6.

1261 2706 1308 2739 90)
1327 2707 1443 2738 quasso]
1463 2706 1512 2730 Ed.
1530 2705 1603 2730 1560.
1624 2705 1709 2730 mate:
1735 2710 1864 2736 quaesso.
