2421 3005
46 80 90 114 17
378 68 521 105 LXXVI
527 68 551 104 l.

95 165 198 201 Nunc
216 161 361 208 quidem
379 157 447 194 hac
462 168 632 204 sequere,
661 156 858 203 aliquando
883 154 973 188 alius
993 166 1048 186 ro-
1076 166 1078 190 ᾗ

458 211 535 243 lore
557 209 641 250 fias,
1077 219 1079 250 3

149 266 283 302 Celeris
299 263 452 299 mutatio
468 261 613 308 quidem
630 260 804 306 sapientia
825 265 875 293 est
894 270 1050 292 morum.
1077 252 1079 289 l

96 320 221 366 Neque
257 317 365 352 nimis
407 314 617 358 indignare,
671 326 751 347 curn
793 312 1052 357 perturbantur

468 378 581 405 cives,

46 424 121 461 220
150 423 285 468 Cyrne;
331 420 449 454 media
473 424 592 452 autem
617 429 724 463 perge
751 416 825 457 via,
867 415 1052 462 quomodo
1080 427 1082 462 l

468 483 545 515 ego.
1080 463 1082 504 ξ

99 524 272 573 Quisquis
306 524 451 571 quidem
476 528 580 568 putat
604 522 809 567 proximum
837 533 940 555 suum
966 518 1054 553 scire
1081 521 1083 558 ξ

462 572 575 614 nihil,
1082 574 1083 607 l

153 630 222 664 Sed
237 641 273 663 se
284 628 329 675 15)
348 628 423 673 ipse
441 627 557 661 solum
575 625 673 658 varia
694 624 841 658 consilia
862 622 1011 656 habere:

99 681 161 716 Ille
178 693 264 716 sane
283 692 407 714 amens
424 685 493 719 est,
522 683 640 711 mente
658 677 820 722 privatus
841 676 953 713 bona;

153 735 277 780 Aeque
296 733 392 766 enim
413 742 536 764 omnes
553 730 651 763 varia
667 729 809 763 scimus.

52 784 126 822 225
155 785 222 819 Sed
255 782 313 818 hic
344 783 489 830 quidem
522 793 595 815 non
631 782 704 815 vult
735 788 856 825 turpes
890 784 1059 825 quaestus

476 846 595 880 sequu

157 888 271 922 Alteri
289 899 373 921 vero
389 913 397 926 ,
426 886 500 919 doli
519 884 632 929 magis
651 884 811 919 infideles
831 884 981 929 placent.

105 940 325 974 Divitiarum
343 944 462 973 autem
482 938 602 971 nullus
627 942 675 971 esi
700 937 779 970 finis
804 943 920 969 certus
945 934 1060 969 bomi-

468 991 590 1027 nibus;

159 1043 231 1090 Qui
249 1043 344 1077 enim
362 1054 457 1076 nunc
476 1055 515 1076 ex
540 1041 643 1075 nobis
661 1040 837 1085 plurimas
855 1038 989 1074 habent
1013 1039 1063 1071 fa-

480 1094 628 1127 cultates
640 1120 648 1133 ,

108 1147 228 1193 Duplo
255 1159 385 1192 augere
408 1159 465 1181 eas
489 1151 707 1191 properant;
741 1145 906 1190 quisnam
929 1150 1065 1178 satura-

475 1198 568 1231 verit
590 1196 740 1230 omnes?

60 1251 135 1287 230
164 1250 261 1295 Opes
271 1250 315 1297 ¹⁶)
333 1250 478 1296 quidem
497 1249 712 1282 mortalibus
729 1254 812 1282 sunt
834 1248 1003 1281 amentia.

110 1305 177 1337 Ate
188 1302 235 1347 ¹⁷)
253 1308 372 1335 autern
390 1301 511 1335 statim
530 1300 692 1343 emergit,
717 1311 825 1345 quam
844 1312 923 1333 cum
935 1298 1069 1343 Iupiter

162 1352 283 1386 Mittet
303 1352 572 1391 laborantibus,
602 1351 688 1386 alias
708 1352 797 1384 alius
815 1348 934 1385 habet.

111 1405 186 1439 Arx
203 1411 237 1438 et
254 1404 364 1438 turris
381 1403 444 1450 qui
458 1409 535 1437 erat
552 1403 661 1437 stulto
679 1403 815 1448 populo
829 1429 837 1443 ,

166 1456 303 1502 Cyrne,
341 1456 524 1490 modicum
550 1453 725 1489 bonorem
753 1454 985 1501 consequitur
1008 1455 1070 1487 bo-

475 1520 542 1541 nus
561 1519 628 1542 v1r.

62 1560 138 1598 235
166 1561 292 1607 Neque
320 1560 474 1605 amplius
506 1561 604 1593 docet
638 1572 723 1599 nos,
765 1558 939 1593 nimirum
976 1558 1072 1593 viros

489 1612 625 1652 salvos,

168 1664 321 1699 Diruere
362 1671 536 1710 tanquam
580 1662 733 1697 civitatis
776 1663 918 1696 moenia
966 1675 1073 1708 expu-

487 1717 663 1759 gnandae.

117 1767 201 1802 Tibi
220 1767 365 1813 quidem
384 1779 448 1812 ego
470 1767 544 1801 alas
567 1767 668 1806 dedi,
706 1778 786 1799 cum
812 1766 942 1811 quibus
968 1779 1074 1812 super

487 1831 702 1852 immensum
724 1829 823 1850 mare

168 1869 335 1909 Volabis,
363 1882 428 1914 per
445 1876 578 1903 terram
600 1882 744 1903 omnem
764 1869 924 1903 sublatus

116 1922 254 1960 Facile;
284 1922 399 1966 epulis
416 1935 501 1956 vero
521 1929 554 1956 et
571 1922 745 1956 conviviis
762 1921 879 1954 aderis

67 1974 142 2010 240
171 1972 210 2007 ln
232 1973 419 2014 omnibus,
447 1975 646 2007 multorum
665 1985 812 2007 versans
827 1973 864 2005 in
881 1972 1014 2005 oribus.

119 2025 165 2060 Et
179 2032 212 2059 te
230 2038 310 2060 eum
326 2025 422 2060 tibiis
440 2026 583 2060 canoris
602 2025 747 2060 iuvenes
765 2025 834 2057 viri

171 2076 211 2111 ln
228 2078 366 2112 mundo
388 2078 559 2111 amabiles
576 2076 725 2111 honesta
747 2083 779 2110 et
796 2076 917 2111 suavia

121 2130 276 2169 Canent3
322 2137 356 2164 et
382 2137 574 2176 postquam
602 2130 809 2163 tenebrosas
833 2129 897 2163 sub
921 2127 1076 2160 latebras

482 2189 599 2215 terrae

171 2232 301 2273 Iveris,
329 2234 508 2268 luctuosas
527 2234 564 2266 in
582 2233 675 2266 Ditis
695 2234 839 2265 domos:

68 2284 143 2321 245
172 2285 389 2331 Nunquam,
425 2297 469 2318 ne
491 2292 656 2319 mortuus
680 2286 813 2331 quidem
837 2282 977 2316 amittes
1003 2282 1075 2326 glo-

491 2338 582 2370 riam
595 2364 603 2377 ,
632 2349 748 2382 neque
771 2335 897 2369 latebis
909 2362 916 2374 ,

172 2388 379 2422 [inmortale
395 2386 603 2423 hominibus
616 2401 758 2433 semper
775 2386 912 2421 habens
931 2397 1077 2424 nomen,

107 2548 152 2576 15)
173 2548 219 2576 se]
242 2547 269 2570 in
289 2546 337 2570 Ed.
354 2545 429 2571 1570.
450 2545 539 2570 deest.

108 2601 153 2628 ιε)
173 2600 262 2630 oves]
287 2597 328 2622 sto
359 2600 410 2628 t:
434 2598 558 2629 Theogn.
583 2595 729 2629 χρήματα)
756 2595 840 2619 aaut.
865 2594 955 2623 iser,
991 2593 1077 2623 1563.‚
1103 2582 1105 2639 ζ

613 64 1015 104 INTERPRETATIO
1052 63 1440 101 SENTENTIARUM
1477 62 1785 99 THEOGNIDIS.

2063 66 2107 99 18

1158 153 1297 198 Cyrue,
1327 163 1390 196 per
1409 150 1600 185 Graeciam
1626 157 1759 184 terrain
1785 163 1952 191 versans,
1989 159 2021 185 et
2048 165 2110 197 per

1521 202 1655 236 insulas
1669 230 1676 241 ,

1210 256 1356 291 Piscoso
1374 254 1552 290 transiens
1568 254 1661 287 mari
1679 254 1715 287 in
1735 255 1866 295 sterili,

1158 308 1241 344 Non
1259 320 1434 355 equorum
1456 307 1562 351 tergis
1579 306 1756 343 insidens,
1784 308 1843 341 sed
1862 314 1895 340 te
1912 307 2053 342 mittent

1107 359 1182 396 250
1211 361 1404 406 Splendida
1418 358 1461 406 ¹⁸)
1487 359 1672 392 Musarum
1706 360 1800 391 (lona
1833 359 1934 393 violis
1965 373 2116 394 corona-

1526 418 1643 444 tarum
1658 409 1714 455 ¹²³).

1161 464 1340 498 Omnibus
1362 464 1478 504 enim,
1514 463 1644 508 quibus
1669 474 1774 496 curae
1801 469 1872 502 est,
1909 470 1940 496 et
1967 466 2116 508 posteris

1534 527 1678 548 carmen
1693 542 1701 553 ,

1213 567 1294 602 Eris
1314 581 1413 609 cum,
1441 569 1556 601 donec
1572 573 1668 601 terra
1690 573 1724 600 et
1743 566 1794 600 sol
1813 571 1924 600 erunt.

1165 620 1356 655 Caeterum
1381 633 1446 665 ego
1472 620 1652 653 modicam
1679 631 1697 652 a
1725 624 1759 651 te
1786 630 1988 664 consequor
2020 630 2075 652 rex
2087 630 2119 651 e-

1531 671 1702 705 rentiam:

1217 724 1315 769 Quin
1343 731 1516 770 tanquam
1544 723 1711 768 pusillum
1739 734 1890 766 puerum
1918 722 2035 756 verbis
2068 735 2122 755 mo

1533 775 1679 819 decipis.

1114 826 1190 865 255
1220 826 1509 862 Pulcherrimum
1534 832 1584 861 es!
1608 829 1663 867 id,
1691 827 1777 872 quod
1799 830 1847 858 est
1871 824 2122 864 iustissimum;

1537 878 1714 923 optimum
1737 888 1821 909 vero
1844 882 1895 910 est
1911 878 2040 912 valere.

1221 933 1291 967 Res
1325 944 1409 965 vero
1441 931 1696 965 iucundissima
1728 935 1778 962 est
1814 928 1847 961 id
1863 955 1871 967 ‚
1914 930 2009 973 quod
2049 931 2126 976 quis

1539 989 1658 1021 amat,
1689 980 1841 1026 assequi.

1171 1036 1273 1082 Equa
1292 1048 1356 1080 ego
1373 1038 1454 1070 'sum
1476 1033 1647 1081 pulchra,
1683 1040 1716 1066 et
1745 1034 1930 1073 certatrix,
1965 1036 2024 1068 sed
2053 1048 2129 1080 pes—

1543 1098 1674 1121 Sllnllm

1224 1139 1351 1172 Virum
1367 1140 1463 1178 fero,
1493 1145 1527 1171 et
1544 1137 1633 1171 mibi
1655 1136 1721 1170 boc
1742 1137 2046 1172 molestissimum.

1173 1191 1286 1235 Saepe
1304 1192 1465 1234 profecto
1484 1190 1637 1234 cogitavi
1656 1189 1849 1232 effringens
1867 1190 2008 1223 frenum

1122 1243 1198 1279 260
1225 1243 1385 1287 Fugere,
1415 1242 1596 1276 excutiens
1616 1242 1752 1274 malum
1771 1241 1946 1284 aurigam.

1176 1295 1259 1330 Non
1287 1292 1376 1327 mihi
1400 1294 1536 1328 bibitur
1563 1294 1710 1333 vinum,
1746 1298 1938 1338 postquam
1965 1294 2009 1326 ad
2036 1295 2134 1339 puel—

1546 1347 1617 1379 lam
1635 1352 1794 1379 teneram

1228 1398 1330 1432 Alius
1348 1397 1402 1430 vir
1418 1394 1575 1437 habitat,
1604 1398 1718 1430 multo
1736 1410 1793 1429 me
1815 1396 1935 1440 peior,

1177 1450 1361 1494 Frigidam
1381 1447 1470 1482 mihi
1487 1450 1582 1494 apud
1598 1461 1675 1482 eam
1691 1446 1789 1481 chari
1809 1447 1939 1481 bibunt
1957 1456 2136 1493 parentes,

1231 1503 1353 1548 Quare
1373 1502 1480 1535 simul
1499 1507 1675 1547 aquatur,
1712 1507 1746 1533 et
1763 1513 1819 1533 me
1838 1500 2040 1536 lamentans
2059 1502 2138 1536 fert.

1127 1553 1202 1591 265
1229 1554 1304 1588 Illic
1338 1554 1494 1587 mediam
1527 1556 1637 1598 ipsam
1664 1553 1820 1597 puellam
1847 1552 2032 1597 amplexus
2058 1554 2138 1587 bra-

1543 1604 1643 1646 chio,
1673 1605 1852 1639 osculatus
1871 1617 1950 1639 sum

1234 1660 1394 1697 Collum3
1415 1659 1473 1691 illa
1492 1670 1578 1692 vero
1596 1664 1759 1691 tenerum
1778 1657 1994 1703 loquebatur
2010 1670 2051 1691 ex
2068 1670 2141 1692 ore.

1181 1711 1442 1757 Cognoscibilis
1456 1717 1505 1745 est
1522 1722 1608 1745 sane
1627 1716 1840 1755 paupertas,
1870 1716 1904 1742 et
1928 1710 2043 1744 aliena
2071 1711 2141 1743 exi-

1551 1768 1663 1800 stens;

1232 1815 1358 1862 Neque
1377 1815 1472 1848 enim
1492 1815 1529 1847 in
1545 1815 1665 1847 forum
1684 1814 1802 1854 venit,
1831 1825 1946 1858 neque
1963 1813 2107 1848 iudicia.

1182 1868 1327 1914 Ubique
1359 1868 1454 1900 enim
1491 1867 1647 1900 deterius
1679 1863 1805 1905 habet,
1848 1865 1982 1911 ubique
2006 1872 2040 1898 et
2061 1878 2140 1911 per-

1551 1924 1676 1956 mista;

1130 1971 1207 2006 270
1234 1971 1378 2017 Ubique
1404 1983 1489 2004 vero
1515 1970 1661 2004 inimica
1685 1969 1792 2004 simul
1821 1975 1892 2010 est,
1936 1970 2141 2015 ubicunque

1548 2023 1668 2056 fuerit.

1182 2074 1392 2120 Aequaliter
1411 2086 1496 2108 sane
1514 2074 1582 2108 alia
1602 2073 1747 2119 quidem
1767 2072 1826 2105 Dii
1845 2073 2056 2108 mortalibus
2078 2071 2142 2106 ho-

1558 2125 1735 2163 minibus,

1235 2177 1535 2223 Senectutemque
1570 2188 1737 2221 gravem,
1773 2182 1807 2209 et
1833 2176 2055 2209 iuventutem
2081 2177 2140 2209 de—

1551 2229 1700 2265 derunt:

1183 2281 1358 2316 Omnium
1384 2294 1469 2315 vero
1489 2281 1682 2326 pessimum
1705 2280 1799 2314 inter
1821 2278 2007 2319 homines,
2043 2291 2138 2312 mor-

1552 2340 1659 2379 teque

1234 2385 1280 2418 Et
1301 2386 1468 2419 omnibus
1486 2386 1624 2420 morbis
1641 2390 1692 2419 est
1707 2383 1879 2429 nequius,

1130 2435 1206 2473 275
1235 2437 1386 2471 Liberos
1402 2444 1594 2484 postquam
1619 2435 1845 2475 educaveris,
1881 2440 1915 2467 et
1937 2433 2134 2468 necessaria

1103 2494 1105 2538 ξ
1546 2489 1666 2523 omnia
1686 2486 1914 2533 praebueris,

1167 2624 1213 2651 18)
1234 2621 1399 2652 Splendida]
1419 2621 1458 2643 sic
1486 2619 1531 2650 (z
1553 2621 1672 2647 Theona.
1693 2614 1800 2649 ἀγλαοὶ)
1823 2616 1906 2640 Editt.
1932 2617 2126 2642 1563—1581.

143 2634 353 2662 ¹570—t531.;
378 2633 427 2657 Ed.
445 2633 519 2656 1564.
541 2633 655 2657 Omnes.

107 2686 152 2717 17)
173 2683 237 2716 Ate]
264 2684 303 2707 sic
329 2686 378 2713 (ε
398 2684 518 2714 Theogn.
535 2681 616 2715 Ἄτη)
642 2683 727 2708 Editt.
751 2681 842 2711 ¹561„
871 2679 963 2712 ¹563.‚
992 2679 1077 2707 1576„

142 2721 235 2749 1581.;
264 2718 347 2742 Editt.
364 2719 459 2746 ¹564,
481 2718 554 2742 ¹570.
575 2719 646 2742 male
665 2716 840 2741 disiunctim:
866 2715 890 2738 Α
910 2715 946 2740 to.

72 2764 257 2794 Mummi.
282 2760 389 2791 OPER.
414 2760 499 2791 Vm„
525 2761 619 2792 xlx.

1200 2658 1251 2682 Ed.
1268 2657 1342 2680 1561.
1363 2655 1522 2686 splendido.

1103 2706 1105 2727 ῑ
1168 2711 1212 2738 19)
1233 2708 1444 2736 coronatarum]
1465 2707 1513 2730 Ed.
1531 2706 1605 2730 1561.
1624 2705 1721 2729 mendo
1743 2705 1869 2734 typogm
1901 2705 2102 2728 coronatorum,

1650 2743 1671 2775 2
