2341 2973
159 103 234 138 347

159 189 330 229 eximius,
367 188 429 234 qui
446 187 584 221 Graeca
615 187 773 220 carmina
790 185 1093 232 Euphorionisffi)
1122 185 1159 218 in

157 241 326 275 Latinam
352 239 513 284 linguam
538 239 742 279 transtulit,
785 246 819 273 et
842 251 924 272 suos
947 249 1088 272 amores
1115 238 1158 271 de

159 291 373 338 Cytheride,
401 303 511 337 quam
528 290 702 335 Virgilius
728 292 810 324 ficto
833 290 980 323 nomine
999 289 1158 335 Lycorin

157 344 334 389 appellat,
375 343 476 377 libris
510 349 667 390 quatuor
700 343 905 387 complexus
940 348 1003 376 est.
1071 341 1160 375 Erat

156 407 301 442 quoque
318 394 477 440 primum
488 394 648 440 Augusto
667 393 977 428 familiarissimus.
1018 393 1159 427 Deinde
1185 395 1186 421 ἲ

156 453 307 493 propter
332 446 573 492 suspicionem
596 446 857 480 coniurationis
883 445 928 478 ab
954 446 1079 479 eodem
1106 445 1160 478 in-

156 499 269 533 terfici
288 499 402 533 iussus
421 506 483 534 est.

156 552 209 585 bit
231 551 403 595 Virgilius
433 551 470 583 in
501 551 570 584 fine
602 549 722 596 quarti
748 549 1065 596 Georgicorumm)
1094 549 1159 583 sub

156 603 277 637 fabula
293 603 461 637 Aristaei.
515 601 622 636 Extat
640 608 675 635 et
692 602 841 646 insignis
859 603 958 636 locus
976 602 1072 646 apud
1086 601 1160 634 Pli-

156 655 258 689 nium
276 654 336 688 lib.
354 654 458 701 7.‘²⁵).
486 653 587 687 Ordo
605 651 712 688 huius
729 653 885 699 Eclogae
904 660 967 687 est.
1020 653 1160 687 Princi-

155 707 217 751 pio
243 706 392 750 ponitur
418 706 602 740 invocatio
627 718 707 739 cum
731 705 993 751 propositione.
1048 704 1159 738 Inter-

1185 452 1186 485 }
1211 444 1289 478 Deo
1317 444 1551 485 defendatur,

536 498 590 532 De
615 496 721 532 huius
747 498 913 532 laudibus
937 498 1050 532 multa
1075 497 1160 532 scri·
1185 493 1186 534 ἶ

155 764 249 792 serta
269 764 320 791 est
336 757 517 802 precatio,
544 770 635 804 quae
652 758 799 802 proprie
824 759 868 791 ad
891 757 1158 790 invocationem
1185 770 1187 781 2

155 809 324 855 pertinet.
353 808 492 843 Deinde
512 810 673 855 sequitur
692 809 830 854 integra
850 808 1042 853 descriptio
1060 820 1159 841 amo-

155 861 204 894 ris
222 861 330 895 Galli.
383 860 481 894 Haec
497 859 606 895 habet
629 861 773 895 initium
800 862 844 895 ab
870 858 1088 906 apostrophe
1115 861 1159 893 ad

155 910 364 958 Nymphas,
392 913 430 946 in
450 925 521 959 qua
540 919 592 947 est
610 914 787 959 quaedam
810 913 1076 946 commiseratio
1101 913 1160 945 de-

156 964 289 1010 perditi
305 964 412 999 Galli.

157 1120 323 1164 congerie
349 1132 429 1153 cum
454 1120 630 1154 sententia
658 1120 815 1165 generali
838 1121 880 1153 de
915 1131 1052 1154 amore.

157 1172 270 1205 altera
284 1178 388 1216 parte
405 1170 512 1206 huius
528 1171 684 1217 Eclogae
702 1172 849 1216 fingitur
869 1171 995 1205 Gallus
1012 1183 1161 1217 respon-

157 1224 262 1264 dere,
291 1235 398 1270 quem
418 1224 499 1258 ideo
520 1230 625 1269 poeta
643 1224 851 1270 loquentem
869 1223 1086 1264 introducit,
1123 1229 1163 1257 ut

157 1275 272 1320 magis
290 1282 404 1320 ponat
427 1277 472 1310 ob
498 1277 620 1310 oculos
643 1274 804 1310 hominis
828 1275 1020 1310 insaniam.
1082 1275 1162 1309 Pri-

159 1340 259 1361 mum
277 1327 443 1371 deplorat
460 1340 561 1362 suam
581 1328 839 1362 conditionem.

160 1385 256 1423 ptat,
284 1391 456 1424 quorsum
476 1392 512 1413 se
537 1380 717 1420 conferat,
745 1379 943 1413 evitaturus
968 1386 1002 1412 et
1026 1379 1163 1412 levatu-

466 965 637 1011 Sequitur
661 964 845 1009 congeries
871 966 1023 1009 figurata
1046 963 1160 1009 poeti·
1186 975 1187 1002 1

157 1016 206 1050 cis
230 1015 373 1061 figuris,
408 1017 542 1051 multos
567 1016 743 1057 extitisse,
778 1017 841 1062 qui
865 1016 1042 1049 fleverunt
1067 1016 1160 1050 insa-
1186 1023 1188 1052 ;
1214 1011 1266 1038 est
1288 1006 1497 1046 nominata,
1532 1006 1600 1040 fuit
1625 1013 1753 1051 poeta,
1783 1004 1894 1039 homo
1918 1006 2022 1039 valde
2045 1004 2218 1044 eruditus,

156 1080 244 1102 num
263 1067 360 1102 Galli
376 1080 551 1102 amorem.
590 1068 723 1102 Addita
743 1075 795 1102 est
812 1067 1012 1102 consolatio
1028 1067 1066 1100 in
1083 1067 1160 1112 ipsa
1215 1057 1351 1091 amicus
1374 1057 1530 1102 Virgilii·

1121 1111 1188 1152 ln¹

892 1327 1034 1361 Deinde
1052 1327 1162 1361 disce·
1188 1336 1190 1347 ²

160 1443 221 1464 rus
246 1442 426 1471 amorem,
462 1437 495 1464 et
524 1432 643 1465 statim
671 1432 772 1465 addit
792 1431 968 1476 insignem
993 1430 1164 1464 mutatio-
1190 1455 1191 1459 ,

159 1495 243 1515 nem
270 1482 365 1527 capti
393 1483 551 1524 consilii,
588 1496 694 1529 quem
724 1484 842 1517 locum
866 1483 1059 1524 *concludit
1092 1481 1164 1527 epi-

160 1532 380 1579 phonemate
396 1535 439 1568 de
458 1535 493 1567 vi
518 1536 664 1569 amoris.
725 1534 765 1568 In
794 1535 863 1568 fine
881 1534 1035 1578 Eclogae
1060 1534 1164 1579 poni-

162 1592 221 1619 tur
238 1586 399 1631 epilogus
416 1586 526 1620 totius
545 1586 714 1620 carminis
725 1586 784 1633 c²⁶).

473 1671 608 1704 Aliud
639 1671 853 1706 eiusdem.

270 1740 367 1773 Haec
384 1739 515 1784 Ecloga
534 1746 607 1774 tota
627 1747 678 1774 est
704 1739 958 1774 consolatoria.

166 1801 236 1827 tem
255 1804 386 1837 operae
405 1792 561 1837 pretium
584 1792 726 1833 videre,
751 1805 860 1838 quam
878 1791 1037 1824 mirabili
1064 1790 1166 1835 copia

166 1845 361 1878 verborum
383 1850 417 1877 et
434 1844 694 1878 sententiarum
715 1857 798 1878 usus
815 1843 860 1878 sit
878 1849 983 1888 poeta
1011 1843 1168 1887 optimus

169 1897 205 1930 in
225 1897 414 1929 tractando
433 1902 540 1942 atque
565 1896 732 1929 leniendo
752 1896 847 1930 Galli
873 1902 1023 1940 poetae,
1052 1894 1167 1929 Asinii

168 1948 345 1982 Pollionis
364 1947 501 1995 filii‘27),
531 1955 677 1993 aegroto
696 1948 830 1982 animo.
882 1947 1055 1992 Concepit
1073 1946 1167 1981 enim

205 2095 316 2123 23)1›e
341 2093 525 2124 Euphorionis
551 2093 742 2118 Chalcidensis
766 2095 863 2124 poetae
890 2093 946 2117 uati
979 2099 1004 2117 a.
1026 2091 1089 2117 Chr.
1109 2092 1170 2116 276.

242 2129 300 2153 vita
320 2130 347 2152 et
367 2128 481 2157 scriptis
500 2128 632 2153 disseruit
652 2131 678 2152 et
695 2135 764 2159 quae
779 2130 929 2159 supersunt
943 2127 1000 2152 eius
1014 2128 1172 2157 fragmenta

243 2163 360 2194 collegit
380 2165 406 2186 et
427 2163 579 2186 illustravit
599 2165 668 2193 Aug.
689 2163 824 2187 Meineke.
855 2163 961 2187 Gedaui
983 2162 1056 2187 1823,
1077 2162 1101 2185 8.

206 2216 254 2246 24)
276 2215 356 2246 Vir-g.
377 2215 479 2242 Goon-¹.
502 2215 547 2238 lv.
568 2214 618 2238 317
632 2222 691 2246 sqq.

207 2267 346 2325 2‚'›)d1’lin.
376 2267 437 2289 Nat,
464 2265 535 2288 Uist.
555 2266 616 2295 ΥΙΙ,
640 2273 662 2290 c.
683 2268 724 2291 5⁴.
751 2267 799 2290 Ed.
827 2267 928 2289 Franz.
958 2269 995 2295 (υ.
1016 2266 1058 2289 53.

244 2303 265 2325 E
289 2304 342 2327 itt.)

1087 2265 1172 2295 antiq.

212 2440 260 2468 2⁷)
282 2441 380 2464 Gallus
402 2439 549 2463 Cornelius
568 2440 650 2468 poeta
671 2440 703 2462 ah
723 2439 819 2463 Asinio
839 2439 963 2463 Pollione
983 2439 1008 2462 in
1035 2439 1116 2468 epist.
1141 2439 1174 2462 ad

246 2475 407 2499 Ciceronem
428 2474 498 2503 (Cic,
522 2474 602 2503 epist.
621 2474 654 2497 ad
676 2474 750 2499 Fani.
771 2474 807 2498 X.
827 2474 870 2500 3'2,
890 2475 929 2503 5.)
951 2480 1003 2498 non
1025 2475 1106 2505 fili-us,
1126 2474 1174 2497 sed

248 2510 395 2533 familiaris
415 2509 577 2539 appellatur.

751 99 874 135 PHlL.
903 98 1015 133 MEL.
1043 97 1248 133 SCRIPTA
1275 95 1614 132 PHILOLOGICA.

1185 199 1186 209 ³
1213 185 1337 220 Gallus
1355 197 1536 219 summum
1554 184 1716 218 dolorem
1729 211 1738 225 ,

2136 97 2210 132 348

1773 195 1853 218 cum
1872 182 2055 229 Cytheris,
2090 195 2125 218 se
2151 184 2211 217 de-

1185 253 1186 256 *
1211 237 1338 271 relicto
1351 263 1360 277 ,
1385 236 1585 270 Antonium
1602 236 1641 269 in
1658 243 1773 271 castra
1791 241 2022 281 sequeretur,
2057 236 2148 269 adeo
2171 241 2212 270 ut

1212 295 1367 329 statuat,
1394 289 1541 322 tandem
1558 300 1718 322 amorem
1739 288 1861 322 omnia
1886 287 2039 322 vincere.
2091 287 2210 322 Porro

1212 339 1250 374 hi
1268 341 1336 374 loci
1354 347 1389 373 et
1405 340 1537 374 similes
1554 338 1703 385 pulchre
1723 342 1865 380 docent,
1885 351 1994 385 quam
2007 339 2053 373 sit
2068 339 2211 373 infirma

1213 399 1341 426 natura
1357 390 1536 432 hominis,
1572 399 1679 438 atque
1699 405 1807 438 quam
1826 392 1872 426 sit
1888 391 2065 431 obnoxia,
2095 391 2164 425 nisi
2191 403 2211 423 a

1596 450 1671 477 tum
1697 444 1865 478 omnibus
1891 443 2097 484 affectibus,
2131 454 2212 476 cum

1214 496 1382 530 omnibus
1398 495 1514 530 malis.
1568 495 1702 530 Gentes
1721 496 1816 529 enim
1839 495 1903 529 etsi
1928 493 2086 528 habeant
2108 506 2212 540 quas-

1213 549 1296 582 dam
1321 560 1531 581 communes
1554 548 1704 581 notitias
1729 559 1867 581 rerum:
1904 553 2025 580 tamen
2043 546 2214 591 ignorant

1214 606 1349 634 certam
1387 600 1510 639 viam,
1565 611 1636 645 qua
1669 605 1723 633 tot
1758 599 1863 633 malis
1897 598 2058 633 succurri
2090 597 2215 643 possit.

1213 652 1309 686 Haec
1329 658 1380 686 est
1396 658 1516 685 autem
1534 651 1705 685 revelatio
1729 651 1925 685 voluntatis
1940 650 2010 684 Dei
2032 662 2095 695 per
2111 647 2215 683 Chri-

1213 711 1320 739 stum.
1387 702 1587 737 Exordium
1619 709 1671 737 est
1702 703 1883 736 invocatio
1916 701 2063 749 Musae,
2104 713 2215 747 quam

1213 756 1414 801 praesidem
1442 755 1612 789 carminis
1637 755 1799 789 Bucolici
1822 754 1920 792 secit;
1954 760 2080 800 postea
2096 751 2215 786 Theo-

1213 815 1356 842 emtum.

1527 885 1664 919 Aliud
1690 885 1905 919 eiusdem.

1317 952 1386 987 Iste
1417 954 1606 988 Cornelius
1632 955 1776 995 Gallus,
1819 966 1838 987 a
1873 966 1944 1000 quo
1970 951 2059 986 haec
2084 951 2218 997 Ecloga

1594 1056 1657 1091 Ille
1686 1058 1821 1091 amavit
1848 1058 2031 1104 quandam
2055 1055 2219 1090 meretri-

1216 1121 1291 1142 cem
1311 1107 1543 1154 Cytheridem
1565 1108 1753 1154 (Virgilius
1777 1116 1882 1143 vocat
1899 1109 2097 1155 Lycorin),
2126 1119 2218 1154 quae

1215 1161 1267 1193 illi
1281 1167 1386 1205 rapta
1406 1167 1440 1194 et
1464 1162 1618 1194 abducta
1645 1168 1695 1195 est
1719 1162 1764 1194 ab
1783 1161 1957 1195 Antonio.
2019 1159 2132 1204 Igitur
2159 1160 2220 1191 dc-

1216 1212 1336 1257 plorat
1364 1212 1438 1246 eius
1463 1212 1708 1246 infelicitatem
1735 1213 1773 1245 in
1804 1224 1948 1252 amore,
1989 1217 2024 1245 et
2059 1217 2111 1245 est
2144 1216 2220 1244 tota

1216 1263 1349 1309 Ecloga
1370 1264 1516 1310 querela
1542 1271 1704 1305 tantum,
1738 1277 1801 1299 seu
1823 1264 1942 1298 verius
1967 1262 2087 1298 irrisio
2113 1273 2221 1309 quae-

1217 1316 1299 1349 dam
1318 1316 1467 1350 inselicis
1484 1316 1669 1351 amatoris.

1498 1394 1634 1428 Aliud
1674 1392 1948 1439 eius(lem“²⁸).

1323 1462 1467 1502 Gallus,
1496 1474 1513 1494 a
1538 1476 1609 1508 quo
1629 1463 1767 1496 decima
1786 1463 1918 1508 Ecloga
1946 1474 2081 1495 nomen
2100 1460 2221 1501 habet,

1191 1527 1192 1531 ¹
1219 1514 1285 1547 fuit
1315 1514 1408 1547 filius
1433 1513 1548 1547 Asinii
1575 1515 1771 1555 Pollionis,
1816 1528 1921 1561 quem
1948 1514 2102 1548 Ovidius
2129 1514 2223 1546 inter

1020 1738 1083 1773 Est
1106 1751 1167 1772 au<
1193 1750 1194 1768 2

1191 1579 1192 1602 3
1220 1566 1432 1611 praecipuos
1449 1566 1641 1611 scriptores
1658 1567 1800 1612 elegiaci
1823 1566 2069 1613 cziriniiiis‘29),
2104 1572 2144 1599 ut
2166 1578 2223 1599 su-

1220 1630 1283 1663 pra
1302 1617 1409 1651 etiam
1427 1618 1581 1653 diximus
1593 1646 1602 1659 ‚
1632 1624 1905 1652 commemorat.
1951 1617 2019 1651 Hic
2036 1629 2118 1651 cum
2135 1622 2225 1651 esset

1221 1670 1422 1714 praefectus
1441 1670 1615 1715 Aegypti,
1642 1669 1874 1704 vehementer
1900 1669 2034 1711 doluit,
2066 1681 2103 1703 se
2127 1668 2226 1703 avul-

1221 1734 1299 1755 sum
1320 1733 1393 1755 esse
1410 1733 1428 1754 a
1444 1723 1633 1766 complexu
1651 1723 1807 1757 amasiae
1824 1721 1986 1767 Lycoris.
2037 1720 2088 1754 Ut
2105 1727 2224 1755 autem

1222 1772 1273 1805 ira
1288 1800 1296 1813 ‚
1331 1772 1428 1806 iuxta
1450 1773 1602 1808 Pindari
1629 1775 1785 1816 dictum,
1822 1774 1930 1808 etiam
1953 1773 2133 1819 sapientes
2151 1779 2226 1806 tur-

1222 1825 1302 1864 bat,
1331 1831 1371 1858 ut
1391 1833 1559 1869 peccent,
1595 1826 1644 1860 sic
1667 1839 1770 1860 amor
1794 1826 1926 1860 multos
1954 1826 1996 1858 de
2020 1837 2083 1859 sua
2106 1830 2225 1858 mente

1195 1895 1196 1906 ³
1224 1883 1258 1910 et
1275 1876 1428 1910 sanitate
1446 1879 1633 1919 deturbat,
1662 1880 1878 1924 eosdemque
1897 1877 2071 1921 impellit,
2099 1882 2139 1910 ut
2163 1876 2226 1909 ali..

1225 1928 1309 1975 quid
1342 1935 1468 1962 contra
1504 1932 1676 1964 decorum
1702 1942 1785 1964 suae
1810 1941 1986 1974 personae
2016 1929 2073 1962 vel
2106 1928 2227 1961 dicant

1225 1981 1279 2014 vel
1312 1980 1457 2015 saciant.
1526 1981 1589 2016 Est
1620 1982 1715 2015 enim
1745 1993 1849 2014 amor
1885 1979 2076 2014 vehemens
2106 1979 2227 2013 incen-

1225 2032 1343 2073 dium,
1371 2046 1442 2079 quo
1460 2035 1546 2067 dum
1566 2034 1707 2068 animus
1734 2034 1856 2073 ardet,
1893 2033 2083 2067 difficulter
2108 2044 2145 2066 se
2169 2044 2227 2066 co-

1225 2082 1347 2118 hibere
1372 2091 1510 2129 potest,
1547 2098 1618 2131 quo
1644 2086 1764 2119 minus
1789 2092 1887 2118 extra
1912 2091 2026 2120 metas
2049 2090 2227 2128 erumpat.

1225 2136 1451 2182 Proponitur
1482 2149 1566 2181 ergo
1603 2137 1640 2169 in
1671 2135 1737 2171 hac
1762 2136 1893 2181 Ecloga
1924 2137 2023 2171 stulti
2053 2135 2227 2170 amatoris

1199 2207 1200 2212 =
1227 2188 1360 2233 imago,
1386 2188 1423 2222 in
1443 2201 1550 2234 quam
1574 2189 1753 2223 intuentes
1772 2189 1951 2224 discamus
1971 2189 2084 2223 vitare
2103 2200 2227 2223 omnes

1228 2240 1452 2280 occasiones,
1482 2247 1515 2274 et
1533 2241 1736 2282 illecebras,
1773 2241 1902 2287 quibus
1927 2239 1996 2276 hoc
2019 2240 2225 2275 incendium

1199 2298 1201 2312 '¹
1228 2291 1415 2326 exuscitari
1432 2292 1534 2326 solet.

1196 2319 1200 2364 1

209 2354 256 2382 203)
279 2354 306 2376 ln
327 2354 417 2376 altera
437 2354 515 2382 parte
534 2350 613 2374 huius
635 2353 754 2380 Κάιν-κιο
768 2367 799 2369 ⁷
815 2352 899 2376 totius
918 2351 1074 2379 carminis]
1096 2353 1172 2376 haec.
1198 2368 1201 2390 ζ

244 2394 315 2419 quac
335 2388 361 2411 iu
376 2388 460 2412 Editt.
478 2387 571 2417 1568.,
594 2388 667 2411 ¹593.
691 2388 836 2417 leguntur,
856 2388 882 2410 in
904 2388 953 2411 Ed,
970 2387 1043 2410 1565.
1065 2387 1171 2410 desunt.

1262 2392 1311 2421 28)
1332 2393 1390 2416 Hoc
1409 2394 1601 2421 argumentum
1623 2393 1648 2418 in
1670 2394 1754 2420 Editt.
1771 2394 1862 2420 1563„

1299 2428 1373 2452 1565.
1393 2429 1480 2451 abest.

1263 2470 1310 2499 2⁹)
1332 2471 1430 2495 Gallus
1453 2474 1532 2501 ponta
1552 2473 1680 2496 laudatur
1699 2473 1733 2496 ab
1756 2472 1854 2496 Ovidio
1875 2471 1901 2495 iu
1921 2472 1981 2496 Art.
2001 2471 2125 2496 Amator.
2145 2471 2163 2496 1.
2182 2470 2226 2501 ΙΙΙ,

1300 2506 1359 2529 3344
1381 2508 1407 2530 ct
1429 2507 1454 2530 in
1475 2508 1585 2531 Bemed.
1607 2510 1701 2533 Amor.
1721 2508 1780 2531 7⁶5.

1887 2393 1960 2419 1593.
1981 2392 2096 2424 legitur,
2123 2392 2156 2416 ab
2177 2392 2225 2416 Ed.
