2341 2973
178 89 249 125 551
764 89 887 125 PHIL.
925 87 1037 123 MEL.
1070 82 1272 119 SCRIPTA
1306 76 1653 116 PHILOLOGICAJ,
2163 84 2238 123 552

180 176 281 210 utilia
296 202 304 215 ‚
334 182 369 209 et
386 187 476 221 quae
493 176 536 208 ab
557 175 709 209 indoctis
732 176 957 220 ignorantur.
1012 173 1085 206 Eae
1103 182 1182 215 per·
1206 172 1211 222 ι
1233 167 1444 202 animalium
1463 166 1619 200 ridicula
1637 165 1842 207 Videbatur,
1858 167 2007 202 fabulati
2021 178 2115 212 sunt,
2129 171 2237 214 Deos,

182 226 351 261 hibentur
368 233 401 260 et
418 227 594 270 virgines,
623 239 664 260 eo
682 229 779 272 quod
804 226 953 261 studiosi
982 225 1183 258 litterarum
1209 223 1213 265 ἰ
1236 233 1315 254 cum
1347 216 1464 253 adhuc
1494 229 1651 251 numero
1683 218 1788 262 pauci
1825 225 1958 260 essent,
1996 221 2178 266 impietate
2204 230 2238 257 et

184 279 315 312 debent
348 290 421 312 esse
454 278 625 318 modesti,
671 285 705 311 et
738 280 781 312 ab
816 279 915 311 omni
942 274 1185 310 obscoenitate
1237 271 1448 306 crudelitate
1463 268 1658 303 hominum
1685 270 1849 310 territos,
1886 272 2083 316 confugisse
2109 274 2147 308 in
2170 275 2239 309 Ae-

185 329 303 362 alieni.
347 329 396 362 Ut
412 335 531 363 autem
550 329 706 374 virgines
725 329 901 363 ohnoxiae
919 333 1004 363 sunt
1020 325 1187 363 iniuriae,
1240 329 1387 369 gyptum
1401 349 1410 362 ,
1437 321 1559 367 ibique
1577 320 1710 355 similes
1731 333 1767 355 se
1786 322 2001 367 quibusdam
2026 326 2241 361 animalibus

185 381 235 414 ita
255 386 289 414 et
305 387 399 414 artes
420 381 642 421 litterarum,
671 381 881 426 praesertim
908 380 992 413 belli
1015 376 1187 422 tempori-
1214 412 1217 423 Ι
1240 374 1403 413 finxisse,
1434 385 1505 419 quo
1523 372 1675 406 tutiores
1703 380 1818 406 essent
1842 374 1886 406 ab
1911 374 2055 410 iniuria.
2107 376 2241 424 Estque.

186 434 264 466 bus.
318 432 443 467 Musae
458 433 579 479 itaque
595 439 765 477 expetunt
782 432 949 477 inprimis
966 443 1103 475 pacem.
1215 424 1218 484 J
1243 425 1412 460 credibile
1438 425 1555 469 ipsum
1581 423 1729 457 Pierum
1755 426 1850 469 apud
1870 425 2026 462 Graecos
2049 428 2155 463 fuisse
2180 442 2243 463 au-

239 500 299 534 Ys.
321 500 406 538 272.
437 502 480 534 Et
499 505 635 543 yraiam
659 505 802 540 sortem,
830 504 922 533 tutae
953 499 1047 532 modo
1069 499 1189 537 simus,
1244 485 1361 512 mrem
1379 474 1486 510 hnius
1501 475 1656 509 f³b¹¹l²¹e'

606 552 775 584 habemus·
1218 547 1220 576 5
1346 535 1482 569 Verum
1499 535 1574 580 ipse
1590 535 1774 568 Hammon
1803 542 1854 570 est
1872 536 1985 578 Ham,
2011 537 2112 572 Noae
2138 538 2243 580 filius,

1247 600 1266 621 a
1290 600 1362 633 quo
1387 587 1496 620 traxit
1520 587 1697 631 originem
1723 587 1940 622 Idololatria.
1993 589 2099 623 Hunc
2121 591 2242 624 ferunt

1247 652 1351 674 usum
1386 652 1459 673 esse
1495 645 1710 672 ornamento
1740 639 1865 684 capitis
1898 641 2074 675 referente
2108 654 2243 676 cornua

1249 691 1387 728 arietis;
1416 698 1523 737 atque
1551 691 1633 724 inde
1662 691 1772 735 ipsius
1798 691 1936 724 idolum
1962 692 2070 726 fuisse
2096 693 2146 726 ita
2173 694 2245 727 effi-

1250 749 1364 776 ctum:
1394 742 1429 775 id
1449 744 1545 788 quod
1566 742 1671 775 etiam
1691 755 1709 775 a
1729 743 1879 776 veritate
1898 755 1973 776 non
1989 742 2181 785 abhorret,
2199 745 2244 779 si-

1250 794 1395 840 quidem
1414 794 1629 828 Ammonius
1653 792 1844 829 historicus
1867 801 1992 829 narrat
2015 808 2133 840 regem
2159 796 2245 830 Per-

1250 857 1392 886 sarum,
1420 846 1482 891 qui
1508 858 1587 879 cum
1607 845 1829 890 Imperatore
1848 846 2087 881 Constantino
2110 848 2244 882 bellum

190 612 308 646 Porro
332 612 452 645 fabula
479 612 601 651 docet,
640 611 849 644 litterarum
875 609 994 644 studia
1022 621 1095 643 esse
1112 607 1191 641 Deo

195 675 317 701 curae3
359 675 444 696 nam
468 662 564 702 alae,
601 662 730 708 quibus
751 662 881 696 Musae
906 660 1104 705 effugiunt,
1141 659 1193 692 di-

194 715 318 748 vinum
359 714 560 758 significant
591 714 828 758 praesidium,
880 725 950 758 quo
991 713 1192 745 litterarum

196 766 312 801 studia
328 765 542 799 mirabiliter
558 772 830 800 conservantur.
883 764 941 798 Sic
959 770 1085 797 nostro
1106 769 1195 796 tem-

196 830 305 863 pore,
340 818 442 851 bellis
466 817 503 850 in
524 817 678 851 Saxonia
703 817 854 857 exortis,
887 816 1012 849 Musae
1038 815 1111 848 alas
1135 814 1195 846 ad-

198 876 321 914 eptae,
347 869 539 912 Viteberga
558 875 592 902 et
608 868 729 914 Lipsia
747 870 957 905 avolabant3
986 879 1051 900 nec
1075 873 1195 900 tamen
1331 898 1338 904 ,
1628 898 1634 904 ,
1797 898 1805 905 ,
2008 899 2015 906 ‚
2037 899 2045 906 ,
2134 899 2141 906 ,
2183 899 2191 906 ,
2224 899 2232 906 ,

1222 925 1226 953 3
1251 904 1376 941 gessa,
1415 904 1568 941 gestasse
1600 899 1766 931 diadema
1796 905 1909 932 mstar
1938 905 2065 944 capitis
2089 906 2246 939 arletini,

201 921 434 961 interierunt,
469 921 530 955 sed
560 921 733 954 beneficio
756 920 824 954 Dei
846 925 1076 954 conservatae
1102 923 1196 956 sunt,
1603 949 1611 956 ,
2147 951 2155 958 ·

203 985 354 1018 suasque
372 974 470 1007 sedes
485 979 758 1016 recuperarunt·
1223 956 1226 996 1
1252 955 1456 982 contextum
1481 961 1642 993 gemmls.
1703 949 1838 984 Omnes
1862 948 1926 984 has
1949 951 2088 985 fabulas
2109 950 2247 984 Diodo-

1223 1037 1226 1074 Ι
1251 1012 1312 1034 rus
1339 1000 1384 1047 ¹⁹)
1419 1001 1527 1034 refert
1555 1001 1600 1033 ad
1628 1001 1782 1045 insignia
1807 1013 1931 1045 regum
1961 1014 2001 1036 ac
2027 1003 2246 1047 principum,

464 1066 665 1111 pyrenei
698 1066 847 1100 scelus
877 1065 935 1111 is).
1223 1079 1227 1100 r
1252 1052 1315 1109 qni
1352 1053 1449 1097 apud
1472 1052 1669 1097 Aegyptios
1704 1059 1986 1097 promeruerunt
2015 1051 2173 1089 honores
2196 1054 2248 1088 di-

707 1135 715 1142 .
881 1134 889 1141 .
1224 1114 1226 1128 'v
1252 1115 1367 1138 unos.

306 1137 500 1171 Devastata
538 1133 780 1169 Phocensmm
815 1146 963 1179 regione
1001 1130 1227 1178 Pyreneus,}

203 1203 263 1224 rex
280 1188 480 1229 Thraciae,
505 1187 578 1220 vim
596 1187 710 1222 Musis
730 1187 868 1227 attulit,
895 1184 962 1219 hoc
983 1191 1053 1225 est,
1081 1183 1197 1219 domi-

203 1243 281 1276 cilia
296 1241 498 1275 litterarum
518 1239 663 1278 evertit;
696 1240 854 1285 dumque
877 1238 954 1272 illas
980 1236 1155 1282 fugientes
1180 1248 1196 1269 e

203 1293 346 1329 sublimi
364 1294 442 1326 loco
468 1298 762 1337 persequeretur,
792 1291 923 1324 decidit
946 1301 1136 1335 praeceps,
1164 1294 1198 1322 et

203 1346 360 1380 discusso
377 1344 492 1389 capite
509 1343 658 1377 interiit.
712 1342 919 1377 Detestatur
937 1342 1055 1375 fabula
1076 1348 1197 1386 tyran-

202 1410 267 1432 nos
286 1396 445 1431 honestis
464 1396 600 1430 artibus
623 1395 800 1436 infensos,
833 1395 946 1441 iisque
969 1394 1128 1427 minatur
1153 1393 1197 1427 si-

203 1450 323 1484 milem
341 1449 487 1483 exitum.

1491 1199 1720 1234 Musarum
1745 1200 2000 1235 cantilena.

1232 1308 1240 1317 ,
1304 1274 1380 1309 Vss.
1399 1274 1472 1309 339
1490 1289 1541 1322 sq.
1574 1279 1719 1322 Calliope
1742 1279 1900 1324 qecertdus
1923 1283 2091 1323 pertentat
2104 1279 2151 1326 2⁰)
2172 1282 2249 1324 pol·

1669 1331 1730 1364 lice
1749 1332 1784 1364 ch
1791 1333 1903 1372 orclas,

1354 1383 1464 1426 Atque
1483 1379 1585 1425 How)
1599 1384 2112 1426 percussissubiunyitcarmina
2123 1384 2248 1416 nervis.

1357 1440 1518 1484 Calliope
1541 1453 1675 1474 nomen
1703 1441 1811 1476 habet
1840 1455 1858 1475 a
1884 1454 2017 1476 canora
2047 1454 2147 1483 voce,
2173 1440 2248 1476 ἀπὸ

1252 1493 1321 1527 τοῦ
1335 1488 1495 1531 κάλλους
1510 1494 1574 1538 τῆς
1591 1490 1690 1532 ὀπός.
1745 1494 1838 1527 Huic
1858 1495 1964 1528 datur
1984 1506 2003 1527 a
2020 1493 2134 1527 Musis
2153 1506 2249 1527 sum-

1253 1556 1312 1577 ma
1330 1544 1556 1585 certaminis,
1592 1550 1632 1578 ut
1651 1556 1743 1590 quae
1769 1545 1921 1579 canendi
1945 1544 2121 1579 suavitate
2146 1556 2250 1589 prae-

1254 1602 1321 1630 stet
1339 1596 1504 1635 caeteris;
1531 1602 1653 1642 estque
1669 1597 1878 1631 suavissima
1895 1596 1970 1631 eius
1985 1595 2162 1629 cantilena
2175 1622 2184 1636 ‚
2209 1608 2250 1628 ac

258 1667 332 1702 VSS·
353 1667 427 1703 327
446 1680 498 1712 sq·
528 1670 677 1712 Duxque
690 1668 824 1710 yreyfs,
850 1666 964 1704 dixis,
992 1665 1038 1698 sit
1054 1665 1199 1707 lupi-ter,
1225 1642 1230 1723 ἱ
1254 1648 1373 1706 longe.
1391 1648 1572 1682 disslmllis
1599 1648 1788 1692 superiori.
1848 1648 1942 1684 lNam
1965 1647 2105 1681 ratione
2130 1646 2251 1680 decori

621 1720 707 1751 ,mdc
732 1719 882 1750 recurvis
1254 1711 1420 1744 superlor
1437 1706 1488 1734 est
1504 1697 1689 1733 horridior
1709 1706 1743 1733 et
1764 1700 1961 1734 insuavior.
2015 1698 2251 1733 Celebrantur

311 1776 408 1806 Nunc
424 1783 548 1817 quoqne
560 1771 729 1813 formatus
745 1770 853 1812 Libys
875 1774 923 1801 esi
948 1780 1020 1800 eum
1044 1767 1201 1800 cornibus
1255 1758 1375 1810 ‘'u-ten}
1397 1749 1464 1809 ha?
1491 1752 1668 1809 effnulfffia
1692 1752 1816 1786 landes
1842 1752 2005 1792 diVin³e²
2040 1763 2128 1797 quas
2153 1750 2252 1784 Pieri

621 1823 802 1855 Hammo„-
1255 1804 1326 1836 filia
1361 1810 1563 1841 1mmmu1t;
1600 1815 1637 1836 ln
1661 1804 1790 1850 quibus
1815 1803 1988 1838 ornandis
2013 1804 2084 1837 duo
2110 1802 2251 1846 potissi-

308 1883 480 1917 Homines
522 1894 624 1916 raves
700 1893 745 1914 uo
765 1879 901 1913 maiore
927 1879 962 1912 in
991 1877 1072 1912 mio
1122 1889 1200 1910 em-
1227 1861 1230 1895 Ι
1255 1868 1354 1888 mum
1375 1855 1648 1899 praedicantur:
1690 1856 1863 1895 alterum,
1888 1856 1985 1901 quod
2001 1853 2124 1888 divino
2140 1854 2252 1887 hene—

499 1895 519 1928 g
635 1908 645 1923 ’
674 1894 696 1928 q
967 1891 987 1923 g
1083 1904 1093 1918 ²
1255 1907 1335 1940 ficio
1356 1907 1468 1941 civilis
1486 1904 1676 1940 hominum
1694 1907 1767 1941 vita
1794 1907 1929 1940 exculta
1955 1906 2000 1940 sit
2024 1905 2121 1938 victu
2146 1911 2180 1938 et
2202 1905 2252 1938 le-

206 1936 343 1969 ditione
362 1941 396 1969 et
412 1934 616 1981 eloquentia
634 1932 789 1978 praediti
805 1938 907 1971 sunt,
938 1943 980 1964 eo
1004 1928 1118 1974 magis
1144 1928 1201 1974 pie
1227 1920 1231 1974 ἱ

684 1510 689 1531 i

203 1546 277 1581 Dii
307 1547 351 1580 in
378 1545 586 1592 Aegypto
616 1543 831 1578 conversi
857 1543 902 1576 in
930 1541 1081 1576 varias
1108 1540 1199 1574 ani-

493 1597 679 1631 malium
707 1596 895 1640 figuras.

207 1987 364 2022 sentiunt
395 1994 428 2021 et
460 1987 659 2032 loquuntur
684 1986 726 2018 de
750 1984 848 2017 Deo:
886 1982 1058 2016 nimirum
1084 1993 1104 2014 a
1129 1992 1201 2026 quo
1256 1960 1376 2003 g¹b¹¹⁵³

208 2039 325 2073 omnis
349 2039 523 2084 sapientia
545 2044 579 2071 θῑ
600 2036 736 2082 ingenii
760 2035 813 2069 vis
846 2034 1095 2080 proficiscitur.
1154 2032 1202 2066 At
1306 2027 1384 2061 Yss.
1401 2026 1629 2061 341—343.
1661 2028 1776 2059 Prima
1789 2028 1885 2060 Ceres
1903 2039 1986 2060 inico
1997 2027 2128 2071 ylebam
2142 2028 2251 2060 dimo..

209 2096 332 2124 contra
353 2088 517 2124 homines
538 2090 632 2124 leves
657 2095 691 2122 et
716 2087 851 2132 garruli
880 2087 1092 2132 plerumque
1119 2090 1203 2118 sunt
1502 2110 1505 2115 ¹
1671 2080 1715 2111 „52
1732 2084 1863 2118 aratro,

207 2142 317 2176 alieni
352 2154 370 2175 a
408 2142 597 2185 religione:
648 2141 870 2174 delectantur
905 2136 1132 2172 contumeliis
1165 2135 1202 2168 in
1365 2133 1483 2164 Prima
1500 2131 1590 2163 dedit
1602 2129 1721 2173 [γημας
1739 2131 1964 2176 alimentaque
1982 2131 2080 2165 mitia
2097 2131 2203 2163 terris

206 2194 324 2228 Deum
339 2221 347 2234 ‚
374 2194 496 2239 quales
514 2191 571 2226 hic
588 2192 672 2226 facit
688 2191 877 2238 loquacula
894 2189 991 2224 Pieri
1009 2189 1079 2222 filia
1091 2216 1101 2230 ,
1115 2189 1201 2222 dum
1365 2184 1482 2215 l’rae‘nm
1501 2183 1591 2215 «ledit
1607 2182 1704 2225 leyes.

210 2246 343 2280 incesto
362 2257 422 2278 ore
442 2245 555 2284 canit,
590 2244 760 2288 Gigantes
778 2242 944 2276 terruisse
962 2241 1119 2286 Superos
1131 2266 1140 2280 ‚
1168 2246 1202 2272 et
1258 2243 1407 2275 alterum
1420 2267 1430 2281 ,
1448 2242 1544 2286 quod
1564 2238 1681 2275 hostes
1699 2241 1857 2276 nominis
1872 2240 1986 2275 divini
2003 2247 2151 2275 aeterno
2168 2253 2251 2287 sup-

210 2298 364 2342 coegisse
384 2298 429 2330 ad
446 2303 582 2330 tantam
612 2295 875 2335 necessitatem,
908 2300 949 2327 ut
970 2305 1056 2338 prae
1078 2291 1202 2325 formi-
1257 2294 1364 2338 plicio
1381 2293 1687 2335 constringantur:

210 2350 293 2383 dine
309 2349 512 2388 induerint,
537 2348 626 2380 alius
643 2347 788 2380 arietem
800 2373 809 2387 ‚
824 2346 913 2379 alius
931 2357 1096 2384 vaccam,
1112 2343 1202 2378 alius

208 2400 299 2436 Ibin.
359 2400 457 2434 Haec
481 2412 566 2433 vero
590 2398 846 2432 contumeliosa
870 2397 907 2431 in
931 2397 1027 2431 Deos
1053 2396 1200 2430 conficta

211 2460 292 2487 sunt
327 2466 368 2486 ex
401 2451 652 2497 superstitione
675 2450 933 2494 Aegyptiorum
946 2476 955 2488 ‚
988 2449 1085 2493 apud
1113 2459 1202 2492 qnos

212 2505 400 2543 animalia,
444 2510 591 2548 propter
615 2515 714 2541 eam,
750 2514 857 2547 quam
884 2499 1091 2533 hominibus
1118 2499 1202 2532 affe-

214 2562 316 2595 runt,
360 2556 569 2595 utilitatem,
602 2553 733 2587 divitiis
759 2551 956 2586 bonoribus
982 2552 1202 2585 colebantur.

213 2607 340 2642 Graeci
360 2607 453 2640 enim
466 2634 474 2646 ,
490 2607 618 2652 quibus
636 2604 722 2639 haec
740 2605 813 2649 ipsa
830 2603 1035 2648 superstitio
1052 2603 1088 2635 in
1106 2602 1201 2636 cultu

1308 2361 1385 2396 Vss.
1403 2361 1476 2395 346
1490 2382 1530 2387 -
1546 2362 1630 2396 348.
1665 2366 1767 2397 Vas-m
1785 2365 1961 2406 (ιίζᾳηηίοῐε
1981 2365 2110 2406 inyestu
2127 2368 2175 2396 est
2195 2364 2250 2395 in-

1671 2417 1744 2448 sula
1763 2415 1920 2448 membris

1364 2467 1544 2498 Trium-razs-
1556 2493 1564 2507 ,
1593 2472 1623 2499 e!
1639 2468 1771 2510 nmquis
1786 2468 1967 2499 subiectum
1990 2465 2129 2498 molibus
2156 2470 2251 2508 ιιι-991

1361 2518 1544 2550 Aeehervas
1563 2530 1680 2551 ausum
1697 2530 1834 2560 sperare
1855 2518 2012 2561 Typhoea
2029 2518 2132 2550 sedes.

1295 2643 1340 2675 19)
1361 2644 1473 2670 Diodor.
1493 2644 1545 2669 sic.
1567 2644 1693 2670 utbtiotti.
1716 2646 1734 2669 l.
1754 2652 1776 2668 c.
1799 2645 1838 2670 13.

1294 2687 1342 2715 20)
1365 2690 1515 2718 pertentat
1534 2702 1564 2706 —
1587 2689 1646 2716 ila]
1673 2689 1713 2712 sic
1737 2688 1821 2712 Editt.
1849 2688 1939 2713 1555..
1973 2687 2066 2720 t·’›59.;
2091 2687 2172 2715 ovid.
2200 2686 2247 2713 Ed.

251 2727 296 2753 lb)
317 2726 395 2751 Ovid.
414 2726 478 2748 Met.
502 2725 541 2749 V,
563 2724 614 2748 ’274
635 2736 667 2742 —
687 2723 747 2747 293.
1329 2723 1435 2746 Mitsvh.
1455 2725 1623 2751 praelentat
1645 2737 1678 2740 —-
1698 2724 1775 2748 haec.
