2421 3005
95 111 171 150 265
497 107 686 144 LXXXIV.

95 199 181 234 tabo
218 209 278 232 eos
306 208 397 242 pura
427 207 520 242 aqua
547 194 694 237 Dirces,
731 208 841 242 quam
875 197 970 231 filiae
998 197 1101 231 Mne-

95 261 264 296 mosyncs
292 249 544 294 produxerunt
571 249 669 293 apud
697 246 827 282 Cadmi
853 256 989 295 portas.

486 342 578 385 Ode
603 343 703 383 VII.

311 420 611 462 Strepsiadae
641 420 800 453 Thebano
824 418 883 465 1ἰ).

194 488 286 535 (Str.
308 488 358 535 1.)
394 487 477 533 Quo
504 488 605 529 viro,
642 494 704 522 aut
728 488 822 522 facto
850 485 1003 521 honesto
1042 499 1100 520 ve-

91 540 179 581 teri,
213 537 338 573 Thebe
362 539 556 585 praecipue
582 539 753 574 laetaris?
795 552 841 572 an
868 540 966 586 quod
993 551 1101 584 pepe-

90 592 170 626 risti
186 588 391 632 Bacchum,
425 591 566 627 CercrIs
593 591 789 636 comitem?
816 603 863 624 an
886 592 985 637 quod
1002 603 1101 625 exce-

90 643 176 689 pisti
216 643 336 677 media
380 650 485 677 noete
529 643 650 678 Iovem
699 643 909 688 ningentem
956 655 1100 684 aurum,

90 694 191 742 (Ant.
213 696 263 741 1.)
299 696 447 741 quando
480 696 526 729 ad
553 694 830 741 Amphitryonis
859 707 1010 729 uxorem
1043 707 1100 728 ac-

90 747 216 788 cessit,
242 753 283 781 ut
295 747 487 782 Herculem
505 747 690 793 gigneret?
726 753 788 781 aut
805 748 903 793 quod
919 747 1099 781 Tiresiam

90 805 213 833 vatem
235 797 413 841 habuisti,
451 806 513 834 aut
536 799 675 834 Iolaum
706 799 890 845 equitem?
927 806 989 833 aut
1014 811 1098 844 pro-

89 857 172 896 pter
187 850 376 886 bellicosos
393 851 562 897 Spartos,
600 864 642 885 ex
662 851 830 885 draconis
849 851 1018 886 dentibus
1036 864 1099 884 na-

92 902 175 937 tos?
218 909 280 937 aut
315 904 414 949 quod
443 903 659 944 Adrastum,
696 916 738 937 ex
772 916 895 948 pugna
930 904 1098 937 orbatum

92 953 174 1000 (Ep.
195 954 245 1001 1.)
263 967 396 1000 magno
417 956 593 997 exercitu,
621 955 791 990 remisisti
808 957 853 990 ad
870 954 1010 1000 Argos?
1039 962 1100 989 aut

92 1007 191 1053 quod
212 1006 412 1042 Heraclidis
439 1007 609 1042 addidisti
624 1008 801 1053 Aegidas,
830 1008 1011 1041 coloniam
1035 1008 1099 1041 du-

92 1059 253 1093 centibus
277 1060 323 1093 ad
341 1058 676 1100 Lacedaemonem,
710 1072 790 1093 cum
809 1060 968 1105 Aegidae
998 1071 1099 1104 cepe-

91 1116 178 1144 runt
197 1109 391 1156 Amyclas?
427 1112 497 1146 Sed
522 1118 623 1146 vetus
649 1111 764 1155 gratia
792 1112 948 1152 dormit,
976 1119 1011 1145 et
1033 1109 1099 1144 ho-

91 1163 207 1197 mines
238 1170 323 1198 sunt
352 1163 604 1204 immemores,
646 1164 738 1208 (Str.
761 1162 814 1210 2.)
843 1164 990 1210 quando
1022 1176 1098 1196 non

92 1214 229 1248 accedit
258 1214 325 1249 flos
353 1216 552 1260 sapientiae
583 1227 665 1248 cum
702 1215 903 1249 carminum
936 1215 1099 1249 flumine.

92 1265 223 1299 Canito
249 1266 379 1300 deinde
406 1267 548 1301 dulcem
575 1264 752 1311 hymnum
780 1279 861 1300 cum
878 1267 1098 1312 Strepsiade.

91 1317 186 1352 Nam
202 1329 244 1351 ex
260 1315 396 1351 Isthmo
416 1319 606 1352 victoriam
628 1318 806 1362 pancratii
831 1317 941 1352 habet
964 1319 1098 1351 robore

92 1368 340 1410 admirandus,
361 1376 396 1403 et
412 1370 528 1415 specie
547 1375 581 1403 et
596 1370 727 1410 forma,
744 1369 914 1403 virtutem
941 1369 1100 1404 ostendit

91 1433 167 1454 non
183 1420 393 1454 indecoram
411 1419 675 1467 pulchritudini
693 1422 868 1466 corporis.
924 1421 1024 1467 (Ant.
1044 1421 1098 1468 2.)

91 1471 138 1505 Et
162 1484 260 1506 nunc
291 1473 402 1518 fulget
427 1473 615 1508 Musarum
648 1471 811 1512 honore;
856 1481 889 1507 et
918 1473 1097 1507 avunculo

93 1524 252 1559 eiusdem
282 1525 443 1560 nominis
474 1527 537 1560 dat
566 1537 760 1559 commune
798 1526 925 1566 decus,
970 1526 1033 1572 qui
1060 1525 1099 1558 in

91 1576 232 1620 proelio
260 1583 427 1612 mortuus
455 1584 518 1612 est.
582 1576 709 1612 Honos
735 1583 855 1610 autem
887 1590 955 1622 pro
989 1578 1097 1611 hene-

89 1627 193 1661 factis
216 1629 419 1673 reponitur.
473 1628 546 1674 Qui
569 1628 606 1661 in
636 1629 699 1663 tali
722 1629 854 1663 nebula
881 1629 1097 1674 grandinem

92 1679 278 1723 sanguinis
297 1692 315 1712 a
338 1680 456 1725 patria
476 1680 638 1725 repellit,
664 1682 745 1726 (Ep.
764 1681 817 1727 2,)
836 1679 999 1716 hostibus
1017 1682 1098 1715 red-

93 1732 181 1765 dens
205 1732 428 1766 contrarium
455 1731 601 1765 exitium
619 1759 628 1771 ,
662 1732 692 1766 is
715 1733 803 1764 sciat
824 1746 859 1766 sc
885 1734 982 1778 apud
1005 1734 1098 1767 cives

93 1794 224 1827 augere
241 1783 415 1828 gloriam,
442 1784 516 1818 sive
535 1784 651 1823 vix-at,
678 1783 753 1817 sive
772 1785 991 1818 occubuerit.
1040 1785 1099 1818 Tu

92 1846 180 1868 vero
205 1834 357 1869 Diodoti
381 1835 450 1876 fili,
477 1836 634 1869 reserens
659 1835 881 1878 Meleagrum
910 1843 945 1869 et
969 1836 1098 1869 Hecto-

92 1898 170 1920 rem
186 1893 220 1920 et
234 1885 519 1932 Amphiaraum,
548 1886 735 1931 exspirasti
765 1887 857 1932 (Str.
876 1887 929 1931 3.)
948 1887 987 1920 in
1011 1888 1098 1927 acie,

92 1938 155 1972 uhi
171 1939 470 1983 praestantissilni
489 1939 657 1983 proeliati
676 1945 778 1977 sunt,
806 1945 839 1971 et
857 1945 1014 1972 extrema
1035 1951 1099 1983 spe

93 1991 342 2025 sustinuerunt
364 1997 534 2025 mortem.
587 1991 655 2023 Sed
679 2002 775 2023 nunc
794 1990 984 2035 Neptunus
1002 1991 1100 2024 dedit

93 2043 322 2076 serenitatem
339 2041 406 2090 ¹⁵),
440 2049 523 2088 post
549 2048 812 2087 tempestatem.
867 2042 1004 2076 Canam
1035 2042 1098 2087 igi-

92 2101 153 2129 tur
187 2100 330 2140 sumpta
374 2107 530 2135 corona,
572 2107 637 2128 nec
671 2092 762 2127 mihi
798 2094 859 2126 Dii
894 2094 1098 2133 invideant3

93 2147 196 2193 (Ant.
215 2147 269 2194 3.)
305 2147 367 2182 sed
400 2158 576 2192 quaerens
604 2146 766 2192 quotidie
802 2145 912 2180 witam
945 2147 1099 2187 dulcem,

94 2198 313 2245 tranquillus
329 2198 375 2246 16)
406 2198 550 2232 veniam
577 2199 621 2232 ad
647 2204 825 2232 senectam
855 2205 889 2232 et
918 2199 963 2231 ad
988 2199 1098 2231 fatale

93 2256 248 2295 tempus.
301 2250 437 2284 Omnes
461 2250 558 2284 enim
581 2250 782 2291 morimur,
811 2257 845 2283 et
870 2251 1016 2285 fortuna
1044 2250 1098 2283 in-

94 2308 189 2336 certa
207 2309 270 2337 est.
323 2302 359 2336 Si
381 2302 461 2348 quis
480 2308 599 2336 autem
622 2302 820 2348 longinqua
845 2309 1002 2348 spectat,
1030 2302 1098 2335 mi-

93 2366 164 2388 nor
181 2360 251 2396 est,
279 2366 389 2400 quam
412 2360 453 2388 ut
479 2354 517 2387 in
541 2353 680 2387 coelum
705 2355 892 2396 ascendat,
920 2355 1005 2401 quia
1026 2355 1097 2388 ala-

93 2412 150 2440 tus
174 2405 332 2451 Pegasus
361 2405 509 2440 excussit
546 2405 735 2439 dominum
762 2405 1098 2452 Bellerophontem,

131 2508 179 2537 14)
197 2508 270 2532 Huic
287 2506 482 2538 inscriptioni,
508 2513 589 2538 quam
609 2507 692 2532 Editt.
708 2507 792 2538 1558,
812 2507 887 2531 1563.
908 2507 1048 2539 exhibent,
1068 2507 1095 2532 in

165 2542 299 2575 omnibus,
318 2549 388 2574 quas
400 2542 515 2574 contuli,
536 2542 705 2567 Editt.Piud.
713 2542 823 2566 additur
832 2542 1007 2575 παγκρατίῳ,
1021 2549 1097 2574 pan-

164 2578 272 2604 cratio.
299 2578 330 2602 ln
338 2577 423 2604 Editt.
431 2578 549 2603 Boeckh.
561 2578 587 2602 et
596 2577 698 2609 Bergk.
707 2578 775 2600 haec
783 2576 841 2601 Ode
852 2576 910 2602 vn.
925 2578 969 2601 est
978 2577 1037 2602 Ode
1047 2577 1095 2601 Vl.

132 2628 181 2658 15)
199 2629 389 2663 serenitatem]
411 2630 451 2655 sic
470 2633 518 2660 (=
532 2630 611 2657 Pina.
625 2628 736 2659 εὐδίαν)
755 2629 913 2660 Ed.1558.‚
934 2629 967 2654 Η.
987 2630 1095 2661 Steph.,

165 2663 282 2696 lieyne‚
300 2665 436 2697 Boeckh.;
455 2666 505 2691 Ed.
526 2666 600 2690 1563.
621 2665 811 2690 severitatem.

133 2715 181 2745 16)
206 2715 390 2746 tranquillus]
417 2715 457 2741 sie
482 2719 532 2746 (Ξ
557 2716 634 2741 Pind.
659 2714 769 2748 ἕκαλος)
795 2714 954 2747 Ed.1558.,
985 2714 1094 2748 Heync,

167 2750 302 2782 Boeckh.;
320 2751 372 2777 Ed.
386 2751 462 2776 1563.
481 2751 667 2783 tranquillius.

746 107 1154 145 INTERPRETATIO
1189 110 1506 147 ISTHMIORUM
1541 112 1754 151 PINDARI.

2086 120 2161 155 266

1158 197 1238 244 (Ep.
1255 201 1308 248 3.)
1332 201 1513 234 volentem
1537 200 1573 233 in
1600 202 1690 235 coeli
1707 202 1899 237 stationem
1926 203 2087 249 ingredi,
2116 207 2163 239 ad

1158 252 1380 299 colloquium
1416 251 1521 287 Iovis.
1591 252 1686 288 Nam
1723 255 1947 300 voluptatem
1990 257 2164 292 iniustam

1157 315 1302 338 amarus
1318 304 1431 339 exitus
1448 304 1623 351 sequitur.
1677 305 1736 340 Tu
1762 313 1881 340 autem
1899 308 2032 353 Apollo
2057 309 2163 344 nobis

1158 356 1291 390 tradito
1309 363 1344 390 et
1368 357 1405 390 in
1423 354 1557 403 Pythio
1576 357 1773 392 certamine
1791 371 1978 396 coronam.

1541 452 1640 496 Ode
1659 453 1780 496 VIII.

1407 529 1624 564 Cleandro
1657 531 1844 574 Aeginetae
1863 530 1923 576 ¹⁷).

1260 605 1352 649 (Sir.
1376 605 1427 653 1.)
1457 606 1638 641 Cleandro
1669 607 1873 654 quispiam,
1914 614 1949 641 et
1983 607 2161 642 iuventuti

1156 655 1250 696 eius,
1294 664 1391 691 emat
1425 658 1593 693 laborum
1638 659 1864 704 praemium,
1909 661 2081 694 accedens
2116 661 2162 694 ad

1155 708 1373 743 vestibulum
1394 710 1508 755 patris
1534 711 1630 751 eius,
1668 718 1703 744 et
1729 711 1875 756 colligat
1898 712 2023 745 laudes
2050 712 2163 745 victo-

1154 760 1292 795 riarum
1316 761 1354 795 in
1376 759 1535 796 Isthmiis
1559 770 1594 796 et
1616 762 1783 804 Nemeis,
1813 763 1898 809 quia
1922 763 2083 797 victoriis
2100 776 2165 808 po-

1154 812 1240 847 titus
1265 820 1336 848 est:
1370 820 1405 847 et
1427 825 1512 859 ego,
1541 826 1765 861 quamquam
1790 816 1894 859 lugeo
1917 821 2073 848 mortem
2101 827 2165 859 pa·

1154 864 1219 899 tris
1250 865 1344 906 eius,
1386 873 1509 900 tamen
1537 866 1681 900 Musam
1722 879 1843 911 posco.
1914 866 2031 900 Soluti
2067 866 2163 900 enim

1153 929 1288 961 magno
1312 919 1431 958 luctu,
1467 931 1543 952 non
1569 930 1784 952 maneamus
1808 918 1884 952 sine
1907 918 2073 959 coronis,
2100 931 2163 952 ne-

1155 981 1224 1015 que
1240 970 1353 1004 luctui
1370 970 1569 1015 indulgeas.
1608 970 1752 1004 Omisso
1773 969 1870 1004 enim
1888 970 2008 1004 inutili
2025 970 2164 1011 dolore,

1154 1019 1374 1055 hilaritatem
1400 1022 1437 1055 in
1461 1022 1607 1068 publico
1632 1023 1865 1056 ostendamus
1889 1029 1970 1068 post
1986 1023 2163 1063 laborem,

1154 1085 1234 1107 cum
1254 1073 1352 1108 Deus
1371 1074 1582 1107 Tantalium
1610 1074 1768 1119 lapidem
1794 1074 1898 1108 nobis
1923 1086 2031 1119 super
2056 1080 2162 1119 caput

1154 1126 1375 1159 advolverit:
1417 1125 1510 1174 (Str.
1533 1127 1588 1173 2.)
1617 1126 1784 1160 videlicet
1810 1126 1945 1160 bellum
1974 1126 2162 1160 Graeciae.

1154 1177 1223 1211 Sed
1253 1175 1344 1210 mihi
1376 1178 1613 1222 praeteritum
1643 1179 1808 1211 dolorem
1843 1177 1961 1211 finivit
1992 1189 2163 1223 praesens

1154 1229 1319 1263 victoria.
1372 1229 1522 1274 Semper
1546 1229 1642 1263 enim
1668 1242 1724 1263 res
1752 1242 1920 1273 praesens
1944 1230 2058 1274 magis
2084 1242 2161 1263 mo-

1154 1287 1213 1314 vet
1228 1281 1403 1316 animum.
1457 1281 1620 1315 Fortuna
1642 1282 1738 1314 enim
1761 1281 1897 1314 incerta
1914 1288 1984 1322 est,
2010 1282 2162 1315 volvens

1154 1333 1249 1365 vitae
1275 1345 1440 1373 cursum,
1476 1341 1511 1367 et
1537 1334 1636 1368 salva
1670 1334 1837 1366 libertate
1871 1331 1959 1366 haec
1986 1333 2081 1366 mala
2109 1345 2162 1367 sa-

1153 1386 1274 1418 nanda
1291 1392 1387 1419 sunt.
1442 1385 1492 1418 Ac
1519 1392 1664 1430 oportet
1687 1385 1784 1419 viros
1803 1385 1960 1418 retinere
1981 1397 2081 1430 spem
2097 1385 2163 1419 bo-

1154 1448 1251 1470 nam.
1315 1436 1472 1481 Oportet
1495 1444 1615 1470 antem
1643 1449 1699 1470 me
1718 1434 1854 1470 Thebis
1878 1438 2069 1471 educatum
2098 1436 2163 1469 tri-

1153 1488 1263 1522 buere
1291 1495 1434 1532 gratum
1467 1502 1598 1523 munus
1620 1488 1799 1534 Aeginae,
1836 1495 1986 1533 propter
2008 1495 2163 1533 patrem.

1152 1540 1316 1573 Fuerunt
1349 1540 1445 1574 enim
1480 1541 1645 1585 geminae
1671 1540 1783 1585 Asopi
1815 1540 1928 1581 filiae,
1970 1538 2095 1574 Thebe
2123 1546 2160 1573 et

1152 1592 1310 1637 Aegina,
1352 1592 1512 1627 minores
1547 1599 1655 1633 natu,
1699 1604 1791 1638 quae
1825 1590 1901 1625 lovi
1931 1592 2159 1637 placuerunt,

1153 1644 1301 1690 quando
1337 1645 1500 1689 Asopum
1540 1645 1666 1678 ducem
1713 1643 1899 1678 constituit
1934 1645 1979 1678 ad
2014 1643 2162 1678 Dircen.

1123 1696 1254 1760 l(Ser.
1273 1696 1336 1743 3.)
1373 1696 1551 1741 Aeginam
1591 1708 1678 1729 vero
1709 1697 1931 1730 transferens
1966 1695 2005 1728 in
2037 1696 2160 1730 Oeno—

1153 1749 1272 1792 piam,
1312 1748 1374 1781 uhi
1392 1749 1534 1793 peperit
1563 1749 1809 1782 venerandum
1827 1747 1985 1781 Aeacum
2009 1747 2159 1781 Tonan-

1154 1800 1192 1840 ti,
1222 1799 1283 1845 qui
1309 1806 1342 1833 et
1369 1800 1500 1834 iudicia
1528 1800 1690 1833 Deorum
1724 1799 2010 1837 administravit3
2058 1798 2159 1833 cuius

1153 1851 1218 1884 filii
1245 1852 1391 1885 fuerunt
1427 1851 1729 1897 praestantissimi
1766 1851 1854 1890 viri,
1905 1856 1939 1883 et
1974 1850 2039 1883 filii
2066 1850 2159 1884 filio—

1154 1915 1235 1935 rum
1269 1904 1482 1937 fortitudine
1514 1904 1651 1948 proelia
1688 1904 1804 1936 facere
1851 1901 1958 1946 periti
2000 1903 2161 1943 fuerunt,

1154 1961 1188 1987 et
1213 1954 1359 1988 suerunt
1384 1955 1574 1999 sapientes.
1637 1954 1733 1987 Haec
1758 1954 2004 1987 meminerunt
2029 1961 2062 1988 et
2085 1953 2160 1995 Dii,

1154 2007 1301 2051 quando
1321 2005 1456 2051 Iupiter
1474 2013 1508 2040 et
1528 2007 1718 2052 Neptunus
1735 2006 2002 2040 contenderunt
2022 2007 2066 2039 de
2092 2018 2160 2040 nu-

1154 2057 1237 2102 ptiis
1246 2056 1378 2092 Thetid
1385 2071 1422 2092 os
1433 2058 1496 2102 18);
1515 2071 1640 2092 amore
1652 2058 1747 2092 enim
1758 2058 1985 2092 tenebantur.
2014 2057 2083 2092 Sed
2092 2057 2155 2091 Dii

1154 2121 1229 2143 non
1252 2117 1505 2144 concesserunt
1532 2111 1581 2145 eis
1608 2108 1703 2144 hunc
1727 2108 1948 2149 thalamum,
1990 2110 2083 2155 (Str.
2101 2109 2155 2155 4.)

1153 2168 1345 2208 postquam
1376 2163 1447 2196 sata
1475 2162 1746 2196 consuluerunt.
1817 2161 1917 2195 Dixit
1938 2161 2035 2195 enim
2060 2159 2156 2195 The-

1154 2214 1233 2254 mis,
1249 2215 1361 2248 satum
1383 2226 1468 2255 esse,
1498 2220 1537 2247 ut
1555 2211 1680 2248 Thetis
1696 2213 1814 2259 pariat
1832 2213 1946 2247 filium
1963 2213 2154 2247 fortiorem

1153 2272 1272 2311 patre:
1301 2266 1329 2301 si
1347 2279 1388 2300 ex
1404 2265 1488 2300 Iove
1505 2266 1703 2311 concipiat,
1731 2266 1842 2300 telum
1860 2265 2012 2299 fulmine
2027 2265 2156 2300 fortius

1153 2319 1347 2353 missurum
1376 2331 1467 2357 esse;
1501 2318 1696 2352 trIdentem
1722 2330 1808 2352 vero
1836 2318 2031 2358 invictum,
2058 2317 2087 2351 si
2113 2329 2156 2350 ex

1152 2369 1322 2416 Neptuno
1356 2370 1548 2415 concipiat.
1608 2369 1771 2405 Desinite
1802 2382 1887 2415 ergo
1923 2369 2153 2403 contendere.

1152 2424 1220 2458 Sed
1250 2430 1354 2457 nacta
1390 2423 1580 2456 mortalem
1620 2423 1759 2463 virum,
1804 2423 1923 2455 videat
1960 2420 2150 2454 mortalem

1187 2529 1236 2557 17)
1261 2528 1307 2553 Sic
1324 2527 1395 2551 haec
1414 2525 1472 2551 Ode
1490 2522 1630 2554 inscripta
1647 2525 1693 2549 est
1716 2521 1744 2546 in
1762 2521 1848 2546 Editt.
1864 2520 1956 2551 1558„
1982 2519 2058 2544 1563.
2078 2521 2106 2543 et
2125 2518 2153 2543 in

1221 2563 1298 2588 Pind.
1318 2562 1401 2587 Editt.
1418 2559 1659 2591 Francof.1542.‚
1685 2557 1768 2582 Basil.
1789 2556 1879 2595 1556„
1906 2555 1939 2578 Η.
1960 2555 2053 2594 Ξῐορζι..
2073 2554 2153 2593 15β6,

1221 2600 1304 2629 atque
1324 2598 1351 2621 iu
1371 2595 1476 2627 Heynii
1492 2596 1627 2626 interpr.;
1646 2595 1675 2618 at
1693 2593 1721 2617 in
1742 2590 1870 2630 Boeo-klui
1889 2591 1918 2613 et
1935 2589 2048 2631 Bergk-u
2064 2589 2150 2613 Editt.

1220 2633 1330 2658 additur
1345 2631 1527 2664 παγκρατίῳ,
1539 2629 1707 2664 pancratio.
1747 2626 1777 2649 111
1796 2626 1837 2649 lus
1857 2625 1962 2649 duabus
1981 2624 2067 2649 editt.
2083 2624 2151 2647 haec

1222 2668 1282 2693 Ode
1301 2669 1345 2692 est
1364 2668 1490 2698 septima.
2106 2699 2112 2704 Π

1187 2713 1234 2741 18)
1254 2711 1399 2740 Thetidos]
1419 2710 1460 2735 sie
1474 2709 1577 2740 scripsi
1597 2709 1721 2739 (flexile,
1741 2704 1865 2730 Boeckh:
1885 2702 2043 2732 Thetidis);
2061 2700 2148 2724 Ednt.

1224 2748 1311 2780 1558„
1332 2747 1408 2773 ¹56³.
1427 2745 1555 2771 Thetios.
