2421 3005
101 127 119 160 1
129 125 174 160 61
490 120 678 156 LXXVIII.

98 225 171 260 quo
197 209 295 244 caeci
319 210 466 243 affectus
491 210 650 255 rapiuw.
714 210 764 246 (55
798 214 875 245 muss
909 210 995 245 einer
1028 207 1113 254 nicht

98 265 181 301 alles
208 263 312 309 tbuns
345 266 420 299 ιυαέ
445 262 548 298 einem
568 263 602 298 in
623 262 691 307 sinu
707 262 837 306 Pomm,
866 267 1030 306 pugnant
1046 261 1112 293 im-

734 118 1029 155 EXPLICATIO
1057 116 1448 155 SENTENTIARUM
1478 117 1788 155 THEOGNIDIS.

96 323 200 362 petus
228 322 262 349 et
284 328 407 355 mens,
445 315 656 355 consilium,
699 314 911 348 deliberatio
943 313 1041 347 ducit
1066 314 1112 346 ad
1140 343 1141 363 ζ

97 375 256 402 mentem
279 368 426 401 bonam.

97 422 184 457 eluet
198 419 271 465 ssuff
285 421 337 456 ein
360 418 478 464 bessem
499 428 592 466 meg,
631 420 850 466 posteriores
876 418 1113 462 cogitationes

97 473 278 508 meliores.

201 525 297 560 Novi
312 524 481 558 iuvenem
499 524 777 569 Moguntinum,
812 531 888 557 erat
913 524 1030 557 bonus
1055 535 1113 567 cy-

96 575 293 611 tharoedus
306 604 314 618 ,
344 576 403 609 ille
422 576 562 610 dicebat
581 589 617 610 se
636 577 773 610 nullam
793 577 1012 609 cantilenam
1037 581 1111 608 tam

96 630 188 663 bene
204 641 335 663 canere
354 629 554 666 testudine,
583 629 652 663 nisi
670 642 778 675 quam
799 629 902 672 prius
914 634 1004 662 esset
1022 627 1112 660 obli-

96 688 172 723 tus,
210 688 245 715 et
270 688 393 726 postea
419 694 542 716 rursus
572 682 734 715 disceret.
798 681 877 726 2s1s0
906 692 1001 717 menn
1027 681 1114 715 einer

97 734 157 780 bat
174 734 225 770 ein
247 734 384 781 (Sorpuss
400 733 519 780 gefusts
547 744 641 769 menn
661 734 749 770 cinet-
767 734 817 769 εἰη
839 735 915 780 bing
942 732 1002 778 exst
1030 733 1114 778 recht

95 785 206 832 gel-felt
233 787 311 832 bat,
364 794 487 831 postea
521 787 627 820 debet
659 799 733 820 csse
764 786 891 827 iudex,
928 786 976 819 ibi
1004 785 1113 826 videt,

96 839 180 884 quid
201 840 304 873 desit.
360 838 436 871 Hoc
455 836 545 871 mihi
563 851 670 883 saepe
690 839 831 873 accidit.

199 898 276 933 Vss.
304 897 403 933 1055
420 919 470 923 —
489 896 599 934 1058.
635 897 727 932 Mihi
755 906 793 933 tu
818 899 937 932 canito
963 898 1049 931 tibia
1078 904 1110 931 et

93 950 284 985 Musarum
321 952 567 986 recordemur.
640 951 717 985 Hae
759 953 939 985 dederunt
977 949 1111 985 habere

96 1010 199 1047 grata
218 1016 390 1045 munera,
420 1001 598 1037 honorem
620 1004 759 1038 vicinis.

145 1061 381 1113 I'cyz‘w'oxecv
393 1063 560 1111 χαλεπὸν
578 1061 670 1100 νόον
688 1063 837 1110 idaeum
857 1061 1006 1111 ἀνδρός.

93 1123 175 1157 Vita
195 1131 247 1159 est
265 1125 370 1170 plena
394 1124 691 1159 occultationum.
747 1125 904 1169 Quando
927 1130 1112 1156 certarunt

92 1176 189 1210 inter
219 1189 256 1211 se
285 1177 421 1211 divitiis
447 1177 586 1216 Pallas,
627 1176 812 1210 Vulcanus
846 1183 879 1209 et
908 1176 1110 1220 Neptunus,

92 1228 284 1273 Neptunus
302 1230 437 1262 fecerat
454 1235 599 1261 taurum
612 1255 620 1268 ,
649 1228 769 1262 Pallas
789 1227 994 1269 hominem,
1024 1228 1110 1261 Vul-

94 1293 204 1314 canus
222 1282 391 1321 domum,
421 1287 473 1314 est
490 1278 672 1313 adhibitus
698 1281 803 1314 iudex
825 1281 982 1314 Munius.
1048 1279 1109 1313 Ille

93 1330 329 1377 reprehendit
352 1333 388 1366 in
415 1339 541 1373 tauro,
578 1332 692 1378 quid?
761 1334 869 1377 Quod
897 1345 971 1365 non
994 1339 1110 1366 essent

93 1396 228 1418 cornua
244 1384 361 1429 posita
380 1385 425 1417 ad
450 1391 594 1429 pectus,
633 1384 718 1430 quia
743 1384 793 1417 ibi
822 1391 912 1419 essct
936 1384 1110 1418 robustis-

92 1437 216 1477 simus,
241 1438 302 1470 sed
313 1437 523 1471 Aristoteles
542 1436 650 1469 etiam
670 1434 739 1469 hoc
756 1435 1003 1481 reprehendit.
1045 1436 1107 1470 Est

91 1489 209 1523 Momi
226 1489 392 1530 Momus,
419 1489 505 1522 dicit
528 1489 641 1522 robur
658 1501 732 1523 csse
752 1488 789 1521 in
814 1490 929 1534 capite
954 1495 989 1522 et
1013 1501 1108 1522 cere-

91 1543 158 1575 bro
183 1548 248 1576 etc.
311 1541 350 1575 ln
377 1540 525 1575 homine
557 1539 811 1586 reprehendit,
853 1543 952 1588 quod
986 1548 1108 1586 pectus

91 1607 167 1628 non
183 1600 272 1628 esset
287 1594 593 1640 fenestratumffi).
654 1593 746 1640 306)
770 1602 865 1630 menn
891 1598 991 1630 man&
1017 1594 1108 1640 ichen

91 1646 182 1692 seben
199 1648 308 1691 ΐὸηῠΐ,
336 1647 368 1692 so
385 1649 476 1684 memb
495 1648 572 1694 fieb&
591 1646 666 1693 bod>
686 1647 718 1693 so
735 1648 822 1687 balb.
852 1649 911 1683 bas
929 1648 1004 1693 bod)
1024 1646 1109 1693 uicbt

93 1700 158 1735 viel
177 1698 278 1746 ipitfft.

196 1759 274 1795 Vss.
295 1758 393 1794 1059
410 1773 462 1806 sq.
497 1756 635 1808 ὀργὴν]
665 1757 704 1792 Id
730 1765 802 1801 est,
830 1773 971 1799 sensus,
1001 1772 1106 1805 gene-

91 1814 215 1848 raliter
240 1813 457 1847 voluntates.
511 1812 645 1846 Procul
670 1813 850 1854 cernenti,
890 1825 1106 1857 cognoscere

90 1867 251 1908 difficile,
280 1866 388 1899 etiam
408 1865 575 1911 sapienti.

193 1927 272 1962 Vss.
294 1927 390 1962 1061
413 1941 465 1974 sq.
507 1925 631 1973 Aliqui
664 1926 839 1958 malitiam
874 1925 1107 1965 occultantes,

89 1980 235 2015 divitias
266 1977 422 2021 habent,
460 1980 521 2012 alii
548 1979 717 2012 virtutem
749 1978 932 2011 occultant
953 1989 1107 2023 pauper-

90 2040 162 2067 tate
185 2045 305 2067 noxia.

193 2093 272 2128 Vss.
293 2092 576 2128 1063—1068.
605 2093 695 2127 Cum
714 2093 831 2138 puella
862 2091 1003 2137 aequali
1033 2103 1105 2124 me-

89 2146 156 2180 lius
172 2154 224 2182 est
240 2145 401 2180 dormire
418 2146 455 2178 in
476 2147 663 2192 pubertate
679 2145 845 2190 cupiente
862 2151 962 2190 grata
981 2156 1105 2188 opera,

89 2199 125 2231 id
144 2206 214 2240 est,
243 2198 314 2231 alia
334 2199 556 2233 conveniunt
574 2199 652 2232 aliis
670 2198 859 2231 aetatibus.
914 2196 998 2230 Non
1023 2196 1105 2229 licet

89 2251 344 2284 convivantem
372 2263 452 2284 cum
478 2251 625 2285 tibicina
654 2263 800 2291 cauere,
843 2247 975 2283 horum
1005 2249 1104 2282 aliud

88 2301 181 2337 nihil
198 2310 250 2337 est
268 2303 471 2337 iucundius.
526 2304 623 2349 Quid
642 2301 788 2350 mihim)
807 2302 955 2336 divitiae
974 2308 1007 2334 et
1024 2314 1104 2345 gra—

88 2355 193 2398 vitas,
217 2355 320 2399 etnst,
348 2357 519 2390 severitas
536 2362 600 2390 etc.
631 2355 739 2401 (Sunt
755 2355 915 2388 carinina
935 2354 1104 2387 conviva-

87 2408 166 2456 lia.)
221 2408 400 2449 Deliciae,
431 2408 623 2442 oblectatio
644 2408 755 2441 vincit
773 2408 895 2441 onmia
925 2419 1005 2440 cum
1032 2407 1104 2440 lae-

88 2460 179 2496 titia.

193 2521 270 2556 Vss.
294 2520 392 2556 1069
409 2534 487 2567 sqq.
520 2520 627 2554 Stulti
646 2519 832 2561 homines,
868 2521 929 2567 qui
957 2520 1105 2565 plorant

87 2580 252 2608 mortuos
264 2601 273 2614 ,
300 2580 334 2607 et
351 2586 425 2607 non
442 2574 589 2618 plorant
606 2574 852 2618 pubertatem,
880 2573 1006 2606 florem
1024 2585 1103 2618 per-

126 2701 175 2730 9¹)
194 2700 267 2724 idem
289 2700 343 2724 iam
364 2707 449 2731 supra
468 2701 549 2731 1252
572 2703 613 2725 est
633 2703 823 2727 memoratum.

483 367 611 403 {emus
640 368 728 403 einer
752 367 914 410 bebenctt,
945 366 978 411 so
1003 366 1114 411 fompt
1140 370 1141 374 ’

126 2751 174 2783 92)
195 2751 265 2780 Quid
289 2751 368 2781 mihi]
393 2751 435 2776 sic
461 2752 561 2783 scripsi
587 2751 636 2784 (z
656 2753 776 2783 Theogn.
796 2751 825 2776 τί
840 2750 923 2784 μοι);
956 2752 1004 2776 Ed.
1026 2753 1101 2777 1560.
1127 2762 1130 2772 ι

163 2787 232 2816 Quid
252 2787 340 2811 multi.

91 2830 278 2860 Memmii.
303 2830 410 2861 θυι-ιιι.
435 2831 518 2862 Vm..
544 2831 634 2862 XIX.

2108 121 2182 157 162

1168 213 1327 242 euntem.
1397 205 1547 240 Oblecta
1579 213 1634 248 te,
1679 207 1749 241 cito
1776 207 1837 241 alii
1867 213 1973 240 erunt
2004 205 2183 247 homines,

1168 273 1233 304 ego
1253 265 1420 294 mortuus
1440 271 1502 292 ero
1517 258 1674 305 cini593).

1251 321 1332 355 *Vs.
1361 320 1471 355 1071.
1507 319 1665 365 Oportet
1690 318 1876 354 hominem
1907 322 2184 355 accommodare

1168 386 1203 406 se
1229 374 1273 406 ad
1299 371 1491 406 hominum
1517 372 1661 417 ingenia
1688 379 1722 406 et
1744 385 1884 413 mores,
1924 386 1997 407 non
2026 380 2065 407 ut
2089 374 2185 407 mala

1168 425 1223 458 vel
1249 425 1369 470 turpia
1394 425 1522 467 faciat,
1564 426 1626 460 sed
1660 432 1699 459 ut
1732 432 1808 458 arte
1837 426 1950 467 ferat,
1993 426 2048 459 vel
2074 426 2187 459 leniat

1168 478 1361 523 quaedam.

1271 538 1332 573 Vs.
1351 537 1462 573 1072.
1499 537 1655 572 Miscens
1678 549 1843 579 sensum,
1872 538 2017 584 qualem
2042 551 2185 573 sensum

1168 590 1321 637 quilibet
1343 588 1463 624 habet.
1526 590 1632 624 Plato
1660 591 1745 624 citat
1769 604 1810 624 ex
1828 589 2026 637 Aeschylo:
2057 589 2188 631 Ἀλλὸς

1167 641 1260 691 πρὸς
1276 641 1392 689 ἀλλὴν
1410 639 1521 677 πόλιν
1538 640 1705 689 ἐτάχθη,
1735 643 1772 677 id
1794 650 1864 684 est,
1894 643 1986 678 alius
2012 650 2064 678 est
2091 644 2187 677 ordi-

1167 702 1274 729 natus
1292 696 1337 728 ad
1357 694 1464 727 aliam
1486 695 1626 730 urbem.

1271 755 1349 790 Vss.
1366 755 1464 789 1073
1481 767 1532 800 sq.
1560 755 1665 789 Nunc
1685 768 1834 802 sequere
1852 754 1959 795 hunc,
1989 757 2076 791 alias
2098 757 2186 790 alius

1167 808 1214 842 sis
1231 821 1349 843 sensu.
1405 806 1591 852 Sapientia
1614 814 1665 842 est
1685 809 1857 854 quiddam
1876 809 2059 853 potentius
2077 823 2183 855 quam

1167 873 1321 906 magnae
1343 860 1437 894 vstes
1458 860 1656 904 potentiae.

1272 921 1349 956 Vss.
1370 919 1469 955 1075
1488 934 1566 967 sqq.
1597 920 1719 956 XLIX.
1749 921 1887 955 Futura
1908 922 2057 956 incerta.

1270 983 1349 1017 Vss.
1372 981 1471 1016 1075
1489 995 1541 1028 sq.
1570 982 1717 1028 Negotii
1734 985 1898 1017 nondum
1924 983 2072 1028 perfecti
2097 983 2187 1017 disfi-

1167 1034 1232 1068 cile
1265 1042 1317 1070 est
1349 1035 1471 1069 videre
1508 1036 1637 1076 finem,
1681 1048 1787 1082 quem
1824 1036 1909 1069 velit
1939 1036 2037 1070 Deus
2072 1036 2187 1070 finire.

1165 1086 1277 1121 Estne
1296 1085 1364 1121 hoc
1382 1099 1506 1121 verum
1521 1086 1536 1120 ἐ’
1575 1087 1632 1121 Sic
1649 1096 1903 1133 argumentor:

1216 1139 1354 1185 Regula
1386 1146 1437 1174 est
1471 1146 1585 1173 certa:
1638 1141 1786 1175 Atrocia
1822 1141 1949 1175 delicta
1983 1140 2186 1185 puniuntur

1272 1192 1455 1226 atrocibus
1473 1192 1610 1236 poenis.

1215 1244 1313 1288 Ergo
1332 1245 1390 1278 illa
1409 1246 1529 1278 sutura
1549 1257 1625 1277 non
1648 1252 1731 1279 sunt
1749 1246 1897 1279 incerta.

1268 1297 1503 1342 Respondeo:
1550 1296 1726 1331 Homines
1753 1298 1865 1331 multa
1896 1296 2076 1341 incipiunt
2109 1296 2185 1341 opi—

1163 1348 1274 1382 nione
1306 1350 1486 1390 iustitiae,
1531 1362 1655 1383 errore
1688 1351 1868 1396 quodam,
1909 1349 1971 1383 ubi
1996 1355 2126 1393 putant
2149 1361 2185 1382 se

1163 1408 1258 1434 recte
1274 1402 1412 1442 facere,
1442 1409 1475 1436 et
1494 1402 1689 1443 falluntur,
1724 1415 1799 1436 non
1818 1402 2024 1446 intelligunt
2040 1413 2113 1435 esse
2131 1400 2185 1433 in-

1164 1452 1255 1487 iusta
1269 1481 1276 1493 ,
1305 1460 1340 1487 et
1357 1453 1498 1488 etiamsi
1518 1451 1680 1488 humano
1701 1468 1802 1489 more
1819 1462 1902 1490 sunt
1917 1455 2007 1487 iusta
2023 1481 2031 1495 ,
2061 1460 2185 1486 tamen

1162 1513 1314 1550 possunt
1337 1519 1411 1541 esse
1437 1507 1506 1540 alia
1533 1514 1678 1552 peccata
1693 1535 1701 1548 ,
1730 1514 1769 1541 ut
1786 1506 2055 1541 Beniaminitae
2075 1505 2184 1539 truci-

1163 1559 1251 1592 dant
1271 1559 1404 1593 multos
1421 1572 1462 1593 ex
1481 1560 1618 1604 populo
1636 1559 1832 1594 israelitico
1844 1560 1890 1607 9³¹)
1905 1588 1913 1601 ,
1943 1559 2027 1606 quia
2044 1557 2184 1591 Israeli-

1163 1618 1219 1645 tae
1238 1611 1460 1657 incipiebant
1479 1613 1612 1646 bellum
1631 1613 1759 1647 fiducia
1778 1614 1832 1647 sui
1845 1640 1854 1653 ,
1888 1625 1963 1646 non
1988 1611 2025 1644 in
2053 1611 2183 1643 timore

1162 1663 1247 1697 Dei:
1278 1677 1353 1698 non
1370 1678 1512 1709 semper
1539 1665 1721 1700 cernimus
1748 1671 1914 1710 peccata,
1948 1665 2009 1699 sed
2035 1664 2182 1709 quando

1162 1717 1344 1751 cernimus
1381 1724 1546 1762 peccata,
1592 1719 1705 1752 exitus
1742 1718 1826 1752 satis
1865 1724 1916 1752 est
1952 1715 2181 1762 perspicuus:

1162 1770 1309 1816 quando
1326 1782 1401 1802 non
1421 1770 1602 1804 cernimus
1620 1777 1786 1816 peccata,
1815 1782 1922 1814 saepe
1938 1769 2098 1801 fallimur
2116 1774 2182 1801 etc.

1267 1830 1328 1865 Vs.
1351 1831 1461 1866 1077.
1487 1832 1675 1865 Tenebrae
1704 1843 1882 1876 expansae
1906 1836 1989 1864 sunt
2012 1841 2099 1873 prae
2126 1841 2182 1867 eo,

1133 1882 1135 1897 ³
1162 1885 1260 1930 quod
1277 1884 1439 1917 futurum
1460 1890 1510 1918 est
1529 1884 1616 1918 fieri.
1662 1881 1944 1918 Demosthenes:
1977 1880 2028 1916 Τὸ
2045 1879 2183 1926 μέλλον

1161 1934 1218 1971 ἀεὶ
1235 1933 1413 1983 ἀόρατον.
1470 1936 1624 1971 Etiamsi
1644 1937 1814 1970 videntur
1830 1947 1936 1980 saepe
1960 1935 2102 1975 futura,
2130 1939 2182 1965 ta-

1161 2001 1244 2021 men
1264 1986 1431 2022 homines
1451 1989 1498 2022 ita
1518 1988 1707 2033 indulgent
1727 1989 1800 2023 suis
1817 1987 2020 2028 furoribus,
2049 1991 2089 2020 ut
2106 1997 2180 2018 non

1162 2041 1273 2075 velint
1292 2040 1433 2081 videre,
1463 2042 1519 2074 vel
1538 2054 1611 2074 non
1633 2048 1865 2075 moveantur.

1265 2100 1325 2135 Vs.
1352 2100 1463 2135 1078.
1511 2101 1758 2136 Consiliorum
1784 2099 2066 2146 impossibilium
2092 2099 2180 2132 fines

1160 2166 1235 2187 non
1253 2153 1506 2198 intelliguntur
1526 2154 1753 2188 mortalibus.

1262 2215 1323 2248 Vs.
1338 2214 1447 2249 1079.
1476 2214 1668 2249 Neminem
1688 2214 1922 2249 inimicorum
1942 2212 2096 2258 culpabo
2113 2211 2177 2244 bo-

1159 2280 1268 2308 num,
1308 2267 1344 2300 id
1377 2274 1446 2308 est,
1488 2268 1572 2301 volo
1606 2268 1714 2302 etiam
1739 2268 1889 2302 laudare
1912 2266 2082 2300 virtutem
2110 2263 2177 2296 ini-

1159 2320 1254 2353 mici.

1263 2380 1340 2414 Vss.
1363 2381 1471 2416 1080.
1495 2382 1592 2416 1083
1611 2381 1721 2429 sq.⁹⁵)
1750 2380 1877 2426 Neque
1900 2377 2057 2411 laudabo
2085 2376 2174 2409 ami-

1158 2445 1259 2473 cum,
1288 2433 1350 2479 qui
1366 2440 1417 2467 est
1441 2434 1548 2475 levis,
1584 2435 1707 2469 futilis.
1771 2432 1837 2466 Hic
1864 2436 2009 2476 oportet
2034 2430 2170 2462 bonum

1158 2485 1446 2519 considerantem
1483 2500 1625 2532 semper
1652 2485 1784 2520 habere
1811 2490 1968 2517 mentem
1995 2479 2170 2529 sirmam]

1157 2538 1223 2571 Hic
1241 2537 1445 2579 noscimus,
1471 2539 1558 2585 quid
1582 2540 1627 2574 sit
1642 2538 1893 2573 divinandum.

1191 2661 1239 2692 93)
1261 2662 1378 2686 Obiecta
1398 2663 1424 2684 te
1445 2675 1478 2678 -
1498 2661 1590 2689 vinis]
1611 2661 1653 2684 sie
1676 2661 1700 2683 h.
1722 2660 1738 2682 1.
1766 2658 1916 2681 vertuntur
1942 2656 2027 2680 verba
2054 2660 2165 2686 graeca,

1227 2704 1297 2728 quae
1317 2703 1401 2727 supra
1423 2704 1445 2726 p.
1461 2698 1503 2720 45.
1526 2697 1551 2719 in
1574 2696 1692 2719 not-¹190.
1713 2693 1802 2719 attuli,

1190 2743 1239 2770 94)
1260 2741 1379 2765 Indicum
1397 2741 1441 2769 20,
1460 2741 1494 2764 20
1509 2748 1568 2770 sqq.

1190 2787 1238 2815 95)
1259 2786 1298 2809 De
1319 2792 1377 2809 vss.
1397 2786 1458 2808 10*ss
1478 2792 1518 2814 sq.
1540 2782 1654 2807 omissis
1677 2782 1738 2805 vide
1759 2786 1844 2812 ⁴supra
1867 2788 1891 2810 p.
1906 2780 1948 2803 46.
1968 2780 2059 2803 notam
2073 2779 2116 2801 91.

1644 2820 1686 2852 11
