2421 3005
103 115 178 151 225
529 108 699 146 LXXXII.

104 200 290 245 templum.

104 252 243 286 ciorum
260 251 371 285 boum
384 278 394 292 ,
426 257 461 285 et
477 256 553 284 erat
568 249 619 283 ibi
636 249 808 283 divinitus
835 262 917 283 arae
941 248 1108 282 latitudo.

101 304 287 339 Accessuri
307 303 405 337 enim
422 302 635 348 periculum,
658 302 902 346 precabantur
917 300 1107 334 dominum

102 355 272 395 navium,
301 354 392 401 (Str.
412 355 490 401 10.)
514 360 553 388 ut
573 353 772 398 effugerent
796 360 936 387 motum
964 352 1108 397 insupe-

103 407 267 442 rabilem.
322 407 439 440 Erant
460 412 580 440 autem
598 406 690 439 duae
718 405 820 439 vivae
846 412 986 451 petrae,
1016 416 1108 451 quae

104 458 252 493 celerius
269 459 511 492 movebantur
531 470 639 504 quam
657 458 767 491 venti.

207 511 278 545 Sed
300 510 372 544 iam
398 509 583 555 navigatio
600 509 895 554 Argonautarum
920 508 1002 542 fecit
1028 508 1109 541 illos

102 562 269 608 scopulos
294 562 488 596 consistere
514 562 730 596 immobiles,
785 560 926 594 Deinde
953 561 997 593 ad
1014 558 1108 594 Pha-

755 106 1155 145 {NTERPRETATIO
1191 106 1487 142 PYTHIORUM
1526 105 1734 142 PINDARI.

353 198 489 233 Aderat
512 204 631 232 autem
657 210 860 242 purpureus
889 209 974 242 grex
990 193 1108 229 Thra·
1133 207 1136 212 ’

1134 245 1137 258 Ι

103 614 158 649 sin
175 620 420 654 accesserunt,
455 615 518 648 ubi
534 613 713 648 terribiles
730 611 883 647 Colchos
899 612 934 644 vi
953 612 1109 657 aggressi
1135 642 1137 647 ,

103 672 188 701 sunt
212 667 308 711 apud
328 666 492 701 Aeetam.

555 665 677 701 Venus
703 671 823 699 autem
847 665 968 699 attulit
992 671 1109 698 mota-
1135 678 1136 683 ¹

103 717 222 752 cillam
241 719 285 752 de
302 719 421 759 coelo,
450 719 626 754 inclusam
651 725 753 752 rotae
777 715 924 751 habenti
951 724 1109 764 quatuor
1135 720 1139 746 Γ

102 770 244 810 radios,
274 768 374 815 (Ant.
395 771 473 817 10.)
501 770 785 811 fascinatricem‚
821 776 855 803 et
876 770 1000 803 docuit
1014 768 1109 803 Iaso-

104 834 185 855 nem
210 822 491 863 incantationes,
519 829 559 857 ut
574 823 724 856 Medeae
750 822 923 856 eximeret
943 833 1109 856 reveren-

103 874 191 908 tiam
218 880 434 919 parentum,
468 881 503 908 et
526 875 681 920 expetita
701 875 854 908 Graecia
881 886 960 908 eam
988 874 1109 907 incen-

103 938 180 960 sam
210 925 444 970 persuasione
478 933 646 961 verteret.

102 978 190 1011 fines
214 984 452 1023 paternorum
475 979 714 1012 certaminum
745 979 921 1017 ostendit,
967 985 1001 1012 et
1029 979 1108 1011 oleo

2090 109 2163 144 226

1165 196 1259 229 xiros
1286 195 1561 229 interfecerunt:
1606 194 1667 228 ubi
1692 201 1725 228 et
1753 194 1908 229 vestibus
1932 196 2056 228 donati
2081 203 2164 229 sunt

1162 254 1243 292 post
1261 247 1478 288 certamina,
1513 245 1604 292 (Str.
1624 247 1701 294 12.)
1729 253 1763 280 et
1785 247 2055 281 concubuerunt
2084 259 2163 281 cum

1161 298 1322 338 Lemniis
1340 299 1564 334 mulieribus.
1619 299 1722 333 Tunc
1739 311 1826 333 vero
1846 299 1882 332 in
1909 299 2034 333 alienis
2062 299 2165 333 terris

1163 349 1373 386 inchoatum
1396 358 1447 386 est
1464 351 1547 385 felix
1565 363 1676 396 genus
1696 358 1868 386 vestrum.
1909 351 2000 386 Nam
2018 350 2164 397 Euphe-

1163 415 1242 437 mus
1260 404 1310 437 ibi
1329 417 1370 438 ex
1386 401 1553 437 Malacha
1573 403 1697 449 genuit
1712 403 1845 444 filiurn,
1868 415 1887 436 a
1907 416 1978 450 quo
1998 404 2166 449 deinceps

1164 455 1235 488 orti
1259 463 1341 490 sunt
1366 456 1446 497 alii,
1489 462 1523 489 et
1556 456 1659 490 mixti
1680 455 1995 491 Lacedaemoniis:
2043 463 2168 501 postea

1163 507 1367 551 migrarunt
1391 509 1428 542 in
1455 508 1608 542 insulam
1633 506 1812 547 Theram,
1852 508 1907 541 cui
1941 509 2009 542 fuit
2032 521 2167 543 nomen

1164 559 1322 594 Callista.
1394 559 1480 593 lude
1510 561 1612 595 vobis
1637 561 1735 594 dedit
1756 560 1888 606 Apollo
1916 572 2084 605 campum
2109 560 2167 593 Li-

1163 613 1266 657 byae,
1295 612 1416 646 etDeo
1435 613 1581 646 iuvante
1600 626 1729 658 augere
1749 619 1783 646 et
1799 624 1921 657 regere
1934 612 2098 658 Cyrenen
2108 612 2167 659 ¹2),

1164 663 1265 709 (Aret.
1284 666 1361 710 12.)
1390 671 1581 710 postquam
1602 665 1789 700 invenistis
1807 671 1975 698 eventum
1993 665 2167 700 vaticinii.

1266 717 1364 752 Audi
1380 730 1476 751 nunc
1495 717 1627 763 Oedipi
1642 717 1869 763 sapientiam.
1912 717 1950 751 Si
1968 717 2047 763 quis
2064 725 2167 751 acuta

1163 770 1279 804 securi
1304 782 1456 814 magnae
1484 782 1636 815 quercus
1658 783 1778 804 ramos
1805 776 1986 814 amputet,
2028 776 2061 803 et
2089 771 2168 814 pul-

1164 819 1289 855 chram
1305 822 1459 867 speciem
1478 822 1553 856 eius
1570 823 1764 862 deformet,
1793 834 2014 868 quamquam
2032 824 2168 855 fructus

1136 876 1137 879 ’
1164 874 1304 911 amisit,
1346 881 1468 907 tamen
1501 874 1579 908 usui
1613 887 1686 908 esse
1718 881 1836 918 potest
1865 874 1920 907 vel
1943 874 1979 906 in
2003 872 2166 919 hyberno

715 928 766 961 Ac
792 926 920 960 Medea
947 926 1110 959 celeriter
1136 965 1137 969 Ἰ

1163 979 1241 1012 solo
1258 991 1335 1012 δυο.

102 1029 256 1064 miscens
269 1031 429 1064 remedia
446 1031 615 1065 dolorum
635 1031 752 1070 dedit,
788 1038 826 1064 ut
844 1037 1041 1075 ungeretur
1059 1029 1110 1063 la·
1136 1031 1137 1060 1

103 1092 188 1115 son:
217 1088 252 1115 et
268 1082 363 1126 pacti
379 1089 461 1116 sunt
480 1083 576 1117 inter
592 1095 666 1117 sese
684 1083 841 1127 nuptias.

207 1133 289 1179 (Ep.
313 1134 388 1180 10.)
425 1134 514 1168 Cum
545 1135 654 1179 igitur
676 1135 805 1168 Aeetes
831 1133 1107 1167 adamantinum

102 1191 263 1218 aratrum
295 1185 332 1218 in
366 1186 524 1219 medium
560 1186 768 1225 collocavit,
807 1192 841 1219 et
865 1192 1009 1223 tauros,
1047 1185 1109 1230 qui

101 1236 267 1270 flammas
283 1248 302 1269 a
321 1236 423 1271 flavis
441 1238 589 1272 naribus
604 1237 811 1282 spirabant,
841 1243 875 1270 et
902 1237 1021 1270 aeneis
1042 1249 1109 1269 un-

101 1288 194 1333 gulis
217 1294 352 1322 terram
378 1290 551 1330 arabant,
579 1290 674 1324 solus
699 1289 747 1323 eis
774 1289 896 1333 iugum
924 1288 1108 1333 imposuit,
1134 1319 1135 1322 ,

101 1346 136 1373 et
154 1345 270 1373 rectos
288 1340 404 1374 sulcos
426 1341 578 1381 faciens,
615 1353 675 1374 eos
700 1340 790 1385 egit,
828 1346 862 1373 et
887 1340 999 1373 secuit
1025 1341 1108 1373 dor·
1134 1357 1135 1382 3

99 1404 178 1426 sum
196 1396 315 1424 terrae
335 1392 491 1426 sulcatae
508 1405 574 1437 per
591 1392 776 1436 iugerum;
807 1398 841 1425 et
857 1392 946 1425 dixit
959 1392 1105 1425 Aeetes:

100 1442 178 1477 Hoc
208 1442 237 1477 si
267 1443 392 1477 fecerit
414 1442 540 1481 Iason.
584 1446 725 1478 auferat
753 1444 844 1489 (Sir.
866 1444 943 1485 11.)
978 1444 1105 1488 pellem

99 1493 293 1529 habentem
316 1507 444 1531 aureas
462 1497 633 1531 fimbrias.

203 1547 300 1580 Haec
336 1560 417 1581 cum
449 1548 593 1583 dixisset
627 1561 689 1582 rex
718 1546 926 1587 Colchicus‚
977 1547 1106 1581 abiecit

99 1611 263 1633 croceam
282 1606 417 1634 xestem
434 1599 558 1637 lason,
589 1607 623 1633 et
634 1600 711 1634 Deo
733 1601 936 1639 confidens,
965 1611 1105 1644 aggres-

99 1663 158 1686 sus
177 1657 228 1685 est
246 1663 355 1695 opus;
379 1664 444 1684 nec
462 1652 554 1696 ignis
573 1665 653 1686 eum
673 1653 864 1692 turbabat,
893 1651 976 1697 quia
997 1657 1106 1684 norat

98 1708 289 1748 praecepta
325 1702 487 1738 Medeae.

97 1754 224 1799 ligavit
240 1754 331 1788 colla
356 1755 466 1789 boum
493 1762 615 1789 coacta
643 1756 750 1795 loris,
785 1762 818 1789 et
841 1756 992 1799 infigens
1018 1755 1104 1787 vali-

98 1808 184 1840 dum
209 1806 397 1840 stimulum
423 1808 564 1851 magnis
589 1807 779 1846 lateribus,
814 1809 931 1840 aravit
955 1808 1104 1840 manda-

98 1865 175 1892 tum
200 1857 370 1903 spatium.
437 1859 585 1893 Gemuit
607 1872 670 1893 rex
695 1856 883 1892 Colchicus
906 1858 1015 1891 tacito
1041 1859 1104 1891 do-

97 1911 192 1951 lore,
226 1909 398 1944 virtutem
429 1911 496 1944 viri
523 1911 719 1945 admirans.
782 1909 883 1956 (Ant.
905 1911 980 1955 ll.)
1008 1909 1103 1943 Socii

98 1968 220 1996 autem
237 1961 318 1995 viro
336 1962 423 1996 sorti
447 1975 576 1997 manus
601 1963 859 2008 porrigebant,
897 1968 931 1995 et
961 1961 1104 1995 coronis

97 2012 282 2048 herbaceis
308 2015 535 2048 coronabant
556 2028 659 2053 eum,
701 2021 735 2048 et
760 2014 903 2048 blandis
928 2013 1104 2047 sermoni-

97 2066 164 2101 bus
182 2078 264 2100 eum
285 2067 511 2101 recreabant.

201 2117 303 2151 Dixit
318 2124 440 2151 autem
462 2131 525 2152 rex
543 2117 751 2159 Colchicus,
786 2118 846 2152 ubi
872 2117 1102 2162 splendidum

98 2170 210 2203 vellus
240 2170 477 2214 suspenderat
511 2169 685 2209 Phrixus3
730 2170 958 2204 existimabat
993 2170 1103 2210 enim,

1135 1105 1137 1118 A

1135 1081 1138 1090 ”
1164 1093 1274 1115 manu
1302 1083 1469 1123 admota,
1509 1083 1659 1116 vulnera
1684 1082 1813 1116 ulceris
1838 1094 1979 1117 sanare.

1164 928 1264 971 igne,
1302 927 1358 959 vel
1385 939 1465 960 cum
1490 927 1529 959 fit
1552 927 1664 960 limen
1690 926 1819 960 fultum
1841 926 2018 960 columnis
2041 926 2167 959 relicto

1390 978 1470 1023 (Ep.
1493 979 1570 1025 12.)
1598 978 1644 1012 Es
1665 984 1784 1012 autem
1810 977 1970 1012 medicus
1994 984 2169 1023 opportu-

1887 1029 2043 1075 Oportet
2066 1030 2168 1064 molli

2048 1082 2167 1116 Facile

1164 1140 1215 1167 est
1239 1134 1336 1167 enim
1362 1134 1543 1167 civitatem
1564 1141 1755 1168 concutere
1785 1134 1894 1168 etiam
1912 1134 2168 1173 imbecillibus;

1163 1030 1352 1070 nissimus,
1379 1037 1413 1064 et
1436 1031 1568 1075 Apollo
1596 1037 1630 1063 te
1660 1028 1830 1065 honorat.

1135 1188 1137 1194 ⁴
1163 1187 1225 1220 sed
1243 1198 1366 1220 rursus
1385 1186 1562 1220 collocare
1582 1187 1618 1219 in
1644 1198 1744 1221 suam
1769 1187 1911 1227 sedem,
1947 1186 2089 1220 difficile
2116 1192 2168 1220 est

1134 1329 1136 1354 Ι

1133 1396 1135 1410 1

569 1702 736 1738 Trahens
773 1711 892 1737 autem
929 1708 1132 1743 aratrum‚'

1132 1516 1134 1546 ᾖ
1160 1497 1271 1541 gotio.

1163 1237 1300 1277 subito,
1327 1238 1396 1271 nisi
1415 1237 1512 1272 Deus
1531 1238 1577 1272 sit
1592 1239 1812 1283 gubernator
1827 1238 2046 1283 principum.
2097 1236 2168 1271 Ista

1163 1296 1283 1324 autem
1320 1289 1385 1323 tibi
1420 1288 1584 1325 Charites
1620 1297 1756 1324 texunt.
1833 1290 2020 1324 Sustinens
2058 1289 2167 1334 igitur

1163 1353 1308 1375 omnem
1328 1354 1451 1375 curam
1473 1342 1565 1375 circa
1584 1342 1770 1388 Cyrenen,
1799 1343 1890 1388 (Str.
1911 1342 1986 1388 13.)
2005 1339 2074 1375 hoc
2092 1341 2168 1375 Ho-

1162 1394 1336 1427 mericum
1362 1394 1469 1427 etiam
1498 1394 1659 1439 cogitans
1684 1392 1774 1428 mihi
1801 1393 2006 1434 concedito,
2045 1394 2108 1440 qui
2119 1393 2165 1440 13)

1161 1445 1230 1478 ait:
1259 1445 1384 1480 Bonus
1403 1446 1552 1480 nuntius
1569 1443 1747 1480 honorem
1775 1458 1947 1491 inagnum
1975 1445 2078 1479 affert
2105 1458 2167 1479 ne-

1327 1498 1462 1532 Crescit
1476 1498 1580 1532 Musa
1601 1511 1664 1543 per
1681 1499 1818 1532 bonum
1838 1504 1969 1532 vatem.

1265 1550 1376 1584 Novit
1393 1551 1532 1595 Cyrene
1548 1557 1582 1583 et
1598 1550 1697 1584 Batti
1712 1552 1841 1584 domus
1858 1550 1988 1584 iustam
2007 1555 2165 1582 mentem

1160 1599 1389 1646 Demophili,
1433 1602 1494 1648 qui
1529 1609 1579 1636 est
1614 1603 1707 1636 inter
1741 1603 1900 1636 iuniores
1934 1601 2093 1641 iuvenis,
2129 1601 2164 1633 in

1160 1654 1317 1688 consiliis
1341 1667 1426 1687 xero
1453 1666 1581 1694 senex,
1619 1662 1656 1688 ut
1682 1667 1748 1699 par
1774 1655 1819 1688 sit
1843 1654 1893 1694 ei,
1930 1653 1992 1699 qui
2021 1659 2164 1686 centum

1159 1718 1274 1740 annos
1298 1706 1397 1740 vixit.
1469 1706 1621 1751 Separat
1645 1705 1935 1740 maledicentiam
1964 1718 1984 1738 a
2012 1705 2165 1738 candida

1160 1770 1246 1791 voce
1263 1770 1346 1795 sua;
1363 1758 1500 1791 didicit
1522 1758 1638 1792 odisse
1664 1758 1835 1798 iniustos,
1872 1758 1974 1801 (Ani.
1997 1758 2071 1802 13.)
2100 1769 2165 1789 nec

1159 1809 1275 1853 litigat
1292 1823 1373 1844 cum
1390 1810 1513 1844 bonis:
1543 1822 1617 1843 non
1638 1817 1689 1844 est
1708 1816 1894 1849 contator,
1924 1809 2008 1854 quia
2030 1820 2163 1853 oppor—

1160 1862 1293 1896 tunitas
1326 1863 1423 1906 apud
1453 1860 1619 1896 homines
1652 1874 1727 1895 non
1757 1860 1866 1894 habet
1898 1861 2003 1904 longa
2035 1860 2163 1905 spatia.

1158 1913 1260 1946 Hanc
1283 1921 1377 1947 recte
1400 1914 1522 1954 nox-it,
1559 1920 1592 1947 et
1617 1914 1780 1960 sequitur
1804 1920 1844 1946 ut
1867 1912 2052 1953 minister,
2088 1924 2163 1945 non

1158 1970 1198 1998 ut
1215 1965 1369 2008 fugator.
1424 1966 1537 2000 Aiunt
1559 1972 1677 1999 autem
1703 1966 1802 1999 triste
1828 1963 1897 1998 hoc
1925 1976 2014 1998 esse:
2051 1964 2163 1997 scien-

1159 2022 1230 2049 tem
1254 2017 1371 2057 bona,
1413 2018 1462 2051 eis
1488 2018 1559 2051 frui
1589 2030 1666 2051 non
1694 2030 1809 2062 posse.
1879 2016 1929 2050 Ut
1952 2016 2054 2051 Atlas
2082 2029 2161 2050 cum

1130 2071 1131 2079 ¹
1158 2069 1257 2102 coelo
1291 2070 1466 2109 luctatur,
1511 2071 1638 2113 procul
1667 2082 1685 2102 a
1718 2069 1834 2113 patria
1860 2075 1955 2102 terra
1986 2075 2020 2101 et
2047 2080 2066 2101 a
2091 2068 2162 2103 suis

100 2234 181 2254 eum
199 2233 274 2254 non
292 2233 395 2265 posse
415 2222 569 2263 auferre,
599 2223 681 2268 quia
701 2222 841 2256 iacebat
858 2223 894 2255 in
909 2222 1014 2261 saltu,
1041 2221 1103 2255 ubi
1129 2218 1131 2229 '

99 2271 422 2307 vehementissimis
467 2275 566 2317 genis
610 2275 777 2308 draconis
822 2274 1102 2314 custodiebatur,

99 2325 161 2371 qui
179 2325 406 2369 longitudine
426 2332 460 2358 et
475 2326 664 2359 latitudine
688 2326 810 2359 navim
838 2325 1101 2372 quinquaginta

97 2389 284 2411 remorum
302 2384 515 2423 occuparet,
545 2390 637 2424 quae
654 2378 749 2411 ferro
767 2379 941 2411 fabricata
961 2383 1061 2411 esset.

203 2427 284 2474 (Ep.
304 2428 382 2476 11.)
410 2429 577 2474 Longum
596 2427 687 2462 mihi
704 2436 755 2463 est
774 2430 893 2463 redire
915 2442 980 2474 per
1004 2429 1100 2461 viam

98 2492 290 2521 curruum,
333 2493 374 2514 ac
397 2488 538 2527 tempus
567 2488 681 2526 urget.
748 2481 843 2516 Novi
872 2482 1039 2527 equidem
1069 2487 1103 2513 et

99 2532 247 2565 brevem
265 2532 383 2573 viam,
410 2541 445 2567 et
470 2534 548 2568 aliis
573 2547 650 2568 sum
679 2534 807 2566 doctor
830 2531 936 2567 huius
961 2533 1102 2578 sapien·
1128 2553 1129 2560 κ

98 2583 181 2617 tiae.
235 2582 417 2620 Interfecit
438 2586 544 2620 lason
570 2592 645 2619 arte
671 2587 888 2625 draconem,
924 2597 944 2618 o
963 2584 1102 2618 Arcesi-

98 2635 153 2670 lae
165 2661 174 2675 ‚
201 2640 237 2668 et
254 2635 347 2670 clam
367 2638 702 2679 abduxitMedeam,
720 2649 812 2682 quae
822 2637 959 2670 Peliam
978 2642 1101 2681 postea

99 2686 289 2722 interfecit.

361 2689 406 2723 Et
427 2691 465 2724 in
488 2690 635 2724 Oceano
660 2696 696 2723 et
721 2690 758 2722 in
793 2689 904 2722 rubro
930 2689 1022 2722 mari
1049 2688 1102 2721 fu-
1128 2697 1129 2718 t

99 2744 223 2779 erum,
252 2744 286 2772 Εἴ
312 2739 347 2772 in
374 2749 477 2786 gente
494 2742 730 2776 Lemniarum
758 2741 972 2780 mulierum,
1009 2752 1101 2785 quae
1128 2777 1130 2780 .

143 2797 325 2828 MELANTH.
345 2801 450 2832 Ουιςη.
484 2801 568 2831 Vos..
588 2802 674 2830 xlx.

1157 2121 1275 2155 rebus.
1320 2120 1436 2153 Solvit
1454 2127 1571 2154 autem
1589 2128 1623 2153 et
1642 2120 1793 2155 Titanas
1811 2119 1958 2165 Iupiter.
2001 2120 2160 2165 Tempus

1158 2173 1261 2206 affert
1305 2172 1524 2206 mutationes
1566 2173 1728 2206 velorum
1749 2201 1757 2212 ,
1808 2179 1965 2207 cessante
2002 2174 2158 2206 secundo

1159 2231 1277 2259 vento.
1322 2225 1402 2270 (Ep.
1426 2225 1503 2271 13.)
1531 2224 1619 2258 Post
1637 2224 1879 2269 perniciosum
1894 2225 2062 2258 morbum
2081 2231 2158 2258 tan-

1157 2278 1238 2310 dem
1258 2283 1359 2321 optat
1378 2277 1535 2310 reditum
1554 2275 1815 2322 Demophilus,
1849 2283 1883 2310 et
1905 2277 1951 2310 ad
1966 2276 2057 2310 Solis
2081 2277 2158 2309 son-

1157 2336 1227 2362 tem
1247 2341 1373 2362 curare
1399 2328 1584 2368 convivia,
1614 2336 1648 2362 et
1673 2341 1708 2363 se
1734 2326 1953 2369 exhilarare,
1989 2335 2024 2361 et
2049 2326 2157 2360 citha-

1157 2394 1234 2414 ram
1255 2381 1347 2414 inter
1375 2380 1467 2415 cives
1492 2381 1529 2414 in
1554 2392 1642 2425 pace
1667 2388 1831 2425 tangere3
1869 2387 1903 2414 ct
1924 2392 1989 2413 nec
2016 2380 2157 2412 laedere

1158 2433 1266 2473 alios,
1294 2445 1360 2465 nec
1382 2433 1477 2465 laedi
1505 2445 1523 2465 a
1549 2432 1702 2471 civibus3
1740 2439 1773 2466 et
1798 2444 1946 2465 narrare
1963 2430 2157 2470 Arcesilao,

1157 2485 1299 2530 qualem
1319 2486 1454 2517 sontem
1474 2484 1676 2519 carminum
1693 2484 1888 2529 repererit,
1917 2495 1995 2516 cum
2014 2483 2049 2515 in
2070 2482 2156 2515 urbe

1157 2535 1333 2570 Thebana
1355 2534 1484 2581 hospes
1504 2537 1581 2571 suit.

1193 2667 1238 2697 12)
1259 2666 1406 2696 Cyrenen]
1428 2664 1468 2688 sic
1488 2665 1512 2689 li.
1530 2665 1544 2688 l.
1566 2666 1591 2687 et
1609 2663 1634 2686 in
1654 2669 1729 2692 seqq.
1747 2661 1796 2687 Ed.
1813 2662 1906 2686 1:258.:
1936 2662 1984 2686 Ed.
2001 2662 2076 2687 1563.
2099 2661 2156 2691 cy-

1226 2708 1328 2725 renem.

1194 2753 1239 2781 ¹3)
1261 2753 1318 2783 qui]
1340 2753 1378 2776 sic
1398 2752 1445 2775 Ed.
1467 2751 1559 2775 1⁵5&st
1593 2749 1641 2772 Ed.
1660 2749 1734 2772 1563.
1756 2748 1826 2778 quia.

1578 2783 1624 2818 15
