2421 3005
61 99 136 137 653
390 101 480 138 XCI.
532 102 821 140 ENARRATIO
852 105 982 140 LIBRI
1009 107 1085 143 XV.

287 187 434 233 Tages
463 202 512 223 cx
540 191 668 235 gleba
698 198 840 227 ortus.

113 256 174 291 Vs.
192 255 280 291 554.
315 259 469 292 Fatalem
490 260 620 302 fiebam
644 262 744 294 motis
767 264 944 305 conspexit
953 262 997 304 ⁶⁷)
1026 265 1063 296 in

475 313 580 344 urvis.

165 368 290 414 Tagen
307 382 348 404 ex
365 370 465 415 gleba
483 377 609 404 natum
631 371 790 405 arbitror
812 373 918 408 fuisse
945 371 1061 407 homi-

59 434 142 455 nem
163 423 376 463 obscurum,
404 423 465 468 qui
490 423 609 456 subito
636 423 862 465 inclaruerit,
900 437 979 459 cum
1007 438 1064 459 ar-

59 480 131 507 tem
150 474 340 507 divinandi
358 480 447 507 esset
471 475 662 518 professus.
725 475 839 509 Terra
866 477 961 510 enim
986 478 1063 511 nati

60 525 147 558 olim
166 525 378 559 dicebantur
395 526 510 570 ignoti
535 533 568 559 et
595 527 748 561 obscuri.
811 528 929 573 Quam
958 529 1063 562 multi

59 575 168 610 hodie
194 577 296 622 quasi
322 590 363 611 ex
390 579 489 622 gleba
515 579 683 612 oriuntur
709 577 886 624 theologi,
922 581 983 626 qui
1008 593 1062 614 re—

58 629 140 662 licta
173 629 263 662 stiva
298 635 332 662 et
363 637 484 663 aratro
517 630 716 675 suscipiunt
750 644 880 665 munus
919 633 1062 666 concio-

57 680 192 721 nandi,
219 688 253 714 et
269 681 492 725 professione
511 694 690 716 novarum
710 682 925 728 opinionum
942 685 1061 718 subito

58 732 308 767 innotescunt!

220 819 408 852 Romuli
437 816 570 864 hasta
600 818 645 852 in
673 819 896 854 arborem.

109 884 170 920 Vs-
187 883 275 921 561.
316 890 399 923 Cum
422 888 530 921 subito
554 889 637 921 vidit
657 886 877 930 frondescere
897 889 1062 922 Romulus

474 940 619 973 hastam.

163 998 341 1032 Romulus
374 1004 516 1042 captato
552 998 704 1042 augurio
737 1011 817 1032 cum
849 997 990 1033 hastam
1019 1012 1062 1032 ex

56 1050 239 1084 Aventino
268 1056 392 1084 monte
425 1051 462 1083 in
498 1050 718 1094 Capitolium
754 1051 912 1092 iecisset,
957 1049 1060 1086 hasta

56 1104 134 1137 solo
152 1102 257 1135 infixa
275 1109 424 1147 repente
452 1103 546 1146 cepit
568 1103 813 1136 frondescere:
852 1104 950 1149 quod
976 1115 1060 1148 pro—

56 1155 193 1200 digium
209 1154 440 1199 significavit,
467 1160 600 1188 statum
617 1154 930 1199 imperiiRomani
945 1153 1060 1196 hasta,

54 1205 126 1241 hoc
151 1212 222 1247 est,
263 1206 374 1240 armis
402 1207 480 1240 fore
506 1206 709 1241 florentem.
777 1205 994 1241 Plutarchus
1021 1207 1059 1240 in

53 1259 128 1293 vita
145 1258 351 1305 Ronmliffi)
370 1258 535 1292 meminit
557 1256 665 1293 huius
688 1259 849 1299 arboris,
885 1271 926 1292 ac
949 1259 1061 1293 tradit

54 1324 135 1345 eam
153 1317 229 1343 tam
245 1310 308 1344 diu
326 1311 510 1351 floruisse,
537 1311 623 1344 dum
646 1311 791 1356 imperii
808 1317 921 1345 status
946 1312 1059 1345 maxi-

52 1376 113 1397 me
138 1362 279 1400 floruit;
324 1363 390 1396 sub
415 1362 560 1396 initium
585 1375 670 1396 vero
695 1363 873 1397 bellorum
898 1363 1058 1397 civilium

54 1414 246 1449 exaruisse.
299 1414 521 1448 Aedificante
542 1415 636 1448 enim
655 1414 746 1449 Iulio
764 1416 938 1456 Caesare,
964 1416 1059 1449 fabri

54 1480 135 1502 cum
160 1465 367 1512 propinqua
396 1466 537 1501 arboris
561 1467 639 1501 loca
665 1474 800 1502 temere
823 1468 1058 1509 suffoderent,

54 1519 130 1554 eius
146 1518 285 1552 radices
303 1519 499 1553 violarunt.

159 1605 304 1650 Cippo
334 1605 379 1637 in
407 1605 566 1638 fronte
600 1612 731 1639 enata
761 1618 950 1641 cornua.

104 1675 183 1710 Vss.
201 1671 278 1708 565
295 1687 347 1720 sq.
382 1677 452 1708 Aut
475 1688 537 1708 sua
556 1675 702 1718 flumina
729 1688 804 1709 cum
827 1678 912 1710 vidit
932 1678 1057 1720 Gippus

474 1728 512 1760 in
533 1729 624 1760 unda

106 1780 253 1814 Cornua.

156 1838 208 1872 M.
233 1838 391 1872 Genutio
418 1838 556 1884 Cippo,
597 1837 701 1872 sicuti
725 1837 840 1878 Mosi,
877 1838 915 1871 in
938 1839 1054 1883 capite

52 1890 156 1936 quasi
170 1902 305 1924 cornua
322 1896 582 1936 apparuerunt.
635 1890 750 1924 Huius
769 1891 972 1934 exemplum
990 1892 1055 1924 do—

51 1949 126 1984 cet,
154 1955 230 1976 non
250 1955 324 1977 esse
351 1945 597 1988 occupandam
622 1943 798 1987 patriam,
835 1943 975 1976 etiamsi
996 1956 1053 1976 oc-

51 1994 194 2028 casione
211 1994 331 2040 aliqua
348 1995 384 2028 id
400 1995 478 2029 fieri
494 1994 619 2040 possit.
672 1994 797 2028 Multis
813 2001 931 2028 autem
954 1996 1052 2039 prin-

50 2045 189 2091 cipibus
218 2052 318 2080 tanta
349 2047 463 2081 libido
496 2047 712 2081 dominandi
743 2047 867 2080 innata
898 2054 968 2088 est,
1000 2054 1052 2089 ut,

895 2165 976 2190 Ovid.
1001 2166 1051 2191 Ed.

83 2165 131 2197 67)
151 2167 240 2191 motis
261 2165 430 2196 conspexit]
462 2165 502 2189 sic
527 2165 613 2190 Editt.
635 2165 728 2197 1555„
764 2165 858 2195 1559.;

120 2201 233 2227 Mitsch.
251 2201 356 2225 mediis·
375 2201 519 2231 adspexit.

84 2243 131 2275 68)
152 2244 291 2270 Plutarch.
309 2243 368 2268 vita
386 2243 496 2268 Romuli
514 2250 536 2267 c.
552 2243 595 2268 20.

1120 107 1603 148 METAMORPHOSEON
1639 113 1800 150 OVIDlI.
2046 116 2124 154 654

1988 154 2012 168 ‘-

1120 207 1199 229 cum
1228 196 1362 242 Cippea
1387 210 1523 232 cornua
1546 212 1621 233 non
1644 199 1821 244 habeant,
1866 209 1989 237 tamen
2011 216 2123 249 regna

1119 254 1153 280 et
1171 247 1323 293 imperia
1343 250 1533 294 arripiant.

1202 349 1376 397 Delphi
1404 352 1451 386 in
1473 354 1625 387 medio
1652 360 1881 390 terrarum
1911 358 2033 393 orbe.

1170 426 1247 461 Vss.
1266 428 1342 461 630
1357 441 1410 474 sq.
1444 432 1653 476 mediamque
1669 435 1814 466 tenentis
1827 432 1874 479 ⁶9)

1171 480 1272 513 Orbis
1287 481 1424 514 humum
1442 483 1591 524 Delphos
1607 485 1750 524 adeunt,
1774 486 1914 518 oracula
1934 487 2070 521 Phoebi.

1221 547 1350 581 Strabo
1370 549 1462 581 libro
1482 549 1517 583 9.
1527 549 1574 597 ⁷⁰)
1594 558 1721 585 narrat
1739 553 1899 587 fabulam
1919 556 1962 588 de
1984 556 2123 589 duabus

1118 598 1249 643 aquilis
1267 611 1285 631 a
1305 598 1388 633 Iove
1408 601 1565 642 emissis,
1592 615 1702 636 unam
1721 604 1764 637 ab
1785 605 1942 647 oriente,
1970 607 2122 640 alteram

1117 649 1162 682 ab
1189 650 1393 691 occidente,
1437 659 1471 685 et
1493 655 1791 690 convenientibus
1822 659 1919 702 apud
1947 657 2123 703 Delphos.

1118 699 1228 735 Cuius
1245 702 1388 735 fabulae
1406 709 1440 736 et
1450 703 1671 740 Claudianus
1689 708 1856 742 meminit
1872 709 1911 742 in
1926 711 2123 754 praefatio-

1115 765 1160 786 ne
1177 755 1220 786 de
1238 754 1425 788 consulatu
1446 755 1562 789 Mallii
1579 757 1769 792 Theodori
1787 759 1842 795 his
1859 762 2019 796 versibus
2030 762 2097 809 Ἠ);

1185 813 1307 845 Iupiter⁷
1333 815 1364 837 ut
1382 814 1545 847 perhibent,
1572 817 1693 847 spatium
1712 825 1774 843 cum
1793 820 1902 845 discere
1920 822 2008 846 vellet

1220 857 1362 886 Naturae,
1381 858 1461 888 regni
1481 859 1593 882 nescius
1613 860 1672 890 ipse
1691 861 1751 892 sui3

1185 898 1352 930 Armigeros
1371 901 1501 931 utrinque
1519 901 1588 925 duos
1607 902 1767 933 pernicibus
1776 903 1813 935 72)
1832 905 1886 929 alis

1219 940 1296 965 Misit
1318 942 1352 965 ab
1372 942 1439 966 Eois
1461 943 1646 975 Occiduisque
1662 946 1765 977 plagis,

1185 982 1328 1007 Parnasus
1348 984 1473 1015 geminos
1494 986 1584 1010 fertur
1603 988 1728 1013 iunxisse
1747 990 1881 1022 volatus3

1219 1026 1344 1050 Contulit
1363 1028 1490 1052 alternas
1509 1029 1627 1060 Pythius
1645 1032 1708 1055 axis
1728 1038 1807 1057 aves.

1115 1068 1190 1102 Hac
1214 1070 1357 1103 ratione
1384 1071 1538 1106 Ovidius
1564 1081 1670 1108 vocat
1695 1073 1754 1109 hic
1772 1074 1935 1122 Delphos
1962 1079 2121 1112 mediam

1114 1119 1266 1155 humum
1284 1123 1401 1165 orbis,
1429 1136 1492 1158 seu
1510 1126 1722 1161 umbilicum
1740 1134 1870 1163 terrae.

1190 1223 1355 1258 Anima
1389 1224 1500 1260 Iulii
1529 1227 1744 1264 Caesaris
1778 1230 1822 1263 in
1860 1232 2041 1267 stellam

1497 1279 1728 1315 crinitam.

1164 1353 1242 1388 Vss.
1264 1353 1338 1388 849
1355 1368 1408 1401 sq.
1451 1357 1774 1405 Flammz‘ferumqece
1805 1363 1945 1396 trahens
1974 1365 2123 1406 spatioso

1532 1411 1640 1444 limite
1657 1414 1786 1445 crinem

1163 1458 1274 1491 Stella
1295 1461 1411 1493 micat.

1214 1525 1269 1558 De
1287 1534 1440 1568 cometa,
1467 1527 1566 1562 cuius
1583 1526 1641 1563 hic
1659 1531 1838 1572 meminit,
1866 1532 2061 1568 Suetonius
2070 1534 2119 1583 73)

1111 1576 1149 1609 in
1170 1577 1244 1610 vita
1263 1576 1345 1611 Iulii
1366 1578 1530 1614 Caesaris
1556 1580 1606 1614 sic
1628 1582 1768 1616 scribit:
1802 1584 1989 1630 Siquidem
2012 1587 2120 1628 ludis,

1111 1641 1202 1674 quos
1218 1629 1338 1674 primo
1356 1638 1582 1666 consecratos
1598 1634 1630 1666 ei
1645 1632 1771 1669 haeres
1779 1636 1961 1680 Augustus
1977 1639 2120 1679 edebat,

1109 1681 1210 1714 stella
1232 1681 1360 1715 crinita
1377 1695 1443 1727 per
1466 1683 1490 1716 7
1510 1684 1585 1718 dies
1612 1687 1805 1722 continuos
1828 1689 1927 1723 fulsit
1953 1690 2118 1725 exoriens

1110 1733 1203 1766 circa
1224 1731 1283 1767 XI.
1305 1731 1456 1773 horam;
1495 1737 1746 1784 creditumque
1771 1746 1823 1774 est
1853 1741 2011 1775 animam
2042 1755 2118 1776 esse

1110 1783 1273 1819 Caesaris
1291 1786 1329 1818 iu
1348 1787 1486 1820 coelum
1506 1789 1658 1833 recepti:
1689 1797 1724 1823 et
1740 1789 1807 1824 hac
1824 1793 1867 1825 de
1885 1805 1989 1827 causa
2006 1794 2119 1828 simu-

1108 1836 1207 1869 lacro
1225 1836 1300 1871 eius
1320 1837 1357 1870 in
1375 1839 1507 1872 vertice
1526 1841 1672 1875 additur
1687 1843 1802 1877 stella.

1141 1969 1189 2003 69)
1208 1972 1352 2031 tetnentis]
1372 1973 1414 1998 sic
1432 1974 1519 2000 Editt.
1541 1976 1616 2002 1555.
1628 1993 1635 2007 ‚
1657 1975 1750 2009 1'559.;
1782 1979 1862 2004 Ovid.
1877 1980 1927 2005 Ed.
1943 1980 2050 2005 Mitsch.
2069 1983 2116 2007 te-

1176 2012 1232 2030 nen
1248 2013 1286 2031 es.

1141 2055 1189 2088 70)
1211 2058 1304 2083 strab.
1323 2059 1373 2091 lx,
1393 2067 1417 2091 p.
1432 2062 1494 2086 419.
1514 2063 1584 2086 extr.
1605 2064 1654 2088 Ed.
1675 2064 1794 2089 casaub.
1814 2071 1841 2091 a.
1857 2066 1935 2090 1620.

1140 2107 1189 2136 71)
1210 2108 1357 2135 Claudiani
1375 2111 1403 2136 in
1415 2113 1505 2137 Mallii
1519 2114 1655 2139 Theodori
1671 2117 1848 2141 consulatum
1867 2119 1977 2150 prolog.
1999 2121 2111 2145 11—16.

1138 2159 1186 2191 72)
1207 2161 1381 2193 pernicibus]
1401 2164 1443 2188 sic
1461 2165 1547 2191 Editt.
1565 2166 1657 2198 1555.‚
1678 2168 1771 2199 1559.;
1802 2169 1947 2198 claudian.
1966 2173 2017 2198 Ed.
2037 2174 2112 2197 Bur—

1174 2201 1284 2222 mann.:
1311 2199 1483 2229 aequalibus

1139 2246 1188 2275 73)
1208 2249 1321 2276 sueton.
1341 2251 1400 2275 vita
1419 2252 1484 2276 Iulii
1503 2253 1637 2278 Caesaris
1656 2262 1680 2281 c.
1695 2256 1738 2280 88.
