2421 3005
66 121 139 160 105
448 118 636 154 LXXVIII.

167 208 226 242 Vs.
257 207 344 242 396.
396 205 566 253 Innata‚]
604 217 637 241 cr
675 206 713 250 ist
742 215 801 241 Ὁοῑ·
829 204 913 251 nicht
937 210 996 251 gut
1023 215 1075 251 ge:

66 261 232 344 mesen-‘Is‘
253 309 340 343 397.
393 309 489 343 Boni
523 322 624 343 mens
650 320 724 341 non
749 309 912 354 sequitur
938 309 1030 341 mala
1045 306 1074 355 ‚]

63 365 101 398 id
126 370 197 403 est,
224 374 299 394 non
315 361 470 395 flectitur
489 362 534 393 ad
560 361 667 394 mala.

167 414 228 448 Vs.
239 413 326 448 398.
379 413 475 446 Boni
494 412 561 445 viri
581 419 632 446 est
659 417 753 445 recte
771 412 864 444 ferre
881 411 1073 445 secundam

65 473 99 502 et
126 468 315 500 adversam
340 466 538 498 fortunam.
594 463 667 497 Iam
693 463 855 509 sequitur
875 463 1074 507 responsio.

166 518 245 552 Vss.
263 516 338 550 399
363 529 440 562 sqq.
467 515 576 550 XXV.
630 514 726 550 Laus
754 515 909 549 iustitiae
940 521 974 547 et
998 527 1076 547 mo·

65 570 214 604 destiae.
519 570 522 572 ’

168 620 229 654 Vs.
254 619 341 654 399.
395 619 564 652 Verearis
594 619 749 658 amicos,
783 618 895 663 fugito
937 617 1073 651 iniura-

64 679 206 713 menta,
242 671 401 716 periuria
414 669 443 719 ,]
478 671 527 707 bie
555 669 642 707 (550st
666 669 791 716 strafft,
829 682 921 716 quae
955 669 1074 714 perdit

63 725 173 758 viros.
226 723 429 757 Revereare
447 723 537 755 iram
559 722 732 762 Deorum,
757 734 893 766 poenas
910 721 1073 766 periurii.

58 774 325 822 Ἐντρέπεσθαι
354 781 406 808 est
429 774 565 813 vereri;
604 774 635 808 1.
654 772 818 808 Corinth.
841 773 876 813 4,
903 772 999 820 (14.)
1013 772 1072 819 3⁶).

63 827 199 862 Paulus
222 828 336 860 utitur
353 826 460 859 etiam
480 824 548 859 hoc
565 826 688 859 verbo.

167 878 244 912 Vss.
262 876 480 913 401—405.
507 878 590 912 Non
606 876 759 911 nimium
778 878 934 911 festines.
963 876 1073 910 Tem-

62 930 249 976 pestivitas
275 930 313 963 in
337 930 505 964 omnibus
528 936 579 964 est
611 929 748 974 optima
777 930 929 974 negotiis
955 926 1073 962 homi-

63 993 166 1016 num.
226 981 320 1015 Sane
343 983 389 1015 ad
418 983 618 1027 potentiam
643 982 789 1015 festinat
814 982 870 1014 vir
896 993 1072 1028 quaerens

62 1034 224 1074 lucrum,
260 1046 367 1080 quem
389 1034 507 1067 virum
532 1033 734 1079 praesciens
764 1034 878 1067 fatum
908 1033 1006 1067 ducit
1034 1033 1071 1066 in

62 1097 234 1130 magnum
262 1098 422 1120 errorem
449 1092 484 1119 et
507 1087 664 1127 malum,
699 1093 733 1120 et
760 1087 846 1120 facit
879 1086 911 1119 ei
943 1085 1072 1125 videri,

64 1149 157 1184 quae
185 1144 289 1171 erant
315 1139 432 1179 mala,
459 1139 555 1171 bona
584 1150 670 1172 esse.

164 1188 226 1224 Vs.
245 1188 331 1224 406.
360 1188 551 1237 εὐμαρέως
579 1187 665 1236 etc.]
720 1188 833 1233 Quasi
858 1189 970 1222 dicat:
1002 1189 1072 1222 Cu-

64 1239 196 1285 piditas
221 1247 344 1274 nostra
371 1247 423 1274 est
453 1253 579 1281 causa,
607 1253 682 1273 non
713 1242 840 1274 satum.
901 1240 984 1275 Non
1021 1247 1073 1275 est

69 1291 222 1325 Stoicus.

164 1342 225 1376 Vs.
241 1340 329 1376 407.
382 1342 453 1376 Ubi
473 1343 612 1383 errasti,
640 1350 701 1376 tua
720 1342 845 1376 electio
864 1349 916 1376 est
933 1341 1071 1390 causa]

62 1394 166 1428 Paris
196 1399 248 1427 est
272 1405 376 1427 causa
403 1394 618 1428 calamitatis
646 1394 801 1435 Troiae,
842 1406 917 1427 non
944 1395 1070 1428 satum.

176 1444 254 1479 Vss.
275 1444 350 1480 409
367 1458 420 1491 sq.
473 1445 622 1480 Nullum
648 1447 836 1479 meliorem
860 1444 1070 1480 thesaurum

62 1497 245 1542 relinques
269 1497 351 1532 filiis
375 1498 526 1542 pudore.

163 1547 224 1583 Vs.
247 1547 334 1584 411.
387 1549 531 1584 Nullius
562 1550 721 1583 malitiae
749 1550 805 1583 vel
834 1550 971 1595 peccati
1004 1548 1072 1583 ho-

62 1599 202 1634 minum
228 1600 275 1635 sis
298 1601 414 1636 socius
425 1599 456 1649 ,]
486 1601 523 1634 id
547 1608 618 1643 est,
645 1614 691 1635 ne
708 1602 952 1636 communices
976 1602 1071 1636 vitiis

63 1658 266 1696 potentum.

166 1702 245 1737 Vss.
263 1702 338 1737 413
356 1716 434 1749 sqq.
462 1703 586 1738 XXVI.
640 1705 694 1738 De
717 1705 898 1739 futilitate.

168 1754 229 1788 Vs.
241 1754 327 1790 413.
349 1755 483 1789 Bibens
494 1768 570 1789 non
583 1755 1002 1804 inebriabor.]19a5972513
1011 1757 1071 1803 ³⁷),

63 1806 101 1839 id
123 1812 194 1846 est,
222 1807 297 1840 vini
317 1807 418 1851 potio
436 1808 592 1851 largior,
620 1820 638 1841 a
658 1804 814 1855 θώραξ,
843 1810 926 1854 quia
950 1816 1072 1853 pectus

62 1858 249 1898 turbatur,
284 1859 431 1903 spiritus
462 1860 753 1899 inflammantur,
789 1861 947 1894 actiones
981 1862 1072 1894 fiunt

63 1909 248 1948 turbidae3
283 1910 344 1942 alii
367 1911 504 1945 ducunt
532 1924 550 1944 a
576 1911 803 1959 19u390937⁸),
840 1912 874 1945 id
909 1918 980 1951 est,
1007 1925 1072 1957 po-

64 1961 197 1995 culum.

167 2011 245 2046 Vss.
262 2011 491 2048 413—416.
542 2014 667 2061 Neque
684 2015 808 2048 vinum
826 2028 882 2048 me
908 2016 1072 2055 adducet,

63 2070 103 2098 ut
126 2063 243 2098 dicam
271 2070 373 2098 atrox
394 2066 543 2099 verbum
568 2068 610 2100 de
636 2074 680 2100 te.
734 2065 833 2101 Nihil
855 2080 999 2112 possum
1018 2068 1072 2100 in-

63 2116 187 2150 venire
212 2115 328 2150 simile
351 2129 546 2162 quaerens,
575 2125 614 2153 ut
638 2119 774 2152 socium
798 2120 951 2153 fidelem.

166 2167 226 2202 Vs.
251 2166 338 2203 417.
392 2168 524 2204 Valens
564 2171 609 2203 ad
641 2171 798 2215 lapidem
832 2170 987 2216 Lydium
1025 2172 1070 2204 ad

61 2219 317 2265 probationem
354 2219 523 2269 atteror.]
577 2219 754 2262 Βάσανος
787 2223 962 2268 significat
986 2235 1070 2267 pro-

62 2271 247 2305 bationem
276 2278 310 2304 et
337 2271 452 2317 ipsum
480 2273 648 2317 lapidem.

164 2322 225 2357 Vs.
245 2322 333 2358 418.
387 2324 602 2373 Superior,]
632 2327 667 2359 id
687 2332 757 2366 est,
784 2327 935 2361 cautior.

166 2374 244 2410 Vss.
263 2374 338 2410 419
355 2388 407 2422 sq.
463 2376 577 2410 Multa
601 2390 657 2411 me
687 2378 945 2422 intelligentem
968 2390 1071 2423 prac-

65 2432 227 2467 tereunt,
264 2428 325 2461 sed
359 2440 555 2471 agnoscens
593 2442 711 2462 meam
751 2428 1068 2477 imbecillitatem]

62 2478 266 2513 Sallustius:
295 2478 487 2514 Extremae
505 2481 705 2514 dementiae
730 2488 781 2515 est
797 2483 927 2516 frustra
953 2482 1018 2516 niti
1037 2489 1071 2515 et

96 2614 145 2647 ³6)
166 2616 186 2640 1.
201 2615 323 2640 Corinth.
338 2617 363 2647 4,
383 2616 471 2647 (1401
492 2617 531 2640 sic
550 2617 668 2647 εισι-ἐμὴ
689 2617 735 2640 Ed.
754 2618 830 2641 1560.
853 2618 873 2640 1.
889 2617 1013 2643 Corinth.
1027 2619 1051 2641 5.

98 2658 149 2688 3⁷)
168 2655 296 2690 θώρηξις]
318 2659 455 2689 Theognis
475 2661 498 2683 h.
523 2661 539 2685 Ι,
560 2667 613 2684 non
634 2661 714 2684 habet
733 2661 782 2684 hoc
802 2661 905 2691 subse,
926 2662 974 2684 sed
994 2662 1069 2685 Ver—

139 2695 201 2718 bum
222 2692 426 2724 θωρήσσεσθαι.

96 2744 169 2775 378)
189 2744 292 2777 affigam]
312 2746 379 2769 hanc
399 2751 493 2770 vocem
512 2746 537 2769 iu
562 2747 645 2769 Lexx.
669 2753 710 2777 gr.
730 2753 783 2770 nou
805 2746 906 2771 inveni.

692 116 986 153 EXPLICATIO
1014 115 1402 152 SENTENTIARUM
1431 116 1738 152 THEOGNIDIS.

2054 118 2128 153 106

1130 202 1220 237 nihil
1248 205 1317 238 nisi
1338 205 1462 238 odium
1489 216 1682 250 quaerere,
1711 204 1746 236 in
1771 204 1994 248 praefatione
2012 203 2136 248 lugur-

1131 254 1222 289 thini
1246 256 1396 301 helli³⁸).
1433 256 1529 300 Ergo
1549 256 1715 300 Apostoli
1733 262 1815 289 sunt
1832 257 2024 291 dementes.
2062 256 2135 290 Re—

1130 309 1293 352 sponsio:
1322 308 1405 342 Non
1431 309 1561 341 frustra
1588 308 1773 347 nituntur,
1803 308 1885 353 quia
1913 308 2010 342 Deus
2036 309 2136 342 iuvat

1131 352 1254 393 eorum
1274 360 1415 394 labores
1429 387 1438 401 ,
1464 366 1503 392 ut
1522 360 1702 405 aliquibus
1717 359 1879 404 prosint,
1905 361 2043 394 etiamsi
2060 372 2136 393 non

1130 411 1316 449 omnibus,
1346 418 1379 444 et
1394 409 1528 445 habent
1546 412 1756 444 mandatum
1776 411 1854 445 Dei.
1890 411 2042 445 Vocatio
2059 424 2135 445 non

1129 469 1181 497 est
1202 464 1333 496 frustra
1361 464 1438 497 niti.

1230 514 1291 548 Vs.
1315 513 1402 550 422.
1456 514 1570 548 Multa
1595 526 1668 547 non
1695 515 1852 548 cui‘anda
1887 527 1994 549 curae
2017 513 2132 563 sunt.]

1127 564 1376 610 Reprehendit
1398 566 1654 600 curiositatem.
1699 566 1863 611 Apostoli
1894 579 1969 600 non
1999 567 2136 601 faciunt

1129 618 1355 658 curiositate,
1392 619 1453 652 sed
1476 625 1653 662 coguntur
1684 618 1874 652 vocatione
1904 625 1937 652 et
1961 621 2134 652 mandato

1127 669 1207 703 Dei.

1229 720 1307 754 Vss.
1325 720 1398 756 421
1419 741 1471 746 —
1487 720 1573 756 424.
1651 721 1828 755 {ultorum
1850 720 2039 756 hominum
2068 722 2135 755 lin-

1127 772 1205 816 guis
1225 773 1320 806 fores
1338 785 1413 806 non
1432 773 1576 806 obditae
1594 780 1676 807 sunt
1695 774 1969 815 convenientes,
1994 781 2028 807 et
2050 774 2135 819 ipsis

1128 825 1239 857 multa
1272 837 1348 858 non
1374 826 1532 858 curanda
1560 838 1667 858 curae
1700 832 1794 860 sunt.
1858 826 1972 871 Saepe
1998 827 2133 860 malum

1128 876 1223 910 intus
1247 877 1466 922 repositum,
1494 878 1623 911 melius
1650 875 1741 924 est‚]
1771 878 1806 910 id
1828 884 1900 919 est,
1928 879 2043 912 multo
2063 891 2135 911 me-

1125 929 1194 963 lius
1211 935 1263 962 est
1280 929 1403 970 taceri,
1431 930 1566 963 malum
1584 930 1673 962 bene
1690 930 1875 964 conditum
1892 942 1967 963 non
1986 942 2136 963 moven-

1126 982 1225 1015 dum.
1286 981 1367 1018 Ξαῧ
1402 981 1462 1027 bat
1497 982 1558 1018 alle
1595 981 1660 1026 {ein
1696 987 1785 1019 mag.
1847 980 1909 1016 Illa
1942 988 2134 1027 praecepta

1125 1031 1261 1066 hahent
1277 1046 1358 1068 suas
1373 1040 1497 1068 metas.
1532 1034 1677 1068 Bonum
1695 1041 1745 1068 est
1763 1035 2034 1079 proferendum,
2059 1046 2135 1067 non

1130 1085 1279 1118 malum.

1229 1136 1307 1170 Vss.
1326 1135 1401 1172 425
1420 1149 1498 1182 sqq.
1527 1136 1666 1171 XXVII.
1721 1136 1910 1182 Optimum
1930 1150 2005 1170 non
2024 1137 2135 1172 nasci.

1231 1187 1443 1222 Communis
1469 1190 1613 1234 querela
1644 1189 1680 1222 iu
1707 1190 1905 1222 multorum
1937 1189 2077 1234 scriptis
2101 1196 2135 1222 et

1126 1251 1231 1284 saepe
1253 1241 1402 1284 repetita
1416 1267 1424 1280 ‚
1453 1254 1543 1286 quae
1571 1242 1748 1285 significat
1764 1241 2049 1284 magnitudinem
2068 1241 2135 1274 mi-

1125 1291 1300 1325 seriarum
1335 1292 1473 1336 generis
1498 1290 1669 1333 lnunani,
1706 1304 1796 1338 quae
1828 1294 1989 1336 profecto
2018 1293 2136 1326 maior

1126 1348 1197 1383 est,
1233 1355 1341 1388 quam
1370 1344 1520 1388 cogitari
1546 1351 1674 1389 potest.
1738 1344 1903 1378 Socrates
1927 1358 2005 1378 cum
2033 1345 2134 1378 audi-

1126 1393 1232 1427 visset
1258 1395 1401 1428 recitari
1427 1396 1564 1440 primos
1591 1409 1714 1430 versus
1733 1397 1767 1428 in
1785 1396 1912 1430 Oreste
1932 1396 2133 1441 Euripidis:

1125 1446 1231 1480 Nulla
1257 1447 1441 1481 calamitas
1467 1448 1615 1493 cogitari
1640 1455 1776 1493 potest,
1810 1460 1900 1494 quae
1924 1461 1997 1481 non
2022 1449 2136 1493 possit

1126 1498 1285 1531 accidere
1312 1497 1452 1532 homini
1469 1499 1536 1546 3⁴³),
1566 1501 1666 1534 iussit
1685 1501 1949 1546 aliquantulum
1971 1501 2134 1535 resistere

1126 1556 1159 1582 et
1173 1562 1247 1583 non
1262 1552 1500 1596 pronuntiare
1524 1552 1693 1593 ulterius,
1719 1553 1794 1597 ipse
1811 1552 1907 1586 stetit
1926 1553 2135 1597 cogitabun-

1125 1603 1210 1643 dus,
1239 1603 1387 1643 tacitus,
1424 1604 1584 1638 intentus
1609 1604 1644 1637 in
1673 1604 1999 1638 considerationem
2028 1605 2133 1639 istam

1125 1655 1168 1687 de
1191 1655 1440 1699 magnitudine
1458 1656 1683 1690 miseriarum
1705 1657 1843 1701 generis
1864 1655 2026 1691 humani.
2064 1656 2133 1690 Sed

1126 1718 1191 1740 nos
1220 1704 1394 1741 habemus
1427 1720 1539 1741 unum
1579 1715 1854 1751 argumentum,
1898 1710 1996 1754 quod
2027 1709 2133 1753 longe

1125 1758 1237 1791 vincit
1261 1759 1382 1791 omnia
1413 1760 1517 1793 dicta.
1573 1760 1662 1793 Cum
1699 1761 1789 1794 filius
1814 1760 1880 1793 Dei
1911 1761 1984 1805 ipse
2010 1773 2133 1805 passus

1125 1809 1170 1843 sit
1202 1823 1349 1850 necem,
1392 1817 1426 1844 et
1459 1813 1570 1845 sactus
1601 1812 1643 1846 sit
1679 1813 1875 1851 mediator,
1917 1824 2060 1846 necesse
2083 1819 2134 1845 est

1126 1874 1295 1906 magnum
1325 1863 1460 1896 malum
1487 1876 1581 1903 esse,
1616 1876 1634 1896 a
1663 1877 1734 1909 quo
1763 1863 1903 1897 liberati
1929 1877 2069 1904 sumus,
2099 1871 2134 1897 et

1127 1919 1177 1946 est
1203 1914 1305 1948 nobis
1324 1927 1452 1959 magna
1474 1916 1685 1949 consolatio.

1226 1965 1336 1999 Estne
1353 1968 1485 2000 dictum
1508 1968 1545 2000 in
1564 1967 1718 2001 Ecclesia
1747 1967 1991 2010 probandum:
2029 1965 2133 2010 Opti-

1126 2029 1223 2049 mum
1261 2030 1336 2050 non
1369 2019 1493 2052 nasci?
1547 2019 1651 2059 Non,
1681 2019 1762 2064 quia
1793 2019 1925 2051 dictum
1955 2025 2024 2052 est:
2065 2018 2130 2051 Hic

1126 2074 1177 2102 est
1201 2069 1292 2102 filius
1326 2082 1426 2103 meus
1458 2071 1605 2104 dilectus
1638 2078 1702 2104 etc.
1716 2070 1775 2115 ¹¹⁰).
1831 2070 1985 2115 Propter
2019 2070 2131 2103 silium

1126 2126 1240 2153 totum
1275 2133 1385 2164 genus
1416 2120 1614 2155 humanum
1650 2122 1777 2155 melius
1812 2129 1863 2156 est
1896 2135 1969 2156 esse
1992 2129 2131 2156 natum.

1125 2173 1233 2205 Pater
1258 2173 1294 2205 in
1321 2174 1381 2206 illo
1405 2174 1477 2206 {ilio
1506 2174 1718 2219 acquiescit,
1757 2174 1791 2206 in
1816 2175 1879 2208 ista
1912 2181 2039 2207 natura
2066 2172 2132 2207 hu-

1126 2236 1230 2257 mana
1245 2251 1254 2264 ‚
1282 2237 1357 2258 nou
1373 2226 1487 2259 voluit
1513 2226 1620 2258 aliani
1640 2232 1841 2259 creaturam
1861 2238 1994 2260 creare.
2037 2226 2131 2259 Con-

1125 2276 1215 2309 didit
1243 2277 1403 2317 coelum,
1432 2279 1598 2321 angelos,
1635 2279 1796 2311 nondum
1822 2278 1906 2312 satis
1934 2284 2003 2316 est;
2047 2289 2131 2311 con-

1125 2328 1216 2361 didit
1243 2329 1435 2370 animalia,
1465 2331 1523 2363 sed
1552 2332 1713 2363 nondum
1740 2330 1841 2368 satis;
1871 2331 1933 2363 sed
1959 2342 2037 2363 cum
2066 2327 2131 2361 ho-

1124 2380 1256 2413 minem
1283 2382 1461 2421 condidit,
1490 2382 1680 2428 acquievit.
1735 2382 1930 2427 Quomodo
1948 2379 2131 2426 aquievit?

1124 2432 1274 2465 laetatus
1303 2440 1354 2466 est
1379 2433 1415 2466 in
1431 2434 1491 2466 illo
1513 2446 1632 2479 opere.
1689 2433 1886 2468 Irascamur
1906 2439 2049 2466 nostrae
2075 2443 2131 2465 so-

1157 2568 1203 2600 38)
1227 2569 1341 2592 Sallust.
1362 2569 1427 2593 neu.
1448 2570 1569 2600 lngnrtlu.
1590 2578 1610 2594 e⁴
1630 2571 1667 2598 3..
1688 2572 1730 2594 ubi
1751 2572 1815 2594 haee
1835 2570 1980 2601 leguntur:
2012 2570 2132 2593 Frustra

1193 2606 1283 2627 autem
1303 2603 1372 2633 niti,
1400 2610 1487 2634 neque
1510 2605 1584 2628 atiud
1619 2606 1761 2633 fatigando
1788 2605 1840 2627 nisi
1867 2605 1956 2629 odium
1985 2611 2130 2635 quaerere,

1194 2641 1334 2661 extremae
1353 2639 1506 2663 affluentiae
1526 2643 1578 2664 est.

1157 2691 1204 2719 39]
1224 2689 1317 2719 Eurip.
1339 2690 1432 2715 Orest.
1452 2691 1475 2715 2.
1496 2691 1520 2715 3.

1158 2744 1207 2772 ⁴0)
1227 2743 1323 2766 Mam».
1343 2743 1375 2771 3,
1399 2743 1429 2766 17
