2341 2973
188 96 263 131 623

188 180 325 226 Ulyssis
342 177 493 222 turpiter
506 177 616 209 facta:
645 187 774 219 nempe
791 173 1014 208 Philocteten
1027 186 1092 218 per
1109 186 1181 208 sce-

188 234 242 266 lus
258 232 302 264 ab
323 230 384 262 illo
403 229 567 262 relictum
584 227 621 260 in
640 227 785 264 itinere;
814 226 1043 259 Palamedem
1063 225 1180 258 virum

188 281 532 328 praestantissimum
559 279 716 312 eiusdem
740 277 1011 316 criminatione,
1039 277 1122 309 dolo
1148 282 1183 309 et

186 333 321 367 invidia
347 332 649 368 circumventum;
687 330 875 364 Nestorem
905 329 942 360 in
964 327 1039 359 acie
1064 328 1182 360 deser-

187 393 275 419 tum.
344 383 472 416 Postea
503 382 610 414 iactat
642 393 703 414 sua
729 380 909 417 facinora,

187 434 382 481 protexisse
399 446 462 468 suo
488 434 612 478 clypeo
630 432 793 476 Ulyssem
820 428 982 463 hostibus
1008 429 1182 467 cinctum;

186 501 222 522 se
240 485 465 532 prohibuisse
483 484 687 517 incendium
707 494 725 513 a
745 482 872 519 classe;
909 481 1117 526 opposuisse
1146 492 1182 514 se

186 538 333 572 Hectori
352 538 425 581 igni
449 542 483 568 et
500 536 595 567 ferro
615 532 804 576 grassanti.
863 531 927 565 His
952 533 1053 566 factis
1082 544 1099 565 e
1128 544 1183 564 re-

187 591 293 635 gione
311 589 448 621 confert
474 598 528 619 res
544 584 704 630 Ulyssis,
739 596 827 629 quas
853 584 976 617 odiose
1002 589 1182 617 extenuat.

187 643 377 676 Postremo
398 642 670 682 argumentatur
687 648 706 668 a
734 635 848 680 clypei
875 635 1121 679 magnitudine
1149 641 1183 667 et

186 692 399 737 splendore,
440 689 537 735 quod
562 687 699 733 Ulyssi,
734 687 813 720 viro
841 687 885 719 ad
909 686 1056 720 insidias
1084 693 1182 725 nato,

186 744 266 777 talis
287 743 429 787 clypeus
448 740 595 773 minime
617 738 819 772 conveniat.
873 737 922 770 Ac
948 738 1182 783 quemadmo-

187 796 272 828 dum
304 794 342 826 in
375 792 523 826 exordio
554 803 619 835 per
651 789 936 834 indignationem
964 801 1000 822 se
1024 789 1125 821 vultu
1150 794 1184 820 et

186 845 353 879 manibus
378 844 502 877 iactat:
539 842 587 875 ita
613 848 646 874 et
671 841 708 874 in
732 842 802 874 fine
828 840 1002 873 orationis
1027 839 1185 873 ostendit

186 898 327 941 signum
356 894 468 928 animi
494 894 585 927 acris
609 899 643 926 et
666 891 908 935 indignantis,
941 891 1002 924 ubi
1029 902 1095 934 pro
1124 892 1183 922 de-

187 961 272 982 coro
290 947 436 990 fingitur
457 946 510 978 uti
528 943 596 977 hoc
614 944 732 976 colore
751 941 950 981 rhetorico,
979 954 1041 975 seu
1064 941 1183 984 potius

187 999 355 1037 militari,
384 1009 425 1030 ex
446 995 745 1040 consequentibus
769 993 863 1039 (Vss.
882 992 1143 1037 120—122.):

240 1060 394 1103 Denique
408 1058 488 1102 qnid
505 1055 613 1087 verbis
630 1066 711 1096 opus
725 1050 801 1086 est?
827 1059 1012 1095 spectemur
1028 1054 1166 1096 nyendo.

240 1113 348 1143 Arma
367 1111 432 1141 viri
446 1106 550 1149 fhriz's
568 1108 692 1138 medios
711 1106 893 1137 mittuntur
910 1106 944 1137 ἱη
965 1105 1092 1138 hostes.-

239 1163 321 1194 Imle
339 1160 444 1193 iubete
458 1160 539 1199 ,neti-

187 1220 283 1253 Haec
302 1225 354 1253 est
374 1229 513 1252 summa
538 1214 672 1260 prioris
698 1213 893 1254 orationis,
928 1225 1020 1260 quae
1046 1213 1111 1247 etsi
1134 1220 1186 1247 est

188 1272 340 1311 diserta,
375 1276 497 1303 tamen
521 1268 566 1301 ad
590 1266 829 1312 posteriorem
855 1266 1006 1306 collata,
1042 1265 1185 1299 videtur

188 1322 457 1369 quodammodo
482 1318 630 1353 horrida
660 1325 694 1351 et
717 1318 862 1352 inculta.
923 1317 1014 1351 Nam
1035 1317 1183 1362 Ulyssea

191 1375 307 1408 oratio
334 1381 386 1407 est
411 1373 502 1405 adeo
523 1369 702 1410 oratoria,
730 1375 770 1403 ut
787 1368 962 1410 nesciam,
990 1381 1036 1402 an
1052 1368 1185 1402 Demo-

188 1425 330 1460 sthenes
358 1425 411 1457 vel
436 1423 561 1457 Cicero
585 1422 623 1455 in
646 1419 712 1454 hac
741 1433 845 1455 causa
870 1420 1095 1454 disertiorem
1123 1418 1185 1453 ha-

187 1478 271 1511 here
289 1476 473 1521 potuisset.
534 1474 668 1507 Seneca
695 1472 818 1506 scribit
841 1472 1013 1506 Ovidium
1040 1478 1185 1505 conten-

187 1529 279 1563 disse
296 1541 374 1561 cum
393 1524 695 1572 eloquentissimis
709 1524 1012 1558 declamatoribus
1028 1523 1083 1557 sui
1098 1530 1186 1556 tem-

188 1580 286 1625 poris
304 1579 490 1612 tractando
509 1575 577 1610 hoc
592 1577 669 1621 ipso
690 1582 902 1620 argumento
920 1576 963 1608 de
980 1575 1113 1608 iudicio
1131 1587 1187 1608 ar-

188 1643 350 1664 morum:
402 1631 498 1663 unde
532 1640 606 1661 non
640 1628 789 1660 dubium
822 1633 873 1660 est
903 1624 967 1660 has
1004 1626 1186 1659 orationes

188 1694 330 1717 summo
351 1681 470 1714 studio
488 1687 522 1712 et
540 1679 673 1712 iudicio
691 1679 892 1710 elaboratas
909 1688 993 1710 esse.

292 1742 408 1774 Porro
427 1739 531 1772 initio
547 1737 690 1771 dicendi
714 1748 788 1769 non
813 1736 1081 1780 properandum
1106 1747 1186 1768 ora-

188 1792 279 1833 tori,
307 1793 368 1826 sed
394 1791 581 1836 paululum
608 1789 907 1822 commorandum
933 1799 1025 1827 esse,
1063 1799 1187 1832 quem-

189 1845 384 1877 admodum
406 1843 530 1876 Cicero
557 1847 591 1874 et
609 1839 855 1885 Quintilianus
881 1840 1022 1872 docent.
1082 1838 1185 1871 Mora

190 1896 284 1928 enim
306 1902 340 1928 et
357 1893 640 1939 expectationem
660 1891 866 1925 auditorum
886 1891 1033 1929 excitat,
1069 1896 1103 1923 et
1128 1902 1187 1923 ve-

189 1946 379 1979 recundiae
405 1946 557 1990 speciem
586 1942 706 1977 habet.
760 1941 883 1988 Itaque
911 1942 949 1974 in
967 1942 1112 1987 Ulysse‚
1148 1948 1188 1975 ut

189 1998 227 2030 in
252 2004 416 2038 oratore,
453 1996 659 2041 depingitur
692 1994 782 2028 alius
814 2000 931 2037 gestus
967 2000 1001 2027 et
1032 1991 1187 2033 habitus,

189 2061 297 2095 quam
325 2049 361 2081 in
386 2049 505 2082 Aiace.
573 2046 739 2091 Fingitnr
764 2046 859 2078 enim
888 2045 1051 2090 Ulysses,
1088 2052 1186 2078 ante-

190 2113 298 2146 quam
320 2101 460 2132 initium
479 2099 619 2132 dicendi
635 2098 760 2137 saciat,
794 2103 887 2131 stare
914 2096 1186 2139 cogitabundus,

192 2152 302 2185 oculis
322 2152 357 2184 in
377 2158 507 2184 terram
526 2150 647 2184 defixis
674 2148 768 2193 (Vss.
793 2146 1057 2193 125—127.)2

244 2213 407 2251 Adstitit,
433 2217 534 2256 >arque
555 2212 661 2243 oculos
675 2210 812 2252 paulum
832 2210 951 2242 tellure
967 2213 1114 2242 moratos

245 2264 392 2297 Sustulit
408 2264 451 2295 ad
467 2274 640 2305 proceres,
669 2266 905 2306 &spectatoque
923 2261 1057 2294 resolvit

243 2316 313 2348 Ora
333 2327 424 2348 sono.

191 2372 327 2419 Estque
344 2371 400 2405 hic
418 2373 518 2406 locus
545 2372 587 2404 de
605 2370 731 2415 Ulysse
752 2377 884 2403 terram
909 2370 1069 2403 intuente
1092 2382 1187 2404 sum-

192 2431 272 2469 ptus
291 2437 332 2457 ex
351 2424 457 2457 tertio
482 2421 674 2468 Iliados⁸):

237 2483 333 2519 Ἀλλ’
353 2482 411 2519 ὅτε
428 2482 474 2530 δή
490 2479 693 2528 πολύμητις
711 2479 893 2520 ἀναΐξειεν
905 2479 1123 2520 Ὀδυσσεὺς,

243 2531 420 2577 στάσκεν,
464 2533 557 2570 ὑπαὶ
581 2532 621 2569 δὲ
646 2530 785 2574 meam,
828 2530 923 2566 κατὰ
946 2530 1091 2577 χθονὸς
1120 2531 1185 2577 ὅμ-

608 2598 710 2629 μαῑα
734 2580 860 2623 Γινῖξας.

223 2703 254 2734 6)
277 2704 352 2726 llom.
375 2702 402 2726 ll.
422 2702 465 2731 ΙΙΙ,
485 2702 536 2726 216
550 2710 590 2732 sq,

757 88 879 123 PHIL.
916 86 1028 121 MEL.
1057 87 1259 123 SCRIPTA
1294 87 1632 124 PHILOLOGICA.

954 378 1119 411 videlicet
1146 390 1181 412 se
1208 385 1209 395 ¹

2155 88 2230 124 624

1206 187 1210 191 ·
1235 174 1502 219 Dispositio
1530 182 1569 208 et
1598 173 1956 221 paraphrasis⁸)
1996 174 2229 209 orationis

1612 226 1852 271 Ulysseae.

1287 294 1346 328 Vs.
1368 294 1450 329 128.
1479 296 1521 328 Si
1537 307 1609 328 mea
1628 307 1701 328 cum
1717 297 1839 328 vestris
1863 295 2045 328 valuissent
2070 299 2144 328 vota
2164 296 2230 327 Pe-

1207 357 1210 381 g
1648 346 1747 389 Iasye'.

1340 403 1540 437 Exordium
1566 416 1607 437 ex
1632 404 1706 448 ipsa
1733 416 1859 445 causa,
1896 405 1940 438 ab
1966 404 2116 444 affectu,
2158 415 2230 449 quo

1238 462 1356 500 captat
1374 455 1578 500 principum
1594 456 1884 489 benevolentiam
1903 468 1921 489 a
1941 467 2096 501 persona
2112 453 2232 488 Achil-

1237 508 1290 548 lis,
1314 519 1421 553 quem
1440 507 1595 540 ostendit
1611 519 1684 541 esse
1700 519 1842 541 causam
1859 505 1965 541 huius
1980 506 2233 541 contentionis.

1341 558 1410 599 „Si
1445 558 1531 604 quid
1568 570 1667 591 meae
1704 570 1825 603 preces
1862 559 1987 593 vestris
2023 559 2233 593 coniunctae

1237 611 1332 654 apud
1358 610 1455 644 Deos
1471 609 1701 647 gimmortales
1725 609 1855 644 Graeci
1886 611 2100 651 valuissent,
2142 607 2235 642 nihil

1237 660 1303 694 hac
1322 661 1566 695 controversia
1582 673 1677 694 nunc
1695 673 1784 705 opus
1803 667 1904 695 esset.
1956 661 2050 696 Nam
2067 668 2102 694 et
2113 658 2234 694 Achil-

1238 714 1286 746 les
1305 711 1421 746 adhuc
1439 713 1540 746 vivus
1557 713 1628 746 suis
1646 713 1756 746 armis
1772 712 1971 757 potiretur,
1999 719 2033 746 et
2047 724 2113 746 nos
2137 723 2234 756 egre-

1238 765 1293 808 gia
1312 764 1387 797 eius
1402 764 1533 796 virtute
1550 764 1765 798 frueremur.
1827 763 1874 796 At
1891 764 2081 810 iniquitate
2097 764 2161 796 fati
2180 762 2235 808 (id

1239 817 1334 860 quod
1353 816 1429 849 sine
1447 815 1613 860 lacrymis
1633 816 1734 848 effari
1752 815 1911 862 nequeo)
1937 816 1996 849 ille
2021 813 2111 848 mihi
2139 813 2236 858 pari-

1238 874 1290 899 ter
1311 873 1345 899 et
1362 866 1463 900 vohis
1481 868 1669 911 ademptus
1687 874 1748 900 est.
1802 866 1934 912 Ecquis
1954 867 1992 900 in
2010 865 2234 911 possessione

1238 929 1423 950 armorum
1439 924 1539 950 tanto
1557 919 1634 950 viro
1650 916 1773 950 haeres
1789 919 1953 952 succedet
1968 918 2106 957 iustius,
2125 928 2234 962 quam

1237 968 1286 1009 is,
1318 969 1418 1002 cuius
1441 968 1516 1012 ipse
1541 980 1648 1013 opera
1668 969 1713 1001 ad
1729 968 1935 1003 societatem
1953 968 2059 1003 huius
2075 968 2160 1002 belli
2178 979 2235 1000 ac-

1209 1047 1211 1060 l
1238 1018 1364 1053 cessit?
1381 1018 1396 1027 '⁸

1289 1078 1348 1112 Vs.
1377 1077 1462 1112 135.
1505 1081 1595 1112 Jlm'c
1617 1081 1711 1112 modo
1733 1091 1775 1111 ne
1799 1082 1926 1122 prosit,
1971 1081 2073 1124 quod,
2118 1084 2152 1112 oct
2174 1083 2234 1118 est,

1209 1141 1213 1160 ι
1655 1131 1755 1163 hebes
1772 1143 1843 1164 esse
1865 1133 2007 1163 videtur.

1239 1189 1398 1223 Inversio
1421 1189 1580 1229 ironiae,
1613 1201 1683 1235 qua
1707 1190 1798 1222 Aiax
1822 1189 1925 1222 initio
1950 1188 2124 1223 orationis
2152 1199 2236 1223 suae

1210 1240 1498 1275 'contumeliose
1530 1242 1574 1274 de
1607 1241 1811 1286 eloquentia
1847 1241 2028 1287 loquitur,
2070 1252 2150 1274 cum
2186 1239 2236 1272 ait

1241 1293 1335 1339 (Vss.
1356 1292 1379 1326 9
1391 1292 1547 1338 —12.):

1293 1356 1415 1387 Tutius
1429 1359 1477 1387 est
1496 1355 1603 1396 iyimr
1616 1354 1708 1395 liciis
1724 1355 1923 1386 contendere
1939 1354 2066 1392 verbis,

1292 1406 1398 1446 Quam
1416 1417 1569 1448 menare
1586 1417 1700 1437 manu.
1738 1405 1807 1437 Sed
1822 1415 1880 1436 nec
1897 1404 1981 1435 mihi
1995 1403 2106 1435 dicere
2120 1413 2236 1444 prom-

1211 1460 1214 1537 ,
1648 1460 1740 1497 plum

1293 1508 1364 1539 lvec
1376 1507 1491 1549 faeere
1507 1510 1555 1538 esi
1573 1508 1641 1538 isti.
1672 1507 1905 1549 Qucmtumque
1920 1517 1976 1548 eya
1988 1505 2106 1538 Marte
2117 1503 2236 1547 feroci,

1293 1558 1440 1603 lnques)
1459 1559 1529 1590 acie
1544 1558 1654 1593 valeo,
1682 1561 1815 1589 tantum
1833 1557 1918 1589 valet
1934 1558 1995 1589 iste
2015 1556 2185 1601 quuendo.

1241 1615 1363 1656 „Cum
1384 1628 1469 1649 vero
1488 1615 1707 1661 eloquentia,
1734 1621 1774 1648 ut
1792 1615 1967 1659 probrum
1985 1612 2075 1648 mihi
2092 1613 2239 1648 obiicia-

1240 1673 1318 1708 tur,
1344 1667 1448 1700 initio
1469 1667 1644 1701 orationis
1664 1678 1763 1700 meae
1782 1672 1888 1711 pet0,
1915 1678 1960 1700 ne
1977 1664 2080 1707 huic,
2107 1666 2170 1712 qui
2192 1666 2239 1699 ad

1241 1730 1341 1752 arma
1359 1725 1499 1753 tantum
1518 1725 1727 1763 promptus,
1756 1718 1892 1764 alioqui
1907 1716 2016 1752 hebes
2035 1724 2103 1758 est,
2131 1715 2238 1751 nihil-

1240 1783 1310 1816 que
1328 1770 1492 1804 utilitatis
1512 1770 1568 1803 vel
1594 1771 1759 1803 oratione
1786 1770 1841 1803 vel
1866 1770 2016 1804 consilio
2045 1769 2146 1804 vobis
2173 1781 2238 1802 un-

1241 1834 1349 1867 quam
1374 1822 1513 1862 attulit,
1546 1822 1622 1867 ipsa
1645 1821 1835 1866 stupiditas
1860 1822 1991 1866 prosit;
2028 1833 2120 1854 neve
2148 1818 2239 1854 mihi

1242 1874 1336 1907 obsit
1366 1871 1455 1907 haec
1487 1873 1533 1919 (si
1565 1885 1657 1920 quae
1686 1874 1754 1921 est)
1789 1873 1937 1907 facultas
1961 1872 2123 1913 dicendi,
2166 1884 2237 1919 qua

1241 1938 1337 1959 nunc
1369 1938 1486 1958 meam
1521 1938 1664 1959 causam
1699 1937 1788 1969 ago,
1832 1931 1865 1957 et
1888 1936 2029 1969 semper
2054 1924 2237 1958 communi

1242 1979 1434 2010 commodo
1455 1983 1561 2023 atque
1579 1977 1726 2010 utilitati
1746 1982 1883 2010 vestrae
1900 1973 2069 2010 servivi.”

1296 2039 1357 2073 Vs.
1378 2038 1461 2073 140.
1497 2041 1587 2072 Num
1605 2049 1729 2081 yenit-5,
1765 2043 1797 2071 et
1814 2049 1975 2081 proavos,
2009 2042 2041 2072 et
2063 2048 2146 2082 quae
2173 2048 2237 2070 non

1656 2089 1800 2132 fecimus
1816 2091 1893 2132 Ipsi.

1240 2149 1424 2184 Refutatio
1443 2147 1644 2192 argumenti
1663 2149 1706 2181 de
1724 2148 1912 2181 nobilitate
1931 2147 2082 2193 generis,
2110 2147 2148 2180 in
2167 2158 2237 2194 qua

1241 2202 1384 2247 Ulysses
1401 2200 1526 2233 callide
1543 2205 1576 2232 et
1595 2201 1791 2244 prudenter
1808 2199 2048 2246 dissimulat9)
2065 2211 2118 2240 ea,
2147 2210 2238 2245 quae

1241 2254 1311 2288 sibi
1341 2253 1386 2286 ab
1408 2251 1516 2284 Aiace
1540 2252 1677 2284 obiecta
1703 2259 1787 2286 sunt
1813 2253 1858 2285 de
1881 2251 2043 2285 Anticlea
2076 2257 2190 2284 matre
2217 2262 2237 2283 a

1241 2302 1395 2350 Sisypho
1411 2309 1584 2347 stuprata.
1640 2303 1804 2338 Vicissim
1831 2310 1950 2337 autem
1974 2303 2097 2337 obiicit
2120 2304 2151 2336 ei
2175 2314 2238 2346 pa-

1241 2364 1363 2390 truum
1395 2361 1543 2399 propter
1567 2356 1763 2388 fraternam
1791 2356 1934 2389 caedem
1958 2354 2063 2389 exilio
2089 2354 2238 2387 mulcta-

1212 2417 1215 2429 ·
1241 2414 1327 2442 tam.
1381 2406 1461 2451 Qua
1478 2407 1513 2438 in
1533 2419 1570 2440 rc
1588 2407 1755 2441 observat
1770 2413 1978 2451 praecepta,
2007 2405 2135 2451 quibus
2156 2402 2238 2438 rhe-

1242 2466 1337 2492 tores
1358 2459 1506 2499 docent,
1542 2458 1680 2492 obiecta
1707 2458 1877 2499 crimina,
1912 2457 1941 2492 si
1965 2457 2084 2502 palam
2113 2456 2237 2502 negari

1275 2576 1306 2607 7)
1328 2576 1355 2598 In
1377 2576 1501 2605 sequenti
1522 2576 1699 2599 enarratione
1721 2577 1812 2601 locos.
1833 2575 1877 2606 qui
1892 2574 2071 2606 paraphrasin
2084 2574 2236 2606 continent,

1312 2611 1352 2632 tn's
1373 2611 1460 2639 signis
1482 2609 1565 2638 „——''
1587 2611 1747 2634 notabimus.

1275 2654 1305 2679 8)
1328 2653 1430 2683 Inque]
1445 2653 1485 2676 sic
1498 2653 1577 2676 leuitt.
1591 2654 1675 2681 1555..
1700 2653 1791 2681 1559.;
1811 2652 2063 2676 Ovtd.}‹;d.1t1itsch.
2078 2653 2234 2684 Quantum.

1275 2696 1305 2721 9)
1325 2695 1493 2723 dissimum]
1514 2696 1554 2719 sic
1575 2696 1656 2719 mm.
1677 2696 1766 2721 marm:
1794 2695 1841 2718 Ed.
1859 2696 1930 2720 1559.
1951 2695 2037 2719 male:
2057 2695 2235 2720 dissimulata.
