2421 3005
79 119 154 156 605
428 115 517 150 xC1.

77 209 254 240 vocantur
278 215 413 237 cornua
427 230 435 242 ,
470 208 510 236 ut
542 202 638 246 apud
666 200 839 235 Ovidium
868 201 906 234 in
929 200 1079 246 epistola

77 255 256 303 Phyllidis
272 255 339 301 63);

130 319 194 351 Est
210 319 326 356 sinus,
354 317 515 348 adductos
531 316 656 347 modice
668 313 818 357 falcatus
838 315 874 346 ἰη
889 325 992 347 arcus
1004 338 1014 352 ‚

134 370 263 403 Ultima
276 372 463 411 praerupta
480 378 607 400 cornua
623 366 706 399 mule
720 367 842 409 riyent.

182 437 275 470 Hinc
298 435 443 469 barbari
461 434 508 480 ⁶²)
535 441 570 467 et
596 440 750 478 agrestes
783 433 909 478 populi
938 431 975 464 in
999 443 1087 475 pro-

79 488 273 522 montoriis
290 486 493 521 habitantes
511 486 652 519 cornuti
670 487 875 530 finguntur,
905 490 981 517 tum
1000 495 1087 527 pro-

82 547 161 585 pter
178 541 286 575 situm
301 539 390 579 loci,
419 545 494 572 tum
515 544 663 582 propter
680 535 1016 581 inhospitalitatem.

307 632 628 678 Propoetides
665 632 708 665 in
743 644 861 666 saxa.

132 702 192 736 Vs.
218 701 305 738 242.
344 703 387 735 In
418 703 566 745 riyidum
593 713 698 743 parvo
729 701 860 733 silicem
882 700 1088 732 discrimine

397 765 524 787 versae.

187 822 342 857 lustinus
367 822 477 855 refert
501 832 639 854 morem
670 819 776 853 fuisse
803 819 965 864 Cypriis,
1006 830 1089 863 pro-

83 875 230 910 stituere
248 874 405 918 virgines
423 879 505 906 aute
522 872 680 916 nuptias,
697 871 797 917 statis
816 871 942 904 diebus
961 871 1006 903 ad
1027 872 1090 903 do-

84 927 192 960 talem
215 926 403 971 pecuniam
423 924 687 970 quaerendam:
718 935 759 955 ex
777 935 846 968 qna
865 922 1090 966 turpitudine

84 979 246 1012 fortassis
262 983 346 1011 nata
363 982 414 1010 est
430 974 518 1009 haec
532 975 665 1008 fabula.
720 974 876 1018 Propter
894 974 1089 1007 extinctum

84 1042 172 1063 vero
189 1031 366 1074 pudorem
385 1027 623 1072 Propoetides
639 1026 824 1069 finguntur
841 1023 1014 1059 exhausto
1031 1038 1091 1058 ru-

84 1081 173 1115 bore
187 1081 314 1120 fuisse‚
340 1091 402 1112 ore
420 1078 468 1112 ita
487 1079 598 1117 duro,
626 1084 667 1110 ut
685 1090 799 1121 parvo
818 1077 1026 1111 discrimine
1054 1078 1091 1109 in

83 1132 219 1167 silicem
245 1136 492 1167 verterentur;
529 1142 615 1162 nam
642 1130 715 1163 oris
740 1129 956 1162 vocabulum
984 1141 1091 1173 saepe

84 1189 282 1228 usurpatur
307 1194 373 1227 pro
406 1181 653 1226 impudentia,
696 1187 734 1214 ut
760 1182 856 1225 apud
880 1180 1090 1214 Ciceronem

86 1248 154 1281 pro
171 1233 324 1280 Quintio
340 1233 405 1279 65);
435 1231 527 1266 Mihi
545 1233 687 1266 videtur
706 1244 767 1265 ore
785 1233 978 1266 durissimo
992 1259 1001 1273 ‚
1030 1232 1092 1278 qui

85 1293 276 1333 praesente
298 1285 430 1319 Roscio
456 1291 593 1329 gestum
623 1296 728 1329 agere
751 1291 918 1321 conetur;
948 1297 1017 1329 qua
1056 1284 1092 1316 in

86 1337 349 1384 significatione
371 1337 478 1370 etiam
499 1350 538 1371 os
551 1337 710 1370 ferreum
730 1335 874 1370 dicitur.

192 1431 515 1478 Pygmalionis
544 1430 746 1464 coniunx
775 1431 987 1464 eburnea.

139 1501 302 1537 ‘'⁵⁵24ss
318 1514 369 1547 sq.
399 1502 533 1544 sculpit
548 1501 647 1540 ebur,
672 1499 885 1545 formamque
901 1501 1004 1539 dedit,
1027 1513 1093 1546 qua

397 1551 530 1595 femina
548 1554 645 1585 nasci

140 1606 245 1639 Nulla
260 1609 367 1648 potest
386 1610 451 1636 etc.

192 1663 328 1698 Similis
351 1662 470 1696 fabula
499 1667 671 1695 narratur
706 1661 750 1694 de
775 1661 859 1694 divo
883 1661 1094 1703 FranciscO,

88 1716 152 1763 qui
169 1728 250 1750 cum
270 1721 359 1749 esset
375 1713 533 1753 caelebs,
560 1718 594 1745 et
617 1725 636 1745 a
656 1713 875 1746 feminarum
902 1721 1092 1748 consuetu-

86 1769 172 1802 dine
189 1765 420 1806 abhorreret,
447 1771 590 1804 tamen,
618 1770 658 1797 ut
673 1764 914 1805 desiderium,
943 1778 1015 1811 quo
1042 1772 1092 1799 te-

86 1820 261 1859 nebatur,
288 1818 436 1857 leniret,
477 1817 591 1849 fertur
622 1815 690 1849 sibi
718 1816 859 1850 finxisse
883 1829 1033 1850 uxorem
1060 1823 1093 1850 et

87 1873 222 1906 liberos
245 1883 286 1904 ex
307 1870 409 1910 nive,
438 1868 746 1914 quemadmodum
763 1868 979 1913 Pygmalion
1006 1868 1092 1902 Ovi-

89 1924 219 1958 dianus
246 1935 288 1956 ex
315 1922 435 1955 ebore.
490 1919 591 1952 Uxor
616 1931 700 1952 vero
717 1919 966 1964 Pygmalionis
988 1921 1093 1964 fingi-

90 1983 150 2010 tur
173 1975 330 2008 eburnea
355 1973 483 2012 fuisse,
512 1971 568 2004 vel
595 1977 745 2016 propter
774 1972 936 2016 corporis
957 1973 1093 2005 cando-

89 2039 166 2061 rem
185 2024 295 2072 (nihil
309 2025 404 2058 enim
424 2030 477 2058 est
494 2024 602 2057 ebore
618 2023 846 2068 candidius),
870 2023 925 2057 vel
941 2030 1093 2068 propter

89 2078 250 2113 nominis
273 2076 566 2116 similitudinem,
609 2075 693 2121 quia
722 2075 884 2109 fortassis
908 2075 1002 2108 dicta
1025 2076 1094 2109 fuit

88 2130 192 2165 Ebur
210 2129 268 2163 vel
283 2128 466 2162 Eburnea.
516 2127 655 2161 Fabula
681 2133 800 2161 autem
826 2127 929 2160 docet
957 2134 1090 2161 castam

91 2189 127 2217 et
139 2181 308 2228 pudicam
328 2192 479 2215 uxorem
497 2191 516 2212 a
531 2179 609 2213 Deo
628 2179 706 2212 dari
727 2185 761 2211 et
782 2180 972 2223 petendam
993 2192 1079 2213 esse.

403 2270 618 2318 Myrrhae
654 2285 788 2307 amor.

145 2342 206 2376 Vs.
225 2342 313 2378 298.
343 2344 465 2376 Editus
490 2342 570 2374 binc
584 2340 630 2384 66)
658 2342 714 2374 ille
736 2347 804 2381 est,
831 2345 889 2387 qui
909 2344 984 2375 sine
998 2343 1094 2385 prole

400 2394 541 2437 ficisset,
569 2399 634 2425 etc.

198 2452 348 2499 Myrrha
373 2454 529 2487 nefando
555 2452 667 2497 patris
686 2464 810 2486 amore
828 2460 952 2497 capta,
979 2453 1094 2486 nutri-

94 2506 142 2540 cis
165 2518 274 2551 opera
299 2519 379 2540 cum
411 2518 453 2539 eo
480 2505 592 2538 inscio
611 2504 815 2538 concubuit.
866 2505 923 2538 Ad
946 2517 1094 2549 exagge-

127 2607 176 2641 63)
197 2609 276 2634 θυι-α.
296 2608 384 2640 Epist.
400 2608 435 2637 ιι,
456 2608 502 2632 1:31
523 2614 563 2637 sq.

127 2651 176 2683 64)
197 2651 323 2680 barbari]
345 2651 384 2675 sic
403 2650 596 2680 Editt.1555.;
617 2650 665 2675 Ed.
685 2650 758 2674 1559.
780 2651 807 2673 et
830 2650 953 2674 barbari.

128 2694 176 2726 65)
196 2695 251 2721 Cic.
273 2701 322 2725 pro
342 2695 453 2724 Quintio
472 2695 517 2726 24,
533 2694 574 2718 ⁷7.

127 2738 177 2770 66)
199 2739 280 2767 hinc]
300 2739 340 2762 sic
357 2738 441 2762 Editt.
464 2739 557 2768 1555,
579 2737 671 2768 1559.;
697 2737 779 2763 ovid.
798 2737 846 2761 Ed.
867 2736 978 2761 Mitsch.
999 2737 1061 2762 hac.

569 113 856 150 ENARRATIO
891 112 1021 147 LIBRI
1047 113 1090 147 X.

1127 112 1264 147 ΜΕΤΑ
1270 111 1604 148 MORPHOSEON
1642 112 1803 147 ‹WlDlL
2072 112 2145 146 606

1140 200 1293 233 randam
1310 198 1417 234 huius
1435 199 1577 234 sceleris
1592 199 1893 243 magnitudinem,
1917 197 2022 232 initio
2040 204 2146 242 poeta

1141 252 1312 286 lectorem
1337 259 1414 286 tum
1442 258 1620 285 attentum
1647 252 1783 291 reddit,
1820 257 1895 284 tum
1920 255 2147 296 praemonet,

1142 316 1186 336 ne
1206 304 1383 342 eiusmodi
1400 304 1513 338 scelus
1531 304 1568 336 in
1591 303 1794 347 exemplum
1815 303 1945 346 rapiat,
1974 302 2035 336 sed
2051 302 2146 334 dete-

1142 355 1228 389 stari
1247 368 1286 389 ac
1303 356 1416 389 vitare
1432 356 1562 393 discat;
1591 355 1640 389 sic
1657 354 1752 388 enim
1772 354 1890 400 inquit
1905 353 2000 398 (Vss.
2012 353 2148 387 300—

1193 470 1287 501 Da'ra
1311 480 1452 507 canam,
1486 467 1606 510 procul
1626 468 1706 500 hinc
1730 471 1850 506 natae,
1890 467 2008 508 procul
2031 468 2075 498 ite
2100 464 2147 509 67)

1450 523 1610 561 parentes
1622 545 1631 558 ,

1195 572 1282 610 Aul,
1311 583 1384 603 meu
1402 572 1433 603 sc*
1451 575 1579 603 vestras
1595 570 1786 603 mulcebunt
1802 570 1960 602 carmina
1977 573 2102 600 mentes
2113 593 2121 606 ‚

1194 624 1294 655 Desit
1314 625 1347 654 ιή
1365 622 1429 654 hac
1443 623 1527 655 milti
1541 627 1638 664 parte
1650 621 1753 663 fides,
1782 633 1841 653 nec
1859 621 1985 653 credite
1996 619 2149 662 filetum,-

1115 672 1118 718 ᾗ
1201 674 1276 713 Vel,
1303 675 1334 706 si
1352 674 1514 711 credetis,
1539 672 1627 715 facil
1641 685 1767 719 quoque
1781 674 1906 706 credite
1919 682 2073 715 poenam.

1115 721 1120 767 i
1144 740 1285 774 Deinde
1310 753 1381 787 quo
1408 742 1574 774 ostendat
1597 754 1672 774 nou
1696 741 1905 781 libidinem,
1934 740 1995 773 sed
2012 738 2149 771 Diabo-

1144 794 1218 827 lum
1239 792 1416 826 eiusmodi
1443 793 1578 826 amoris
1604 799 1769 826 autorem
1797 805 1890 832 esse,
1920 797 2064 824 excusat
2081 789 2150 823 Cu—

1146 845 1306 890 pidinem
1320 871 1329 884 ‚
1371 856 1411 877 ac
1444 845 1615 878 transfert
1646 845 1787 888 culpam
1819 845 1854 877 in
1889 843 1984 887 ipsas
2008 842 2150 881 Furias,

1146 910 1225 930 cum
1245 897 1295 929 ait
1321 896 1416 940 (Vss.
1434 896 1506 930 311
1524 916 1567 922 --
1580 896 1703 939 313.):

1197 959 1272 1000 Ipse
1288 961 1387 999 nequ!
1405 958 1556 989 nocuisse
1574 957 1637 989 ubi
1653 967 1714 989 sua
1729 955 1796 988 tela
1815 955 1961 996 Cupido,

1197 1009 1371 1052 Myrrha,
1390 1007 1548 1052 facesque
1562 1020 1642 1040 suas
1658 1019 1679 1039 α
1696 1007 1841 1039 erimine
1857 1007 2008 1038 vindicat
2028 1005 2110 1036 isto.-

1197 1062 1325 1103 Stipite
1341 1066 1373 1093 ie
1391 1062 1510 1102 Stygio
1522 1084 1530 1098 ‚
1559 1060 1762 1103 tumidisque
1779 1057 1912 1100 afflavit
1930 1056 2093 1089 Echidnis

1199 1113 1231 1145 E
1251 1113 1362 1145 tribus
1386 1123 1455 1144 uua
1480 1122 1577 1144 soror
1595 1117 1660 1143 etc.

1147 1173 1339 1206 Praeterea
1368 1173 1440 1206 duo
1468 1171 1625 1216 insignes
1651 1169 1721 1202 loci
1743 1174 1827 1203 sunt
1852 1168 1889 1201 in
1920 1166 1988 1200 hac
2012 1168 2152 1201 fabula:

1118 1228 1122 1232 ’
1148 1225 1237 1258 alter
1260 1226 1302 1257 de
1337 1224 1447 1257 stellis
1478 1224 1526 1256 ita
1560 1220 1921 1268 perhorrescentibus
1963 1219 2153 1259 incestum,

1149 1284 1187 1309 ut
1210 1289 1284 1310 sese
1311 1276 1555 1314 abscondant,
1601 1286 1670 1320 qua
1704 1273 1850 1319 quidem
1883 1270 2153 1316 prosopopoeia

1148 1328 1369 1372 significatur
1389 1325 1481 1361 nihil
1499 1327 1535 1359 in
1557 1339 1678 1360 rerum
1703 1331 1834 1358 natura
1863 1335 1936 1357 esse
1960 1321 2029 1356 hoc
2055 1322 2154 1355 nefa-

1147 1380 1203 1413 rio
1240 1380 1370 1414 scelere
1403 1379 1670 1416 detestabilius;
1720 1377 1809 1410 alter
1845 1377 1887 1409 (le
1920 1374 2153 1419 improbitate

1149 1432 1370 1472 vetularum,
1394 1443 1487 1477 quae
1506 1431 1720 1475 plerumque
1739 1434 1821 1463 sunt
1841 1428 2014 1462 scelerum
2041 1432 2075 1459 et
2092 1426 2153 1458 fla-

1148 1483 1320 1527 gitiorum
1345 1483 1603 1521 administrae,
1632 1494 1671 1515 ac
1689 1480 1857 1525 inprimis
1882 1478 2090 1523 ingeniosae
2115 1477 2152 1509 in

1147 1535 1217 1569 illis
1238 1535 1485 1580 perficiendis,
1514 1535 1611 1568 iuxta
1637 1533 1741 1566 tritos
1764 1543 1932 1566 sermone
1958 1529 2154 1564 versiculos

1147 1588 1291 1621 Aeneae
1310 1587 1441 1632 Sylvii:

1253 1647 1312 1670 Non
1332 1646 1409 1670 audit
1428 1645 1545 1676 stygius
1566 1644 1646 1669 Pluto
1668 1646 1793 1673 tentare,
1814 1641 1887 1673 quod
1906 1641 2010 1665 audent

1252 1689 1379 1713 Effrenis
1400 1690 1565 1719 monachus,
1585 1688 1721 1718 plenaque
1741 1686 1851 1710 fraudis
1871 1691 1951 1709 anus.

1146 1735 1326 1769 Narratur
1345 1734 1465 1766 fabula
1479 1760 1489 1773 ,
1516 1731 1585 1766 hoc
1604 1732 1683 1764 loco
1700 1743 1774 1764 non
1794 1730 1909 1763 aliena
1922 1756 1931 1769 ‚
1957 1730 2001 1762 de
2019 1727 2153 1767 vetula,

1148 1786 1203 1819 cui
1220 1785 1395 1818 Diabolus
1413 1792 1489 1818 erat
1507 1784 1687 1828 pollicitus
1704 1795 1770 1826 par
1789 1782 2005 1820 calceorum,
2032 1779 2062 1814 si
2081 1779 2152 1812 dis-

1147 1837 1308 1871 cordiam
1334 1836 1531 1869 concitaret
1556 1836 1650 1867 inter
1676 1833 1867 1877 coniuges,
1896 1843 2052 1877 quorum
2076 1830 2152 1874 ipse

1147 1889 1288 1922 animos
1304 1885 1502 1922 distrahere
1518 1888 1650 1920 frustra
1672 1890 1890 1918 tentaverat:
1921 1884 1958 1915 id
1983 1895 2062 1916 cum
2090 1882 2151 1914 illa

1148 1941 1370 1986 perfecisset,
1398 1939 1544 1985 iamque
1570 1951 1610 1973 ex
1633 1943 1738 1982 pacto
1766 1935 1965 1968 mercedem
1992 1934 2152 1979 postula-

1146 1999 1222 2033 ret,
1258 1993 1414 2025 daemon
1449 1991 1481 2024 ei
1513 1991 1651 2024 calceos
1682 1989 1776 2021 ultra
1808 1987 1956 2020 fluvium
1991 1986 2152 2031 porrexit

1147 2056 1338 2089 suspensos
1354 2044 1483 2088 longae
1502 2041 1644 2081 hastae,
1673 2047 1847 2085 tanquam
1871 2039 1945 2084 ipse
1973 2050 2050 2071 eam
2078 2050 2151 2070 me—

1149 2103 1280 2137 tueret,
1310 2108 1351 2128 ac
1369 2094 1606 2128 daemonibus
1624 2092 1782 2138 peiorem
1802 2091 1979 2125 iudicaret
1995 2089 2054 2136 6⁸).

1207 2200 1432 2233 Atalanta
1473 2197 1629 2230 aureis
1665 2195 1815 2240 pomis
1849 2200 2087 2238 superata.

1200 2269 1260 2304 Vs.
1280 2269 1366 2303 680.
1405 2270 1600 2301 Praeterita
1623 2271 1672 2299 est
1696 2267 1809 2308 viryo,
1837 2266 1939 2297 ‹lna-ii
1965 2276 2026 2296 sua
2046 2273 2145 2305 prae-

1459 2322 1529 2353 mia
1550 2320 1666 2352 victor.

1250 2381 1442 2415 Atalantae
1472 2378 1668 2424 pernicitas
1697 2376 1816 2410 &iureis
1847 2375 1950 2408 malis
1984 2373 2080 2406 elusa
2115 2378 2149 2404 et

1148 2439 1337 2477 superata,
1381 2433 1493 2465 facete
1525 2430 1651 2464 referri
1682 2428 1817 2474 poterit
1841 2428 1885 2459 ad
1909 2424 2147 2458 mobilitatem

1149 2497 1210 2519 seu
1236 2484 1513 2517 inconstantiam
1539 2482 1669 2519 animi;
1698 2482 1740 2514 ad
1766 2478 1858 2513 banc
1882 2477 1976 2511 enim
2003 2475 2147 2507 wincen-

1182 2612 1230 2644 67)
1247 2612 1352 2644 procul
1370 2611 1436 2636 hinc
1453 2613 1559 2638 natae,
1577 2609 1680 2641 procu!
1702 2609 1756 2636 ite]
1777 2606 1817 2630 sic
1836 2604 1920 2629 Editt.
1937 2604 2030 2635 1555„
2053 2603 2147 2630 2559.;

1220 2647 1300 2673 ovid.
1320 2647 1369 2670 Ed.
1387 2647 1497 2670 Mitsch.
1516 2646 1606 2669 natae
1623 2643 1726 2674 procul
1745 2643 1828 2673 hinc,
1844 2639 1949 2672 procul
1968 2640 2035 2664 este.

1182 2699 1230 2730 68)
1258 2699 1360 2724 Eadem
1381 2698 1473 2722 fabula
1498 2696 1637 2721 iuvenitur
1661 2694 1689 2717 in
1714 2694 1828 2718 Lutheri
1853 2691 1998 2722 colloquiis
2026 2690 2140 2715 mensal.

1222 2735 1269 2758 Ed.
1290 2735 1501 2759 Foerstemann.
1521 2733 1548 2755 P.
1562 2731 1607 2755 ΙΙΙ.
1628 2737 1653 2760 p.
1666 2729 1710 2754 32.
