2341 2973
199 116 273 155 511

202 205 309 239 tertio
324 203 390 251 ²²),
431 202 491 236 ubi
525 202 574 236 sic
605 201 739 248 inquit:
784 199 929 234 Etenim
961 205 1001 232 nt
1032 199 1196 231 membra

201 257 378 303 quaedam
400 260 653 298 amputantur,
681 254 710 287 si
727 259 761 286 et
775 252 850 296 ipsa
868 250 1041 295 sanguine
1059 257 1094 283 et
1119 256 1198 282 tan-

201 320 309 354 quam
335 305 464 350 spiritu
490 317 610 338 carere
634 303 836 349 coeperint,
874 309 907 335 et
932 308 1088 335 noceant
1116 301 1198 334 reli-

201 358 298 404 quis:
326 357 375 391 sic
395 357 460 391 ista
484 357 521 389 in
546 358 659 401 figura
685 354 842 389 hominis
867 354 988 387 feritas
1013 360 1047 386 et
1071 353 1198 385 imma—

198 410 292 443 nitas
320 408 479 449 belluae,
515 421 533 441 a
562 407 743 441 communi
768 413 940 451 tanquam
974 403 1198 438 humanitate

201 461 364 505 corporis
379 461 596 504 segreganda
616 465 678 493 est.
732 457 819 490 Item
835 457 1056 491 Claudianus
1072 456 1109 489 in
1127 454 1198 489 Eu-

201 512 360 557 tropium
371 511 402 530 ‘²²
410 512 463 557 ²):

307 571 410 595 Ulcera
427 568 570 600 possessis
588 569 644 592 alte
663 567 773 591 suffusa
791 567 920 591 medullis

305 614 366 638 Non
384 612 491 637 leviore
509 617 608 642 manu,
634 611 711 635 ferro
731 611 867 636 sanantur
885 611 914 634 et
932 609 999 642 igni.

201 658 298 691 Haec
316 657 425 701 igitur
441 656 562 689 divina
585 653 762 688 sententia
789 654 957 687 omnibus
980 653 1199 699 reipublicae

201 707 504 754 gubernatoribus
530 707 754 740 observanda
779 711 849 746 est,
881 711 1007 749 utpote
1041 706 1086 738 ab
1120 705 1198 750 ipso
1226 719 1227 724 ¹

201 760 285 794 Iove
317 760 409 800 lata,
451 765 486 792 et
511 759 548 791 in
580 764 731 803 augusto
761 762 888 791 senatu
911 756 1073 790 Deorum
1103 768 1200 789 com-

199 812 365 858 probata.

307 878 498 912 Caeterum
522 882 556 909 et
579 876 668 910 illud
692 876 943 910 observatione
968 876 1116 919 dignum
1137 882 1200 917 est,

205 932 304 978 quod
320 931 358 963 in
379 927 449 962 hoc
472 928 624 961 concilio
642 927 771 972 Superi
796 928 980 971 finguntur
1005 938 1078 960 esse
1104 928 1201 961 solli-

204 984 263 1017 citi
283 983 326 1016 de
353 981 599 1015 conservando
623 980 719 1012 cultn
744 979 888 1019 divino,
919 990 959 1011 ac
985 978 1120 1020 vereri,
1156 992 1201 1013 ne

203 1035 232 1070 is
249 1035 401 1067 intereat
420 1039 496 1065 toto
519 1043 646 1075 genere
662 1028 824 1064 humano
845 1030 1014 1064 extincto.

863 1081 956 1115 Nam
978 1080 1100 1126 etsi23)

254 1145 315 1179 Vs.
341 1143 416 1180 244
431 1161 482 1169 —-
500 1141 589 1178 249.
631 1143 737 1175 Dicta
760 1143 849 1174 Iovis
867 1153 951 1184 pars
975 1153 1049 1175 voce
1069 1142 1202 1184 probat,

620 1194 836 1239 stimulosque
851 1193 1017 1236 frementi

260 1249 456 1282 Adiz'ciunt:
485 1246 549 1279 aliz·
562 1250 678 1287 partes
694 1246 889 1278 assensibus
906 1245 1056 1287 implent.

259 1303 320 1334 Est
334 1304 448 1332 tamen
465 1298 607 1330 humani
620 1298 757 1340 yenere's
776 1299 908 1330 iactura
925 1297 1035 1330 dolori

266 1352 446 1386 Omnibus.-
475 1354 505 1382 οἱ
517 1375 527 1388 ,
550 1361 633 1394 quae
651 1350 696 1381 sit
712 1354 825 1382 terrae
840 1349 1039 1382 mortalibus
1054 1349 1153 1380 orbae

263 1406 385 1437 Forma
398 1401 539 1444 l'uiuru,
566 1405 703 1444 royant:
741 1404 816 1445 quis
832 1402 879 1433 sit
897 1400 1029 1433 laturus
1045 1402 1081 1432 in
1099 1411 1181 1432 aras

264 1450 407 1489 Thura?
454 1452 584 1496 ferisne
613 1457 711 1495 paret
742 1452 953 1494 populandas
974 1452 1111 1485 tradere
1135 1455 1207 1484 ter-

626 1515 684 1537 ras
692 1502 739 1549 Ἡ)
751 1503 765 1535 't’

206 1567 255 1600 At
270 1565 413 1598 videtur
431 1561 489 1597 hic
507 1563 605 1597 locus
624 1575 697 1597 esse
715 1569 878 1607 sumptus
894 1574 936 1595 ex
951 1562 1118 1603 Platone,
1146 1560 1209 1607 qui

212 1617 353 1657 scribit,
380 1616 502 1649 omnia
521 1627 593 1649 esse
614 1615 757 1648 condita
774 1613 965 1647 hominum
989 1626 1115 1653 causa,
1143 1611 1209 1646 ho—
1234 1633 1236 1640 ·

210 1669 327 1702 mines
362 1680 448 1701 vero
484 1666 645 1699 Deorum
680 1678 798 1700 causa.
868 1665 966 1699 Deus
1001 1665 1097 1698 enim
1133 1664 1211 1698 vult

214 1720 379 1766 agnosci,
408 1718 497 1759 coli,
524 1717 702 1750 invocari:
733 1717 840 1763 idque
857 1716 1032 1760 significat
1048 1716 1114 1751 ista
1140 1716 1210 1750 sol-

212 1772 381 1812 licitudo,
410 1782 519 1817 quam
538 1769 691 1803 Ovidius
707 1768 835 1803 tribuit
851 1768 1008 1813 Superis.

431 1899 627 1932 Deorum
658 1897 990 1931 iusiurandum.

266 1977 344 2011 Vss.
365 1977 435 2011 188
454 1991 505 2021 sq.
534 1979 601 2010 Per
614 1976 761 2019 flumina
777 1977 854 2008 iuro

270 2029 410 2073 Insera,
438 2030 498 2062 sub
514 2035 627 2063 terras
641 2030 763 2073 Slyye'o
779 2027 928 2060 lubentia
945 2027 1027 2060 luco.

321 2097 531 2132 Aristoteles
547 2097 582 2130 in
600 2094 856 2142 Metaphysicis
882 2094 1005 2129 scribit
1030 2091 1123 2127 hanc
1142 2104 1216 2127 esse

224 2161 383 2189 causam,
400 2161 462 2182 cur
472 2155 598 2194 poetae
614 2150 751 2193 fingant
760 2147 855 2182 Deos
866 2147 986 2181 iurare
998 2157 1061 2191 per
1073 2157 1218 2190 aquam,
1244 2166 1246 2185 3

220 2208 282 2242 ut,
307 2213 387 2234 cum
416 2213 454 2233 ea
484 2201 529 2234 sit
556 2201 718 2234 omnium
748 2200 865 2245 prima
895 2205 930 2232 et
957 2196 1219 2243 antiquissima,

222 2253 424 2298 significent
439 2250 530 2285 nihil
546 2253 747 2286 ducendum
767 2251 886 2296 prius,
921 2248 1012 2283 nihil
1038 2248 1220 2296 antiquius
1245 2269 1247 2279 ;

223 2311 259 2338 et
277 2304 433 2339 sanctius
451 2303 624 2347 religione
650 2302 896 2337 iurisiurandi.

262 2467 312 2496 22)
332 2466 387 2491 Cic.
408 2466 441 2489 de
462 2465 540 2490 orfic.
560 2464 607 2495 ln,
622 2464 649 2495 G,
668 2465 711 2489 ³2.

262 2534 330 2566 22¹³)
351 2535 493 2559 claudian.
514 2534 541 2558 in
560 2535 673 2564 Eutrop.
693 2534 728 2563 11,
751 2534 790 2559 13.
813 2535 852 2558 14.
874 2534 923 2557 Ed.
945 2534 1092 2556 Burmann.

261 2603 310 2630 23)
330 2603 396 2626 Nam
416 2603 483 2631 etsi]
503 2603 543 2626 sic
561 2603 645 2627 Edntt.
662 2602 754 2632 1555.‚
776 2601 867 2631 1559.;

298 2638 365 2661 haec
384 2643 438 2661 non
458 2637 642 2661 inveniuntur.

259 2704 467 2735 2⁴)lerr1182]
500 2706 539 2731 nic
571 2706 654 2731 Edist.
678 2706 771 2734 1555..

295 2738 413 2774 yentes‘!

804 2705 879 2730 155⁹.
892 2712 898 2733 ς

789 112 912 149 PHIL.
938 110 1051 147 MEL.
1085 109 1289 146 SCRIPTA
1317 107 1655 144 PHILOLOGICA.

900 2601 925 2624 in
947 2600 1027 2626 Ovid.
1047 2600 1096 2624 Ed.
1115 2599 1224 2624 Mitsch.
1248 2579 1251 2619 i

2181 107 2254 147 512

1472 195 1536 229 De
1566 194 1751 241 Satyris
1781 201 1821 228 et
1848 194 2031 231 Faunis.

1301 264 1379 300 Vss.
1402 263 1473 299 192
1490 277 1544 309 sq.
1588 267 1679 299 Sunt
1706 265 1791 298 mihi
1815 265 1983 304 Semidei,
2018 270 2097 298 sunt
2123 266 2253 298 rustica

1668 317 1811 349 numina
1832 317 1944 349 Fauni

1305 370 1347 401 Et
1364 368 1542 411 Nymphae
1550 366 1597 412 25)
1615 368 1800 413 Satyrique
1820 373 1888 404 etc.
2086 397 2097 413 ‘

1354 426 1475 471 Satyri
1495 425 1654 459 etFauni
1672 427 1865 460 traduntur
1882 438 1955 460 esse
1974 423 2186 459 homunculi
2199 425 2253 458 bi-

1252 489 1390 517 cornes,
1416 477 1565 512 naribus
1583 477 1742 518 aduncis,
1771 489 1923 522 corpore
1942 477 2077 522 piloso,
2101 482 2136 510 et
2154 476 2254 521 pedi-

1251 530 1316 563 bus
1333 529 1510 573 caprinis,
1538 529 1601 575 qui
1623 535 1744 563 utrum
1770 529 1843 563 sint
1868 528 2058 569 animalia,
2095 540 2143 561 an
2159 527 2254 561 Dae-

1252 592 1397 620 mones,
1424 578 1536 621 nihil,
1573 582 1668 626 quod
1696 581 1891 621 affirmem,
1926 578 2056 614 habeo.
2109 579 2254 613 Plutar-
2284 619 2289 623 ,

1224 634 1226 652 ‘'
1253 630 1338 666 chus
1369 632 1406 665 in
1439 632 1511 665 vita
1548 631 1724 678 Syllae²⁶)
1757 631 1900 671 scribit,
1942 632 2111 677 Satyrum
2144 630 2254 664 fuisse

1252 690 1396 728 captum
1419 695 1494 716 non
1520 683 1625 727 longe
1653 684 1697 716 ab
1720 682 1936 728 Apollonia,
1971 683 2114 716 civitate
2136 681 2254 726 Epiri,

1253 735 1395 780 qualem
1414 741 1542 779 poetae
1562 741 1596 768 et
1621 735 1776 779 pictores
1800 735 1992 778 effingunt,
2019 734 2254 778 productum-

1254 798 1323 832 que
1342 787 1387 819 ad
1405 786 1560 831 Syllam,
1597 793 1631 819 et
1655 798 1718 831 per
1748 787 1881 820 multos
1903 786 2117 830 interpretes
2143 784 2253 817 inter-

1254 844 1421 882 rogatum
1434 864 1443 878 ‚
1466 838 1632 883 quisnam
1652 844 1754 878 esset,
1782 838 1933 872 edidisse
1951 837 2096 882 quidem
2115 847 2255 875 vocem,

1226 916 1228 926 ,
1254 890 1315 922 sed
1340 901 1359 921 a
1387 890 1530 923 nemine
1546 889 1762 922 intellectam
1778 917 1787 930 ,
1813 895 1939 933 utpote
1965 889 2047 934 equi
2069 886 2253 921 hinnitum

1255 952 1385 984 caprae
1413 941 1534 974 balatu
1559 942 1794 984 permixtum3
1839 947 1963 984 postea
1986 940 2131 973 iubente
2155 938 2253 984 Sylla

1254 992 1361 1025 fuisse
1385 991 1592 1031 dimissum,
1631 993 1724 1025 datis
1749 991 1959 1031 comitibus,
2001 1002 2020 1023 a
2046 991 2176 1036 quibus
2198 1001 2255 1022 re·

1255 1044 1448 1076 duceretur
1474 1043 1511 1075 in
1535 1043 1664 1087 sylvas.
1717 1043 1832 1076 Divus
1848 1042 2092 1087 Hieronymus
2107 1052 2253 1087 qnoque

1228 1103 1230 1109 ’
1255 1094 1379 1128 scribit
1393 1094 1430 1126 in
1450 1094 1520 1127 vita
1538 1093 1645 1126 Pauli
1660 1093 1862 1134 Eremitae,
1890 1094 1984 1127 idem
2004 1093 2141 1126 animal
2163 1099 2254 1125 tem-

1229 1172 1230 1177 ,
1256 1158 1345 1191 pore
1365 1145 1594 1179 Constantini
1611 1145 1773 1179 Caesaris
1792 1151 1956 1189 captum,
1984 1157 2024 1177 ac
2045 1145 2259 1188 perductum

1256 1197 1528 1237 Alexandriam,
1555 1197 1761 1241 praebuisse
1779 1208 1950 1240 magnum
1970 1196 2106 1240 populo
2123 1201 2260 1240 specta-

1257 1249 1395 1289 culum,
1430 1261 1470 1282 ac
1487 1255 1609 1293 postea
1629 1249 1704 1283 eius
1721 1249 1875 1281 cadaver
1889 1248 1962 1282 sale
1980 1247 2162 1292 perfusum
2175 1273 2184 1285 ,
2211 1258 2257 1278 ne

1260 1307 1497 1346 putresceret,
1543 1300 1689 1334 missum
1719 1299 1825 1334 fuisse
1851 1297 2084 1333 Antiochiam
2111 1297 2259 1332 Caesari

1259 1353 1467 1386 videndum.
1534 1352 1590 1385 Ad
1624 1349 1713 1385 haec
1743 1350 1867 1385 scribit
1892 1351 2009 1395 ipsum
2037 1349 2191 1382 Paulum
2221 1348 2260 1380 in

1232 1442 1234 1448 y
1260 1416 1381 1438 eremo
1400 1402 1555 1448 Aegypti
1576 1403 1823 1447 conspicatum
1842 1408 1877 1435 et
1893 1402 2088 1434 allocutum
2107 1411 2182 1433 esse
2206 1405 2259 1432 ta-

1232 1494 1233 1501 *
1260 1457 1330 1489 lem
1350 1453 1611 1489 homunculum
1640 1453 1868 1499 capripedem
1898 1459 1931 1485 et
1959 1457 2174 1491 cornutum,
2209 1456 2261 1483 at-

1232 1505 1234 1512 ’
1261 1519 1331 1553 que
1351 1508 1394 1540 ab
1414 1518 1456 1539 eo
1473 1506 1647 1550 accepisse
1666 1503 1733 1538 hoc
1748 1516 1980 1549 responsum:
2009 1502 2177 1536 Mortalis
2195 1513 2261 1545 ego

1261 1572 1362 1599 sum,
1401 1564 1435 1591 et
1461 1570 1553 1591 unus
1581 1570 1622 1591 ex
1647 1557 1774 1591 incolis
1800 1556 1928 1595 eremi,
1970 1567 2060 1600 quos
2084 1552 2263 1598 gentilitas

1263 1610 1348 1643 colit
1372 1609 1474 1642 vario
1499 1621 1621 1643 errore
1645 1609 1765 1642 delusa
1780 1634 1789 1648 ,
1823 1607 2041 1651 Faunosque
2066 1611 2101 1639 et
2115 1604 2266 1649 Satyros

1263 1662 1438 1707 appellat3
1465 1661 1643 1705 legatione
1664 1661 1796 1704 fungor
1813 1658 1928 1703 gregis
1943 1657 2035 1696 mei;
2062 1667 2266 1701 precamur,

1263 1720 1303 1747 ut
1320 1726 1387 1758 pro
1404 1713 1509 1746 nohis
1525 1724 1756 1745 communem
1773 1711 1890 1744 Deum
1906 1708 2129 1754 depreceris,
2157 1718 2265 1753 quem

1264 1777 1333 1810 pro
1352 1765 1466 1799 salute
1486 1763 1613 1798 mundi
1631 1763 1771 1797 venisse
1790 1761 2036 1807 cognovimus.

1500 1856 1683 1903 Lycaon
1716 1856 1760 1890 in
1793 1856 1949 1901 lupum
1977 1852 2038 1900 ²⁷).

1369 1925 1531 1972 Lycaon,
1558 1938 1620 1959 rex
1634 1925 1824 1964 Arcadiae,
1851 1923 1990 1968 primus
2007 1921 2170 1956 inducias
2183 1920 2268 1954 belli

1268 1978 1421 2012 violasse
1437 1979 1550 2011 fertur
1567 1977 1756 2010 immolato
1771 1975 1849 2009 Iovi
1865 1975 1988 2009 obside
1999 2001 2008 2015 ,
2037 1986 2144 2020 quem
2161 1972 2272 2006 aMo-

1240 2025 1242 2035 ‘
1268 2029 1371 2064 lossis
1396 2035 1602 2074 acceperat,
1631 2039 1785 2073 cumque
1808 2025 1875 2060 hac
1901 2026 2052 2071 perfidia
2079 2024 2272 2069 redegisset

1271 2082 1308 2115 in
1322 2088 1536 2127 potestatem
1556 2092 1596 2113 ac
1617 2079 1792 2113 ditionem
1817 2091 1920 2112 suam
1946 2076 2112 2112 homines
2137 2075 2273 2121 simpli-

1243 2141 1245 2157 *
1272 2146 1347 2174 ces,
1377 2133 1589 2179 quibuscum
1614 2131 1776 2164 inducias
1793 2131 1946 2171 fecerat,
1975 2136 2010 2163 et
2023 2142 2083 2164 eos
2098 2135 2274 2174 tanquam

1244 2193 1246 2210 ²
1273 2197 1358 2219 oves
1395 2186 1620 2224 devorasset,
1663 2189 1790 2227 poetae
1824 2183 1869 2216 ad
1898 2193 2034 2215 nomen
2064 2181 2275 2219 alludentes,

1245 2246 1246 2253 ¹
1273 2239 1454 2271 finxerunt
1478 2236 1596 2280 ipsum
1620 2235 1657 2268 in
1682 2235 1807 2279 lupum
1834 2246 1908 2268 esse
1934 2239 2114 2268 mutatum
2141 2245 2159 2266 a
2178 2231 2276 2270 love,

1276 2289 1333 2323 cui
1367 2286 1547 2321 humanas
1583 2299 1707 2320 carnes
1740 2286 1991 2331 apposuisset3
2040 2281 2151 2324 λύκος
2181 2284 2278 2317 enim

1246 2353 1248 2384 1
1274 2341 1400 2385 lupum
1431 2339 1619 2383 significat.
1680 2338 1778 2372 Haec
1804 2338 1913 2383 igitur
1937 2337 2057 2371 fabula
2081 2337 2277 2370 detestatur

1276 2391 1520 2436 impietatem,
1548 2391 1758 2436 perfidiam,
1784 2396 1819 2423 et
1835 2387 2176 2435 inhospitalitatem,
2206 2398 2278 2432 qua

1247 2439 1250 2476 ἶ
1276 2443 1328 2477 nil
1344 2449 1396 2477 est
1412 2442 1618 2477 immanius.
1662 2442 1780 2488 Quam
1803 2448 1941 2475 arctum
1959 2452 2045 2474 vero
2065 2446 2100 2473 et
2115 2444 2277 2474 sanctum

1248 2507 1251 2543 ἰ
1279 2495 1365 2528 olim
1399 2495 1509 2528 fuerit
1544 2495 1726 2528 vinculum
1758 2491 1926 2537 hospitii,
1974 2504 2016 2526 ex
2047 2504 2089 2524 eo
2117 2496 2279 2536 apparet,

1311 2613 1359 2645 25)
1381 2615 1478 2638 Fauni
1501 2616 1537 2639 Et
1558 2613 1720 2644 Nymphae]
1741 2613 1782 2636 sic
1802 2611 1886 2635 Editt.
1907 2610 2000 2638 ¹555„
2022 2610 2114 2641 ¹559.;
2135 2609 2214 2635 Ovi«,
2231 2608 2279 2632 Ed.

937 2704 1014 2730 ονῑα.
1042 2705 1091 2730 κα.
1119 2704 1225 2728 Mitsch.
1251 2717 1253 2736 1

1348 2649 1458 2672 Mitsch.
1479 2649 1640 2680 Nymphae,
1662 2648 1727 2679 (Vs.
1744 2646 1816 2677 1⁹2.)
1837 2646 1998 2676 Faunique.

1314 2692 1364 2719 26>
1383 2692 1523 2716 Plutarch.
1543 2692 1602 2716 vita
1622 2691 1716 2715 Sullae
1735 2697 1758 2714 e.
1773 2689 1816 2713 27.

1251 2748 1254 2765 χ
1313 2735 1362 2766 27)
1383 2736 1460 2760 Hanc
1478 2736 1599 2760 fabulam
1617 2735 1713 2759 narrat
1733 2732 1812 2759 ovid.
1833 2734 1897 2756 Met.
1919 2734 1939 2763 l,
1964 2732 2117 2757 163-239,
