2421 3005
110 95 184 130 409
577 92 798 128 LXXXVIII.

213 181 272 215 Vs.
289 181 375 216 380.
393 179 585 229 fermento]
612 181 680 214 Mit
697 182 777 214 dem
796 182 886 216 bier.
928 181 992 216 Est
1010 182 1114 228 quid-

106 235 189 267 dam
208 240 347 267 coctum
367 246 408 267 ex
427 231 565 266 hordeo
589 239 623 266 et
646 234 785 277 lupulo.
841 235 1026 267 Hordeum
1048 247 1113 278 per

104 297 140 319 se
155 286 274 319 statim
295 292 535 330 putresceret,
553 287 581 319 si
599 283 691 318 nihil
709 292 799 320 esset
818 287 998 319 additum:
1029 287 1111 319 ideo

101 344 250 371 sumunt
282 338 468 382 lupulum,
509 337 572 383 qni
605 338 705 371 addit
731 335 868 371 hordeo
895 338 1050 371 calorem
1077 345 1111 371 et

101 389 340 423 acrimoniam
369 390 574 435 quandam,
614 396 647 422 et
676 388 845 434 prohibet
877 390 1109 435 putrefactio-

99 453 195 475 nem.
251 442 394 476 Romen
419 441 533 486 lupuli
560 454 634 475 non
656 448 707 476 est
724 455 860 476 recens.
912 442 1109 489 Pliniusffi)

98 500 205 526 vocat
231 494 356 538 lupum
383 494 617 528 salictarium.
672 494 791 528 Verba
811 495 885 528 eius
909 501 1011 528 sunt:
1040 494 1109 527 Te-

96 543 194 575 neris
218 542 293 586 lupi
321 546 492 575 salictarii
519 546 722 580 tiu-ionibus
748 547 785 579 in
813 546 1014 580 salactariis
1039 547 1108 580 uti-

97 606 200 633 mur,
229 606 316 627 wan
336 595 400 627 der
424 592 516 638 hops
532 594 618 638 iung
634 597 698 635 ist,
734 611 773 628 sn
793 596 915 630 macht
941 610 1026 631 man
1053 610 1107 632 sa-

95 643 172 678 lath
190 646 265 679 und
283 645 499 679 salsamenta
517 648 661 680 daraus.
713 646 894 680 Dicuntur
911 657 1030 681 antem
1053 657 1107 682 tu-

96 697 218 731 riones
236 698 354 731 omnis
372 699 545 732 teneritas
562 699 724 731 radicum
738 699 793 732 vel
804 699 950 740 florum,
967 700 1105 734 Graece

96 747 289 797 φριγωνία
308 749 366 796 ¹⁶).
412 750 577 796 Lupulus
597 763 615 783 a
635 751 808 784 fervendo
829 763 964 784 nomen
984 750 1104 793 habet,

94 801 180 846 quia
207 801 309 835 addit
334 802 492 836 calorem
515 802 552 835 in
571 808 729 836 coctura.
783 804 989 849 Aegyptus,
1018 805 1102 849 quia

91 864 168 886 non
194 851 304 887 habet
328 853 476 895 vinum,
511 854 642 888 dicitur
668 855 848 889 invenisse
875 853 968 888 hanc
992 856 1103 889 ratio-

92 917 176 938 nem
198 906 409 951 coquendae
429 906 634 940 cerevisiae.
688 905 737 940 Et
756 907 873 952 ipsum
893 920 1029 941 nomen
1049 920 1102 941 ce-

91 957 223 991 revisia
243 958 422 992 Gallicum
441 965 503 992 est.

193 1009 254 1044 Vs.
270 1010 358 1044 380.
386 1012 524 1053 Sorbis]
550 1011 665 1045 Sorba
686 1011 873 1057 sylvestria
892 1023 1014 1056 poma.

193 1061 254 1096 Vs.
273 1062 360 1097 381.
381 1061 614 1111 Hyperboreo]
644 1064 728 1110 quia
747 1071 799 1098 est
815 1065 859 1097 ad
878 1063 1049 1097 Boream.

194 1122 254 1157 Vs.
281 1123 369 1158 384.
403 1126 447 1159 δι’
474 1122 554 1172 tibi]
594 1125 648 1158 De
676 1126 756 1158 loco
784 1125 917 1158 idoneo
946 1124 1100 1169 pascuis.

88 1175 237 1220 Aspera]
267 1175 389 1220 idest,
417 1176 576 1220 spinosa.

193 1226 253 1260 Vs.
278 1225 364 1262 385.
389 1230 547 1273 Lappae]
580 1228 737 1262 Kletten.
845 1229 996 1273 Tribuh']
1031 1227 1100 1261 Die

89 1291 237 1323 grossen
252 1279 409 1313 Karsten
434 1281 550 1315 distel.
663 1283 785 1320 Laeta]
816 1281 923 1324 quiin,
951 1280 1099 1324 quando

86 1328 196 1360 nimis
228 1328 379 1372 pingues
414 1335 516 1369 sunt,
550 1335 635 1362 tunc
669 1342 745 1363 non
776 1330 932 1363 multum
964 1328 1100 1363 habent

85 1379 203 1412 lanae.

190 1438 251 1474 Vs.
269 1439 358 1474 394.
382 1443 431 1475 At
446 1442 517 1486 cui]
542 1439 638 1477 KVer
656 1440 726 1474 viel
752 1439 862 1475 milch
881 1442 947 1475 wit
966 1440 1098 1484 haben,
1124 1455 1126 1470 τ

86 1493 149 1525 der
166 1492 259 1526 treib
277 1494 340 1526 das
358 1491 441 1526 vieh
455 1494 493 1527 in
512 1494 616 1527 einen
634 1493 774 1533 locum,
802 1494 864 1528 ubi
886 1501 938 1529 est
964 1507 1094 1539 magna

84 1544 243 1578 luxuries
262 1545 450 1590 graminis.
560 1544 732 1595 Cytisum]
761 1546 862 1581 Klee.
971 1548 1096 1592 Lotus]

85 1597 232 1643 quando
252 1595 402 1631 herbam
425 1598 620 1642 significat,
649 1606 733 1633 tunc
754 1606 805 1634 est
824 1599 959 1644 species
987 1612 1095 1645 qnae-

84 1651 168 1683 dam
197 1648 324 1684 similis
343 1650 484 1694 vulgari
505 1651 637 1696 cytiso3
682 1653 744 1686 sed
772 1653 918 1698 quando
945 1652 1096 1697 ponitur

83 1713 151 1747 pro
170 1701 320 1741 arbore,
344 1708 429 1735 tunc
454 1703 632 1747 significat
650 1716 718 1749 eyn
736 1705 983 1738 sandelbaum.

186 1752 247 1787 Vs.
264 1754 350 1788 398.
372 1753 560 1803 Excretos]
587 1755 623 1788 id
639 1762 710 1797 est,
733 1757 888 1791 adultos.

186 1804 248 1840 Vs.
267 1806 354 1841 404.
378 1809 450 1841 Nec
468 1809 546 1854 tibi]
572 1808 606 1841 id
625 1814 697 1849 est,
722 1821 811 1853 opus
830 1815 881 1842 est
900 1808 1008 1842 etiam
1036 1821 1094 1842 cu-

81 1859 256 1894 stodibus.

187 1911 249 1946 Vs.
269 1909 355 1947 405.
374 1910 540 1960 Spartae]
567 1912 603 1945 id
623 1918 686 1953 est,
704 1911 918 1947 Laconicos.

81 1962 227 2006 Iussum]
252 1965 284 1998 A
300 1964 392 1996 loco-

186 2018 248 2055 Vs.
265 2018 352 2054 407.
386 2021 525 2065 Furem]
554 2020 589 2053 id
617 2026 689 2062 est,
730 2021 782 2054 illi
818 2022 1003 2067 depellunt
1029 2038 1094 2056 no-

81 2081 208 2110 cturna
228 2073 432 2107 latrocinia.

184 2125 247 2161 Vs.
263 2126 351 2161 409.
377 2126 547 2170 Onayros]
582 2126 702 2160 walde
721 2127 804 2161 esel.

184 2179 246 2214 Vs.
275 2178 363 2213 410.
393 2176 550 2226 Damas]
587 2179 749 2213 Medium
791 2179 965 2226 quiddam
998 2179 1093 2213 inter

80 2244 207 2277 capras
227 2239 262 2265 et
279 2244 403 2266 cervos
416 2258 425 2272 ‚
453 2238 536 2264 sunt
555 2232 770 2266 maculosae.

185 2290 247 2325 Vs.
267 2290 355 2326 414.
382 2294 489 2326 Disce
506 2292 554 2335 et]
582 2291 757 2326 Remedia
787 2299 912 2327 contra
938 2305 1092 2331 venena,

80 2355 173 2389 quae
197 2343 307 2377 etiam
336 2345 459 2378 valent
487 2350 613 2377 contra
642 2351 790 2389 pestem.
929 2342 1090 2393 cedrum]

81 2395 198 2430 Credo
217 2397 368 2429 eandem
386 2396 458 2429 x‘im
479 2394 613 2430 habere
631 2403 755 2431 nostra
773 2397 858 2430 solia
878 2410 1029 2444 querna.

183 2447 245 2482 Vs.
269 2447 358 2484 415.
402 2448 589 2495 Galbcmeo]
633 2449 838 2483 Galbanum
878 2457 931 2485 est
970 2451 1088 2485 resina

80 2501 259 2545 quaedam
285 2514 435 2536 nascens
462 2503 498 2535 in
524 2501 648 2546 Syria,
685 2513 794 2545 grave
819 2501 940 2544 olens,
978 2515 1087 2549 qnam

1013 1915 1096 1948 Mo-

149 2655 234 2679 Editt.
256 2654 355 2685 antiq.)

118 2689 164 2721 16)
186 2690 342 2722 φριγωνίτῑ]
362 2691 401 2714 sic
420 2691 469 2716 Ed.
486 2691 581 2722 1544.3
608 2691 633 2715 ill
653 2692 739 2721 [mxx.
760 2696 807 2721 Gr,
829 2698 899 2725 hauc
919 2708 1013 2726 vocem
1033 2709 1086 2728 non
1113 2713 1114 2716 ,

150 2725 251 2749 inveni.

853 93 1142 130 ENARRATIO
1178 94 1464 135 GEORGICON
1500 99 1709 137 YIRGlLll.

2102 109 2178 144 410

1165 195 1229 226 ego
1248 190 1336 227 puto
1356 197 1428 220 esse
1444 195 1608 222 nostrum
1629 187 1722 224 thus.

1165 236 1330 270 nerosius
1347 237 1533 281 quiddam.

1264 287 1330 333 Ὺε.
1354 288 1440 323 417.
1459 289 1575 338 Fugit]
1597 293 1628 324 id
1650 300 1722 333 est,
1747 294 1883 329 abdidit
1901 309 1935 330 se
1954 297 1988 330 in
2008 298 2176 333 latebras.

1269 339 1329 373 Vs.
1346 340 1432 374 419.
1450 342 1679 392 Adsperyere]
1702 346 1736 378 id
1755 353 1826 387 est,
1850 355 1888 380 nt
1905 350 2093 395 adspergat
2116 363 2176 395 pe-

1165 402 1239 422 cor1
1264 404 1375 426 virus.

1269 451 1329 485 Vs,
1354 452 1441 488 425.
1478 457 1541 489 Est
1563 453 1684 503 eiiam]
1711 456 1792 490 Alia
1822 460 2029 504 descriptio.
2098 462 2174 506 Ego

1163 503 1271 535 credo
1299 505 1436 538 nullam
1464 519 1538 540 esse
1557 507 1743 541 nationem
1757 536 1766 549 ,
1796 522 1888 555 quae
1907 509 2038 546 habeat
2057 514 2175 548 minus

1162 566 1386 589 venenorum
1410 570 1517 602 quam
1541 559 1792 594 Germaniam.

1266 606 1326 640 Vs.
1344 607 1430 644 432.
1460 612 1644 644 Exlnmsta
1660 609 1724 659 17)]
1752 612 1787 645 id
1805 619 1875 653 est,
1900 616 2048 660 quando
2066 616 2176 650 desic-

1161 664 1290 691 cantur
1309 660 1471 703 paludes.

1266 710 1326 744 Vs.
1342 710 1429 746 437.
1463 715 1544 747 Cum
1569 712 1708 762 positis]
1736 716 1771 749 id
1792 723 1863 758 est,
1893 719 2041 763 quando
2062 718 2097 751 in
2117 731 2175 753 ae-

1158 767 1249 794 state
1269 764 1362 795 redit
1382 764 1509 807 positis
1533 765 1683 799 exuviis.

1780 190 1913 225 Verum
1936 191 2017 227 ilius
2044 201 2095 228 est
2119 208 2176 239 ge-

1262 822 1323 857 Vs.
1342 823 1430 858 440.
1448 827 1650 860 flIorbornm
1669 840 1795 874 quoque
1812 827 1860 877 ie]
1888 830 1940 864 De
1960 832 2096 866 morbis
2113 845 2173 877 pe-

1158 874 1303 909 cudum.
1356 875 1547 921 Epidemia
1573 885 1625 911 est
1647 882 1816 922 morbus,
1843 883 1905 927 qui
1930 890 2082 928 vagatur
2109 897 2174 928 per

1158 937 1284 960 omnes
1316 925 1503 970 homines,
1549 937 1582 964 et
1609 931 1728 965 existit
1760 940 1910 978 propter
1937 935 2027 969 coeli
2062 936 2174 969 incle-

1157 979 1346 1020 mentiam,
1369 987 1408 1014 ut
1425 988 1477 1016 est
1495 983 1616 1027 pestis.
1655 983 1712 1017 Sic
1729 984 1846 1018 Attica
1868 989 2047 1032 quaedam
2067 988 2175 1033 pesti-

1156 1030 1266 1063 lentia
1287 1038 1338 1065 est
1360 1033 1558 1075 celebrata,
1588 1034 1625 1067 in
1651 1048 1721 1081 qua
1750 1034 1918 1073 homines
1945 1046 2047 1073 tanto
2074 1047 2174 1074 aestu

1156 1088 1241 1115 sunt
1261 1085 1442 1129 correpti,
1471 1092 1511 1118 ut
1537 1098 1572 1119 se
1602 1086 1862 1132 ixmnergerent
1887 1092 1924 1124 in
1943 1092 2091 1125 flumina
2107 1120 2115 1133 ,
2140 1099 2174 1126 et

1157 1134 1219 1179 qui
1238 1135 1494 1177 revaluerunt,
1520 1150 1638 1184 neque
1659 1152 1714 1179 se,
1737 1152 1854 1187 neque
1873 1156 1957 1177 suos
1975 1151 2175 1189 potuerunt

1156 1198 1363 1229 agnoscere.
1417 1188 1608 1223 Lucretius
1642 1190 1679 1223 in
1713 1192 1782 1225 fine
1810 1194 1863 1227 sui
1888 1196 2068 1240 poematis
2095 1209 2171 1230 me-

1155 1237 1261 1271 minit
1288 1236 1395 1274 huius
1423 1241 1543 1285 pestis.
1612 1241 1737 1286 Λιμὸς
1768 1251 1820 1278 est
1851 1248 1960 1291 pestis
1987 1255 2021 1281 et
2047 1249 2173 1290 fames,

1155 1296 1187 1322 et
1206 1290 1422 1336 plerumque
1442 1293 1549 1326 simul
1567 1301 1790 1335 grassantur.

1254 1341 1415 1378 Vs.441.
1436 1345 1665 1389 Ube'friyldus
1682 1345 1805 1396 imber]
1832 1349 1915 1395 quia
1934 1351 2045 1396 frigus
2065 1353 2169 1387 valde

1154 1399 1260 1426 nocet
1287 1395 1507 1431 animalibus
1521 1425 1531 1438 ,
1560 1403 1595 1430 et
1620 1398 1789 1444 inprimis
1808 1402 1910 1434 nervi
1930 1410 1964 1436 et
1981 1405 2169 1439 cerebrum

1152 1444 1349 1480 laeduntur
1374 1448 1528 1494 frigore,
1560 1450 1665 1495 quia,
1702 1454 1850 1498 quando
1880 1455 1992 1499 frigus
2017 1457 2169 1491 circum-

1152 1503 1223 1530 stat
1239 1495 1452 1541 humidum,
1482 1509 1567 1536 tunc
1587 1502 1691 1536 facile
1711 1506 1925 1550 corrumpit.

1256 1549 1316 1585 Vs.
1335 1550 1421 1588 442.
1450 1556 1508 1588 Ad
1525 1552 1652 1601 rii-nm]
1682 1556 1718 1588 id
1738 1563 1809 1597 est,
1838 1557 1933 1592 intra
1952 1571 1968 1592 c
1981 1565 2091 1594 utem.

1254 1601 1315 1636 Vs.
1334 1603 1421 1638 443.
1452 1607 1589 1650 Illotus]
1622 1606 1657 1638 id
1681 1614 1750 1649 est,
1779 1609 2009 1652 immundus,
2046 1612 2082 1646 id
2102 1618 2166 1654 est,

1151 1652 1232 1686 vide
1246 1681 1254 1694 ,
1284 1667 1329 1688 ne
1346 1657 1458 1690 sudor
1477 1665 1689 1703 corrumpat
1705 1666 1802 1695 cutes
1820 1664 2013 1706 pecudum.

1253 1705 1313 1741 VS.
1327 1707 1414 1742 447.
1432 1709 1633 1759 Mersatur]
1655 1710 1798 1747 Lavant
1816 1715 1971 1760 saepius,
1992 1728 2037 1750 ne
2055 1718 2166 1751 sudor

1149 1757 1258 1791 faciat
1277 1759 1384 1793 situm
1407 1761 1445 1794 in
1463 1769 1542 1795 cute
1558 1765 1752 1807 pecudum.

1250 1818 1311 1854 Vs.
1328 1819 1416 1856 448.
1445 1821 1615 1871 Amarea]
1647 1824 1681 1857 id
1700 1832 1770 1865 est,
1795 1826 1930 1861 fecibus
1959 1828 2047 1868 olei,
2077 1830 2162 1874 quia

1150 1869 1269 1926 oleum
1287 1872 1426 1919 alioqui
1444 1881 1495 1908 est
1514 1888 1570 1909 res
1589 1877 1692 1910 valde
1711 1888 1854 1911 sanans.
1909 1878 1960 1911 Ita
1980 1879 2162 1924 Augustus

1150 1926 1392 1968 lnterrogavit
1411 1928 1592 1971 quendam
1608 1955 1616 1967 ‚
1645 1931 1831 1974 quomodo
1859 1931 2084 1974 perduxisset
2110 1933 2163 1965 vi-

1150 1978 1222 2006 tam
1254 1988 1357 2009 snam
1396 1980 1442 2011 ad
1468 1985 1542 2012 tam
1568 1980 1714 2024 longam
1740 1989 1942 2023 senectam,
1975 1985 2162 2028 respondit

1149 2024 1225 2059 ille:
1254 2027 1359 2063 Foris
1379 2029 1479 2071 oleo,
1508 2031 1604 2066 intus
1621 2033 1751 2066 mulso.
1807 2032 1858 2067 lta
1877 2034 1913 2067 in
1931 2033 2037 2069 Livio
2062 2036 2161 2070 vide-

1148 2074 1204 2108 tis.
1259 2079 1443 2114 Hannibal
1465 2084 1719 2125 ordinaverat,
1748 2091 1787 2118 ut
1815 2086 1948 2121 milites
1964 2087 2000 2120 in
2026 2088 2160 2133 frigore

1147 2127 1248 2171 prius
1275 2131 1355 2165 oleo
1380 2142 1559 2178 ungerent
1586 2148 1760 2180 corpora3
1798 2138 1918 2171 oleum
1943 2140 2038 2173 enim
2069 2141 2160 2174 inte-

1147 2179 1245 2213 riora
1271 2182 1402 2218 leniter
1418 2187 1528 2219 fovet.
1581 2186 1628 2219 Et
1645 2187 1804 2222 Galenus
1829 2190 1916 2224 dicit
1941 2191 2020 2226 illas
2042 2193 2160 2226 natio-

1146 2243 1208 2265 nes
1233 2241 1328 2268 recte
1358 2236 1411 2269 uti
1445 2237 1589 2283 butyro,
1609 2251 1678 2283 pro
1714 2240 1814 2282 oleo,
1853 2243 1983 2288 quibus
2007 2256 2081 2277 non
2107 2251 2158 2278 est

1146 2284 1286 2327 oleum,
1322 2287 1413 2321 sicut
1438 2301 1505 2323 nos
1535 2290 1685 2326 utimur.
1746 2291 1930 2328 Debemus
1959 2302 2078 2330 autem
2104 2297 2157 2330 uti

1145 2343 1227 2369 ante
1255 2338 1373 2372 cibum
1392 2341 1546 2387 butyro,
1576 2344 1659 2388 quia
1680 2343 1817 2391 alioqui
1837 2353 1919 2390 post
1943 2347 2061 2381 cibum
2092 2360 2157 2381 na-

1144 2393 1196 2421 tat
1224 2388 1261 2422 in
1289 2391 1426 2426 orificio
1453 2392 1653 2436 stomachi,
1690 2402 1725 2429 et
1749 2397 1897 2439 dilatat,
1921 2411 1996 2432 non
2021 2399 2155 2432 claudit

1143 2439 1385 2477 stomachum.
1453 2443 1493 2478 In
1518 2459 1681 2488 summa,
1723 2447 1821 2484 Deus
1856 2451 2053 2483 cumulavit
2072 2450 2153 2485 inos

1143 2491 1348 2536 ingentibus
1364 2496 1489 2538 donis,
1519 2504 1554 2531 et
1572 2496 1683 2533 homo
1703 2497 1812 2534 habet
1837 2501 1946 2534 multa
1972 2502 2152 2545 praesidia

1143 2550 1176 2576 et
1196 2546 1355 2579 remedia
1377 2548 1548 2584 adversus
1573 2551 1693 2587 varios
1718 2564 1840 2593 casus,
1877 2552 1906 2586 si
1925 2554 2034 2587 niodo
2053 2566 2151 2588 acce-

116 2618 162 2649 15)
190 2619 271 2646 conf.
296 2619 367 2645 Ptin.
394 2620 468 2647 nist.
493 2623 556 2646 Nat.
574 2621 661 2653 xxi,
688 2628 710 2647 c.
727 2624 770 2648 50.
796 2623 846 2650 Ed.
863 2623 968 2655 Franz.
993 2631 1086 2663 (c.15.
1114 2614 1117 2660 J
1142 2596 1204 2629 ‘ht
1231 2598 1427 2635 ¹¹⁷¹ed¹⁰⁶r¹⁵
1450 2601 1649 2646 diligentia.

1176 2742 1221 2773 17)
1240 2744 1415 2773 Eaehausta]
1437 2745 1478 2768 sic
1498 2744 1547 2770 Ed.
1567 2744 1660 2769 15⁴i.:
1689 2744 1737 2768 Ed.
1759 2745 1900 2776 §Vagneia
1920 2749 2036 2772 exusta.
