2421 3005
72 97 115 131 61
454 93 640 128 LXXVIII.

70 180 263 218 sententias
282 180 422 227 aliquas
447 181 599 225 legebat.

71 233 257 281 quentinm
276 234 518 274 consuetudo,
548 233 672 266 ornari
690 233 893 267 orationem
922 239 1004 278 apte
1023 232 1077 265 in—

70 286 171 321 sertis
188 285 391 325 sententiis,
419 285 503 331 quia
521 292 604 319 sunt
623 292 921 330 argumentorum
946 285 1076 326 fontes,
1102 296 1104 327 ζ

695 92 985 128 EXPLICATIO
1022 93 1107 129 SEN
1114 94 1407 131 TENTIARUM
1441 95 1748 133 THEOGNIDIS.

660 179 828 215 Ostendit
853 187 886 215 et
909 181 998 214 bene
1026 180 1076 214 lo-
1103 196 1104 200 =

1103 219 1104 237 i

1102 270 1104 294 l

70 351 149 372 cum
173 337 317 382 negotia
343 337 556 383 plerumque
581 338 744 371 doctrina
778 337 953 372 virtutum
984 337 1075 371 iudi-
1101 356 1103 373 ι

70 391 182 423 canda
201 395 235 422 et
251 389 462 423 illustranda
483 388 566 423 sint.

173 441 329 487 Quando
349 447 431 475 sunt
456 446 591 474 aetates
616 440 757 474 deditae
783 440 845 474 uni
871 440 977 474 alicui
1003 446 1075 474 stu-

68 493 149 534 dio,
191 492 350 527 eiusdem
384 493 524 537 generis
557 492 687 536 sci-Ipta
722 492 833 526 multa
866 498 1076 527 nascuntur.

68 544 179 579 Vetus
222 551 321 579 aetas
354 543 547 578 Homerica
584 542 709 578 habuit
745 551 868 588 poetas
902 542 1075 585 ethnicos,

67 597 287 641 scripserunt
302 608 375 630 uno
391 609 521 641 genere
538 596 736 630 carminum
756 593 916 631 heroico.
945 596 1072 630 Postea
1100 629 1101 638 ¹

1100 646 1101 661 ³
1127 662 1247 696 noque
1264 651 1381 685 iacent
1397 665 1597 699 somnoque
1618 653 1800 699 sepultis).

69 649 160 682 circa
187 654 352 693 tempora
377 647 521 683 Solonis
544 649 690 682 fuerunt
715 648 892 688 morales,
926 655 961 681 et
989 648 1074 681 scri-

67 706 217 745 pserunt
234 699 429 734 sententias
445 701 599 734 morales
610 726 618 739 ,
649 706 686 733 ut
701 697 916 745 Phocylides
934 706 968 733 et
978 697 1073 733 Tha-
1099 698 1100 703 ¹

66 753 116 786 les
140 751 321 793 Milesius,
358 763 579 798 quamquam
605 749 793 784 Thaletem
820 752 944 785 dicunt
966 751 1072 786 fuisse

66 802 243 848 hospitem
263 804 333 844 ibi,
360 815 435 836 non
450 810 575 837 natum
593 802 728 843 Mileti,
755 805 815 837 sed
832 804 939 838 fuisse
956 801 1072 837 Phoe-

64 855 202 896 nicem,
230 856 328 901 quod
351 861 404 889 est
427 853 517 888 mihi
536 855 640 888 valde
666 855 846 890 credibile.

65 914 100 941 et
115 906 279 952 Aegypto
297 906 417 941 attulit
433 907 618 941 scientiam
635 908 679 940 ad
701 907 963 941 astronomiam
976 935 985 948 ,
1014 919 1072 941 cu-

64 959 119 993 ius
143 959 268 992 dicunt
290 958 449 1003 primum
474 965 753 1004 propagatorem
780 959 898 994 fuisse.

64 1011 108 1044 de
125 1011 200 1045 eius
225 1010 376 1045 consilio
403 1011 585 1045 ordinavit
609 1023 748 1045 menses
774 1018 808 1045 et
830 1023 946 1045 annos
961 1009 1071 1045 Athe-

63 1063 138 1103 nis,
175 1068 210 1096 et
232 1059 417 1107 Theognis
439 1063 506 1097 fuit
530 1063 567 1096 in
593 1062 733 1104 Sicilia,
774 1063 884 1097 Solon
906 1061 1070 1103 Athenis,

64 1121 99 1148 et
116 1111 330 1160 l'hocylides
347 1114 476 1149 Mileti.
528 1115 756 1160 Scripserunt
780 1115 938 1149 eiusdem
965 1126 1070 1159 argu-

63 1166 177 1200 menti
203 1166 410 1200 sententias.
471 1166 559 1200 Post
591 1164 658 1201 hos
689 1173 772 1201 sunt
807 1167 917 1200 secuti
955 1166 1069 1211 lyrici,

64 1224 161 1252 aetas
183 1218 316 1263 lyrica,
352 1224 393 1251 ut
410 1217 610 1258 Pindarus,
636 1216 891 1262 Bacchylides,
919 1217 1069 1251 Alcaeus

64 1276 98 1303 et
115 1269 220 1303 multi
237 1269 310 1303 alii.
354 1269 482 1303 Postea
499 1276 582 1303 sunt
601 1269 744 1315 sequuti
762 1269 993 1303 circulatores
1012 1270 1068 1303 isti

63 1332 145 1354 cum
169 1319 366 1354 comoediis
392 1326 426 1353 et
452 1320 660 1365 tragoediis.
726 1319 790 1353 Illa
820 1327 917 1354 aetas
942 1319 1069 1354 habuit

61 1372 175 1406 multa
191 1371 415 1416 spectacula,
443 1371 534 1405 sicut
550 1384 646 1405 nunc
668 1378 793 1406 nostra
821 1378 919 1406 aetas
945 1372 1068 1407 scribit

61 1423 257 1458 maledicos
279 1422 403 1457 libros.
469 1423 630 1469 Videtis,
669 1435 779 1469 quam
813 1424 858 1458 sit
889 1425 1066 1458 foecunda

61 1474 150 1509 haec
177 1482 285 1510 aetas.
345 1474 489 1509 Solonis
515 1481 613 1510 aetas
637 1475 780 1509 videtur
802 1474 945 1510 Iovialis
971 1483 1067 1510 aetas

60 1527 188 1568 fuisse,
221 1527 368 1561 fuerunt
388 1525 558 1572 νομικοὶ,
593 1528 790 1562 admodum
812 1528 966 1562 libenter
989 1541 1067 1562 sen-

60 1579 191 1614 tentias
206 1580 362 1613 morales
377 1579 607 1624 scripserunt.
660 1578 749 1613 Item
772 1586 1067 1614 restauraverunt

60 1631 301 1677 respublicas,
335 1630 513 1665 civitates:
547 1631 613 1665 fuit
640 1638 737 1666 aetas
762 1631 997 1666 instauratrix
1012 1631 1067 1665 lo-

61 1683 176 1717 vialis.
229 1682 362 1716 Esdras
382 1688 417 1715 et
431 1680 625 1717 Nehemias
642 1684 788 1717 fuerunt
803 1685 910 1717 etiam
929 1683 1065 1729 legiferi

62 1735 255 1779 scriptores
271 1733 544 1768 sententiarum.

165 1785 288 1831 Aliqui
308 1785 355 1818 ita
373 1787 593 1830 respondent
608 1786 651 1819 ad
671 1794 936 1830 argumentum.
978 1785 1065 1820 Eth-

60 1838 140 1871 nica
171 1837 298 1882 religio
330 1835 439 1871 habet
469 1835 738 1872 honestissimas
764 1839 977 1879 sententias,
1011 1851 1064 1872 re-

61 1890 260 1935 spondent,
295 1889 354 1923 sed
373 1895 536 1933 acceptas
554 1901 572 1921 a
591 1890 707 1924 nobis.
768 1889 814 1922 Et
837 1902 909 1923 non
935 1890 1062 1923 discer-

60 1948 153 1976 nunt
165 1940 299 1985 Legem
314 1947 348 1974 et
365 1940 601 1985 Evangelium
615 1968 624 1981 ,
653 1948 687 1975 et
704 1941 860 1986 primam
882 1949 915 1975 et
941 1954 1062 1975 secun-

61 1995 144 2027 dam
161 1993 332 2027 tabulam.
370 1991 433 2026 Est
450 1992 558 2036 igitur
574 1993 723 2027 obscura
742 1999 776 2027 et
792 2006 896 2027 coeca
917 2006 1062 2038 respon-

60 2045 125 2080 sio.
178 2045 308 2079 Postea
327 2044 542 2078 confirmant
567 2044 794 2091 antiquitate.
855 2045 973 2080 Moses
997 2046 1058 2078 fuit

60 2097 176 2131 multo
193 2096 379 2142 antiquior
396 2108 503 2142 quam
522 2097 719 2134 Homerus;
748 2108 872 2131 verum
892 2104 963 2137 est,
990 2097 1061 2129 Ho-
1088 2123 1090 2137 .=

60 2161 180 2184 merus
193 2148 264 2183 fuit
279 2155 492 2182 coaetaneus
507 2147 635 2183 Esaiae
647 2176 656 2189 ‚
688 2161 763 2182 non
780 2150 935 2183 multum
954 2149 1061 2183 deest.

59 2200 144 2235 Fuit
160 2202 301 2245 sapiens
319 2206 354 2233 et
369 2200 553 2244 ingeniosa
571 2207 688 2241 aetas,
715 2200 805 2235 sicut
822 2208 945 2246 postea
965 2208 1062 2235 aetas

57 2253 237 2288 bellatrix.
288 2249 445 2286 Achilles
468 2252 535 2286 fuit
559 2259 774 2287 coaetaneus
790 2252 944 2295 Davidi‚
972 2253 1061 2287 Her-

61 2305 155 2340 cules
180 2303 349 2339 Simsoni.
408 2302 448 2336 In
474 2304 532 2337 illa
561 2304 651 2338 serie
678 2305 771 2338 lucet
793 2305 1058 2340 mirabilissima

60 2356 236 2403 sapientia
261 2355 348 2397 Dei,
390 2368 481 2401 quae
513 2355 726 2390 mirabiliter
749 2357 931 2391 ordinavit
956 2371 1058 2392 mun-

61 2410 146 2444 dum
157 2436 167 2450 ‚
193 2415 228 2442 et
245 2420 368 2442 cursus
383 2408 550 2441 coelestes
567 2408 781 2442 mirabiliter
804 2416 1059 2454 congruerunt.

60 2460 234 2495 Homines
265 2459 417 2494 studiosi
451 2459 515 2493 ista
551 2460 681 2493 debent
716 2460 888 2496 iudicare.
947 2461 1059 2495 Valde

61 2513 173 2548 multa
206 2518 357 2558 possunt
387 2511 539 2545 iudicari
561 2523 602 2544 ex
627 2518 830 2556 temporum
856 2513 1058 2547 collatione.

60 2563 129 2598 Ista
150 2571 331 2610 postrema
350 2570 446 2597 aetas
463 2563 598 2607 regitur
614 2575 632 2595 a
651 2563 793 2608 trigono
809 2563 945 2599 Lunae.

60 2616 170 2650 miser
187 2622 221 2650 et
236 2621 436 2650 contemtus
455 2615 628 2659 trigonus.
683 2614 777 2649 Istud
796 2623 935 2661 tempus
953 2614 1058 2650 habet

61 2668 287 2702 confusiones
321 2679 362 2701 ex
398 2667 653 2701 commixtione
687 2667 832 2707 Martis,
874 2667 998 2702 Lunae
1028 2675 1057 2701 οἱ

60 2718 230 2762 Veneris,
256 2725 291 2754 et
309 2717 443 2765 Iupiter
471 2719 592 2766 aliquo
619 2720 727 2753 modo
760 2719 988 2761 intercurrit,
1018 2733 1060 2753 nc

900 855 954 889 Ex
971 855 1071 901 Tyro
1098 853 1099 858 ¹

959 959 1072 993 Solon
1097 965 1098 971 ¹

998 2565 1057 2599 Est
1086 2558 1087 2565 ἵ

1101 391 1103 406 l

1086 2606 1087 2615 l

1085 2632 1087 2647 l

2090 99 2138 134 62

1131 188 1203 215 tam
1221 190 1377 217 extreme
1403 184 1539 218 malum
1567 184 1627 218 sit:
1666 192 1700 218 et
1723 185 1820 219 nulla
1847 191 1897 219 est
1923 185 2024 229 peior
2052 199 2134 219 con—

1130 234 1268 268 stitutio
1287 235 1325 269 in
1344 236 1464 277 coelo,
1499 248 1590 282 quae
1618 234 1749 270 habeat
1767 238 1887 282 plures
1906 237 2133 272 confusiones

1130 298 1239 332 quam
1257 285 1363 322 huius
1379 288 1554 333 temporis
1579 288 1751 333 trigonus.
1805 288 1942 323 Videtis
1969 302 2041 323 esse
2066 291 2133 323 tale

1130 336 1290 384 tempus,
1318 352 1392 373 non
1411 347 1494 375 sunt
1519 340 1597 387 iam·
1614 341 1727 381 bella,
1763 341 1824 374 ubi
1847 341 2057 375 fortitudine
2081 342 2132 374 di-

1130 391 1299 431 micetur,
1328 393 1388 426 sed
1407 394 1584 426 mavortia
1605 399 1637 426 et
1655 393 1817 433 lunaria,
1844 393 1903 426 ubi
1922 400 2060 427 tantum
2080 400 2134 426 tu-

1128 443 1261 477 multus
1282 444 1473 485 excitetur,
1502 451 1534 478 et
1561 445 1636 479 sine
1663 445 1798 479 viribus
1823 451 1954 478 tamen.
2008 445 2133 478 Homi-

1128 506 1190 528 nes
1207 502 1290 528 sunt
1312 497 1419 540 proni
1443 498 1488 530 ad
1513 497 1806 531 tumultuandum
1839 503 1872 529 et
1898 503 1978 541 post
2001 498 2130 530 factam

1128 547 1370 581 turbationem
1390 555 1513 593 postea
1530 549 1718 589 desinunt,
1747 555 1977 582 revertuntur
2002 549 2130 582 iterum

1128 599 1172 631 ad
1190 611 1271 633 suas
1290 601 1577 644 compotationes
1596 608 1631 634 et
1646 601 1775 635 deinde
1793 603 1837 634 ad
1856 613 2043 635 somnum:
2073 600 2132 632 Vi-

1855 653 1961 687 Nulla
1979 652 2132 696 amplius

1127 709 1236 736 restat
1253 703 1430 747 gravitas,
1457 705 1554 737 nulla
1575 705 1770 750 sapientia,
1801 706 1860 739 sed
1886 704 2007 737 omnia
2031 704 2131 737 luna-

1126 754 1178 787 ria
1200 761 1233 788 et
1251 753 1496 799 phantastica,
1524 756 1592 790 nisi
1617 758 1714 802 quod
1728 756 1825 792 Deus
1848 763 1967 791 servat
1992 756 2132 801 aliquos

1126 806 1163 838 in
1180 806 1358 847 Ecclesia,
1386 820 1430 841 ne
1446 808 1553 852 plane
1571 809 1799 852 extinguatur
1815 809 1959 842 veritas.
2000 808 2128 841 Postea

1126 859 1279 892 multum
1304 866 1355 893 est
1381 860 1633 894 confusionum
1664 861 1701 893 in
1725 861 1955 899 libidinibus,
1994 860 2030 892 in
2059 857 2131 892 hel—

1127 911 1346 945 luationibus
1363 918 1397 945 et
1414 912 1769 956 ingurgitationibus.

1228 962 1364 997 Dicunt
1380 962 1604 1009 Theognidis
1624 971 1658 998 et
1674 963 1882 1010 Phocylidis
1899 963 2030 1007 scripta
2056 974 2129 995 non

1125 1026 1199 1047 esse
1215 1014 1375 1060 ipsorum
1389 1043 1398 1056 ,
1431 1017 1492 1050 sed
1510 1029 1583 1050 esse
1601 1017 1750 1062 antiqua
1770 1015 1952 1055 carmina,
1987 1020 2125 1047 tantum

1125 1067 1271 1100 collecta
1289 1068 1333 1100 ab
1352 1068 1456 1112 ipsis,
1485 1070 1582 1113 quod
1602 1075 1651 1102 est
1670 1067 1758 1101 mihi
1776 1069 1878 1101 valde
1897 1066 2078 1100 credibile.

1225 1118 1361 1152 Omnes
1377 1119 1527 1154 virtutes
1545 1120 1675 1153 debent
1690 1121 1816 1153 referri
1834 1120 1879 1152 ad
1897 1118 2130 1161 Decalogum,

1124 1176 1156 1202 et
1183 1170 1273 1203 sicut
1299 1177 1522 1205 monstratur
1545 1172 1647 1206 vobis
1669 1173 1712 1205 de
1737 1171 1923 1206 sententiis
1948 1170 1983 1203 in
2009 1168 2128 1203 Theo-

1123 1221 1246 1265 gnide:
1275 1223 1323 1256 sic
1342 1223 1593 1267 imaginamini
1612 1224 1712 1258 vobis
1731 1225 1774 1257 de
1793 1223 1916 1256 officiis
1933 1221 2128 1261 Ciceronis,

1123 1274 1166 1305 de
1181 1271 1308 1306 Ethica
1326 1274 1529 1309 Aristotelis
1548 1282 1581 1309 et
1600 1276 1642 1308 de
1660 1274 1919 1309 honestissimis
1943 1274 2128 1307 sententiis

1124 1325 1159 1356 in
1184 1325 1318 1368 legibus
1344 1326 1506 1370 publicis.
1574 1327 1708 1361 Totum
1735 1327 1874 1371 Corpus
1900 1326 1987 1360 iuris
2013 1325 2125 1359 civilis

1123 1376 1250 1410 ordine
1277 1378 1453 1422 praecipit
1479 1380 1521 1412 de
1546 1381 1722 1413 secundae
1747 1379 1889 1413 tabulae
1915 1378 2126 1423 praeceptis,

1122 1440 1234 1472 pauca
1257 1430 1300 1462 de
1328 1430 1444 1474 prima
1472 1431 1611 1464 tabula:
1650 1437 1689 1465 ut
1711 1432 1753 1464 de
1775 1437 1904 1477 quarto
1922 1436 2126 1474 praecepto,

1122 1493 1213 1525 quae
1236 1481 1352 1514 officia
1377 1489 1543 1526 parentes
1569 1484 1723 1517 debeant
1748 1483 1860 1522 natis,
1902 1488 2038 1515 tutores
2063 1494 2125 1526 pu-

1121 1532 1215 1576 pillis
1233 1539 1267 1566 et
1283 1540 1442 1568 econtra.
1495 1533 1535 1567 In
1554 1536 1681 1581 quinto
1700 1541 1890 1580 praecepto
1907 1535 1950 1568 de
1968 1535 2073 1567 caede
2092 1541 2127 1566 et

1122 1584 1246 1628 poenis
1280 1583 1557 1621 homicidarum.
1625 1586 1665 1620 In
1692 1594 1790 1621 sexto
1815 1588 1857 1620 de
1891 1586 2058 1630 coniugio
2094 1592 2128 1618 et

1123 1637 1247 1680 poenis
1267 1637 1471 1672 libidinum.
1526 1637 1565 1672 In
1589 1646 1738 1679 octavo,
1772 1640 1827 1672 lex
1846 1637 2014 1672 Cornelia
2040 1650 2123 1670 con-

1120 1688 1235 1722 stituit
1269 1702 1426 1734 poenam
1462 1690 1499 1723 in
1535 1691 1761 1725 adversarios
1780 1718 1788 1731 ,
1843 1690 1947 1734 punit
1987 1689 2122 1723 crimen

1121 1740 1196 1774 falsi
1211 1739 1259 1786 ⁹),
1288 1748 1322 1775 et
1339 1743 1450 1776 multa
1469 1743 1537 1776 alia
1557 1744 1755 1777 mendacia.
1809 1742 1976 1787 Singulae
2004 1748 2122 1786 partes

1120 1793 1156 1824 in
1173 1799 1249 1826 toto
1261 1793 1423 1838 Corpore
1437 1794 1524 1829 iuris
1542 1796 1721 1839 pertinent
1737 1796 1780 1828 ad
1797 1794 1915 1839 aliqua
1933 1800 2121 1838 praecepta

1120 1843 1301 1889 Decalogi.
1335 1845 1385 1880 Ita
1403 1847 1499 1881 scitis
1516 1860 1588 1881 esse
1604 1847 1817 1892 sapientiam
1833 1845 1912 1880 Dei.

1221 1897 1297 1931 Pax
1314 1911 1389 1932 non
1404 1905 1545 1933 tantum
1562 1906 1613 1933 est
1629 1900 1723 1932 bona
1748 1904 1897 1943 propter
1919 1896 2120 1942 tranquilli-

1120 1953 1246 1988 tatem,
1276 1952 1374 1995 quod
1390 1949 1554 1985 homines
1575 1957 1725 1996 possunt
1749 1950 1869 1982 vivere
1894 1949 1930 1981 in
1955 1949 2119 1992 volupta-

1119 1999 1229 2040 tibus,
1257 2003 1317 2034 sed
1335 2003 1442 2036 etiam
1461 2004 1559 2048 quod
1576 2004 1684 2038 semel
1703 2002 1809 2035 motis
1827 2001 1986 2045 imperiis
2009 2007 2042 2033 et
2065 2012 2118 2033 re-

1118 2052 1354 2097 buspublicis‚
1384 2061 1506 2098 postea
1526 2056 1616 2089 finnt
1640 2054 1857 2088 vastationes
1881 2060 1914 2086 et
1939 2052 2116 2086 confusio·

1117 2116 1178 2138 nes
1205 2105 1443 2149 plurimarum
1468 2118 1610 2146 rerum,
1650 2107 1689 2139 fit
1715 2105 1938 2149 perturbatio
1963 2104 2117 2148 discipli-

1118 2169 1182 2189 nae
1194 2184 1202 2196 ‚
1230 2158 1422 2202 negligitur
1438 2158 1571 2192 iustitia
1583 2185 1591 2198 ‚
1619 2156 1783 2191 homines
1800 2157 1954 2191 induunt
1970 2156 2115 2190 affectus

1116 2210 1292 2250 ferarum,
1334 2210 1424 2243 fiunt
1449 2210 1666 2244 vastationes
1701 2209 1881 2254 gentium,
1924 2208 2114 2252 religiones

1115 2259 1384 2302 distrahuntur,
1409 2262 1629 2296 inducuntur
1645 2262 1726 2294 odia
1743 2261 1780 2293 in
1796 2261 1938 2306 longam
1964 2261 2113 2305 posteri-

1116 2320 1244 2354 tatem,
1273 2326 1313 2347 ex
1331 2326 1403 2348 uno
1425 2314 1549 2347 multa.
1604 2312 1841 2360 Lucanus¹⁰):

1267 2374 1332 2397 Alta
1350 2374 1449 2397 sedent
1468 2373 1560 2397 civilis
1580 2373 1696 2398 vulnera
1715 2373 1837 2398 dextrae.

1215 2418 1370 2463 Quando
1403 2418 1519 2451 civilia
1556 2418 1644 2451 bella
1681 2417 1900 2456 excitantur,
1940 2415 2110 2459 ingruunt

1113 2482 1263 2514 magnae
1280 2469 1508 2510 vastationes,
1536 2469 1597 2510 ita,
1621 2477 1658 2503 ut
1675 2482 1717 2503 ne
1737 2470 1843 2513 longo
1861 2468 2003 2513 quidem
2024 2472 2110 2499 tem—

1145 2581 1176 2607 8)
1198 2579 1276 2609 Vin-g.
1297 2580 1364 2603 Aen.
1378 2578 1425 2607 IX,
1448 2579 1505 2602 189.

1146 2623 1175 2651 9)
1197 2623 1235 2645 De
1255 2623 1304 2644 hac
1325 2623 1384 2649 leue
1402 2621 1532 2645 Cornelia
1552 2621 1585 2644 de
1603 2620 1707 2651 falsis.
1728 2626 1795 2649 quac
1815 2619 1895 2642 etiam
1915 2619 2106 2642 testamenta-

1181 2657 1228 2680 ria
1249 2659 1379 2686 vocatur,
1409 2656 1480 2679 cous.
1499 2655 1588 2679 Instit.
1610 2655 1655 2683 ΙΥ,
1678 2655 1718 2682 18,
1738 2654 1761 2677 7.
1786 2656 1813 2677 ct
1836 2654 1934 2677 Orellu'
1956 2656 1983 2676 et
2004 2652 2103 2675 Baiter&

1181 2692 1322 2714 Ouoniast.
1344 2691 1461 2714 Tullian.
1488 2690 1515 2713 P.
1533 2690 1573 2712 ΙΙΙ.
1596 2697 1617 2718 p,
1636 2688 1690 2712 1⁶3.

1150 2734 1193 2765 10)
1215 2734 1316 2758 Lim-ani
1337 2734 1462 2757 pharsal⁴
1482 2733 1490 2755 1
1520 2732 1561 2755 ³2.
