2421 3005
102 107 171 141 101
473 102 663 139 LXXVIII.

93 193 221 232 critas,
253 191 387 225 scilicet
414 197 578 236 respectu
606 191 819 225 vitiosorum
845 197 1100 231 extremorum,

91 244 129 278 id
151 250 224 284 est,
252 255 329 277 non
351 244 457 277 debet
480 242 623 276 misceri
648 243 786 277 vitiosis
812 243 978 276 externis.

194 294 254 329 Vs.
281 295 368 330 336.
423 294 576 328 Difficile
608 301 660 328 est
694 295 864 341 consequi
896 291 1100 340 virtutem]

87 345 231 394 χαλεπὰ
257 345 303 381 τὰ
336 343 444 381 καλά.

196 405 316 430 Difficile
335 406 396 437 est,
416 405 523 437 fateor,
543 405 592 429 sed
611 405 699 429 tendit
717 406 753 430 ad
771 406 859 430 ardua
878 402 1048 433 virtusffia).

90 450 234 484 Tamen
259 449 561 484 considerandum
582 455 652 490 est,
681 449 744 495 qui
760 449 843 495 equi
860 447 1101 492 coniungendi

89 502 182 543 sint,
209 501 293 548 quia
310 513 387 535 non
405 514 530 535 ornnes
550 501 831 545 coniunguntur.
886 500 943 534 Sic
958 512 1024 533 nos
1043 500 1102 533 de-

89 555 216 588 bemus
243 554 492 594 considerare,
521 555 706 598 quomodo
737 553 915 597 possimus
935 551 1027 586 tueri
1046 564 1102 586 so-

91 606 277 646 cietatem,
314 607 359 639 ad
392 618 501 651 quam
529 611 623 638 certe
654 617 777 638 sumus
802 604 950 638 conditi.
1004 602 1102 637 Deus

91 664 144 692 est
169 657 333 697 dilectio,
369 663 404 690 et
432 658 495 703 qui
527 663 650 689 manet
681 656 718 688 iu
745 655 936 701 dilectione
967 654 1101 700 etc.‘³⁰).

90 709 235 744 Bonum
264 716 314 743 est
339 708 630 743 conservativum
657 707 712 741 sui
739 714 803 741 etc.
868 705 918 742 Τὸ
947 705 1102 755 ἀγαθὸν

91 758 201 804 σώζει
230 759 385 802 ἑαυτὸν,
414 759 533 795 κακὸν
561 757 780 807 φθαρτικὸν
808 757 958 794 ἑαυτοῦ.
1012 758 1101 792 Pars

90 812 270 852 factionis,
282 825 373 857 quae
389 811 569 845 interfecit
578 810 710 844 Iulium
721 810 750 830 2⁰
759 812 800 857 ²),
818 810 994 844 destruxit
1015 823 1100 844 sese.

196 863 256 897 Vs.
288 863 376 897 337.
435 862 571 908 Iupiter
603 863 663 896 det
703 860 792 895 mihi
823 862 1099 895 retributionem

91 915 313 955 amicorum,
345 914 408 960 qui
430 927 486 948 me
505 912 692 961 diligunt]
743 912 900 961 Tiotgffl)
926 914 1102 959 significat

91 967 423 1011 compensationem
451 967 524 1001 sive
546 967 682 1000 bonam
713 966 788 1000 sive
811 967 965 1006 malam,
993 966 1102 1010 signi-

90 1019 173 1052 ficat
190 1025 225 1052 et
247 1030 402 1063 poenam
423 1025 458 1052 et
474 1018 694 1063 praemium:
729 1015 864 1057 Οὐδεὶς
881 1014 1102 1065 ἀνθρώπων

91 1068 237 1106 ἀδικοῦν
270 1068 369 1105 ’τίσιν
406 1069 476 1106 οὐκ
511 1068 691 1106 ἀποτίσει.
760 1069 876 1103 Nemo
911 1068 1100 1104 hominum

90 1122 224 1156 iniuste
254 1134 362 1166 agens
390 1134 465 1155 non
494 1122 601 1156 solvit
629 1133 798 1166 poenam.

195 1173 274 1207 Vss.
298 1172 374 1207 337
401 1187 453 1219 sq.
508 1172 643 1218 Iupiter
668 1174 728 1205 det
762 1170 850 1205 mihi
882 1172 1102 1212 felicitatem,

91 1232 132 1259 ut
160 1225 294 1269 possim
323 1225 533 1258 benefacere
564 1224 687 1257 amicis
704 1231 737 1256 et
754 1224 919 1258 inimicos
940 1221 1102 1271 punite]

91 1275 192 1310 Sicut
216 1276 274 1309 ille
301 1275 390 1308 dixit
422 1276 460 1308 in
495 1274 696 1320 epitaphio:
738 1276 855 1309 Nemo
886 1288 942 1308 me
969 1276 1104 1309 amicus

91 1377 131 1422 ist
158 1378 241 1420 niet,
269 1387 365 1414 menn
393 1379 481 1414 einer
508 1378 541 1423 Ῐο
571 1378 647 1423 bod)
677 1378 798 1423 Pompt.

195 1428 273 1464 Vss.
300 1429 531 1465 339-341.
586 1430 635 1463 Ut
660 1430 794 1474 possim
821 1429 914 1462 inter
940 1427 1105 1463 homines

91 1481 210 1515 videri
236 1494 310 1516 esse
327 1481 445 1523 Deus,
474 1482 502 1516 si
528 1494 626 1516 mors
649 1494 706 1514 me
729 1479 977 1526 deprehendat
1002 1481 1105 1514 retri-

91 1533 261 1568 buentem
286 1533 392 1567 bonis
419 1541 453 1567 et
478 1534 595 1568 malis.
648 1532 805 1573 Verum,
833 1532 988 1577 Iupiter,
1025 1545 1105 1578 per-

92 1585 155 1619 fice
171 1582 262 1618 mihi
284 1585 520 1630 praecipuum
539 1586 711 1630 bouum]
747 1583 898 1630 Κοςιρός,
920 1585 1104 1626 articulus,

96 1637 402 1684 m0111entum‘2‘2),
430 1639 472 1673 bct
501 1639 604 1673 ciuem
633 1641 740 1673 ermae
767 1640 873 1673 baton
903 1637 1037 1682 gelegen
1055 1636 1104 1680 ist.

196 1687 275 1722 Vss.
290 1687 523 1724 342—345.
561 1689 616 1722 Da
635 1687 727 1722 mihi
742 1701 809 1734 pro
831 1690 925 1722 malo
945 1690 1103 1734 accipere

95 1739 235 1785 aliquid
261 1740 360 1773 boni.
416 1740 576 1781 Moriar,
602 1740 631 1774 si
650 1753 725 1773 non
743 1741 927 1774 inveniam
946 1742 1103 1786 quietem

94 1803 286 1831 curarum,
316 1798 350 1825 et
366 1804 442 1824 non
466 1794 546 1825 deni
564 1792 708 1825 dolores
725 1805 792 1836 pro
809 1793 994 1827 doloribus
1007 1820 1016 1834 ‚
1043 1795 1103 1827 sed

93 1842 250 1876 inimicis
278 1844 393 1876 fatum
418 1844 468 1877 sic
495 1842 588 1891 est,]
620 1843 656 1876 id
682 1850 752 1883 est,
780 1857 870 1878 sors.

198 1893 276 1929 Vss.
294 1893 526 1930 345—350.
582 1894 664 1928 Mea
683 1896 772 1929 ultio
789 1908 863 1929 non
883 1896 1103 1940 conspicitur

93 1945 219 1987 nobis,
248 1946 410 1981 virorum
424 1974 433 1987 ,
463 1948 525 1993 qui
554 1960 652 1981 meas
671 1948 857 1982 facultates
877 1945 1012 1981 liabent
1027 1947 1103 1980 vio-

90 1998 224 2038 lentia,
260 1998 297 2032 id
320 2005 392 2040 est,
430 2000 491 2045 qui
518 2006 719 2044 rapuerunt
743 2002 971 2044 praedantes.

93 2055 135 2084 ut
159 2050 260 2084 canis
284 2051 447 2091 tranavi,
485 2051 611 2084 traieci
638 2052 868 2096 voraginem,

93 2107 166 2135 tem
184 2102 313 2136 transii
330 2103 559 2147 voraginum,
587 2104 756 2137 omnibus
775 2104 920 2137 abiectis
933 2131 940 2144 ,
970 2101 1100 2136 horum

94 2154 321 2197 praedonum
354 2154 418 2194 sit,
460 2155 567 2188 liceat
603 2162 722 2189 atrum
762 2156 975 2201 sanguinem
1015 2154 1103 2189 liau-

93 2256 202 2289 faciet
231 2269 272 2289 ex
294 2257 406 2290 annui
437 2258 507 2291 mei
532 2259 724 2294 sententia.

197 2306 374 2342 Vss.>351
401 2322 479 2355 sqq.
516 2309 652 2345 XXIIII.
716 2311 871 2356 Querela
900 2311 1102 2344 communis

93 2360 138 2392 de
179 2368 392 2405 paupertate
431 2362 593 2395 omnium
638 2370 823 2403 nostrum,
880 2363 952 2395 imo
994 2363 1101 2395 etiam

94 2422 232 2456 regum.

132 2513 202 2541 wa)
224 2513 304 2539 ovid.
325 2514 414 2544 Epist*
436 2521 468 2537 ex
490 2513 578 2538 Ponto
600 2512 632 2542 ll,
653 2513 679 2541 2,
703 2512 759 2537 113.

130 2547 178 2578 2⁰)
202 2548 224 2572 1.
244 2549 299 2572 ιοιι.
319 2550 346 2574 4,
368 2550 407 2573 16.

131 2582 204 2609 2021)
225 2583 323 2607 tultum
345 2584 505 2608 Caesarem.

122 2615 178 2647 ⁴21)
199 2616 286 2649 Τίσις]
315 2618 357 2642 sic
386 2619 486 2648 scripsi
518 2617 669 2649 (Theognis
696 2617 766 2641 enim
793 2617 817 2641 Ιι.
843 2624 885 2641 vs.
911 2618 1009 2642 habet:

165 2651 270 2681 τίσιν);
291 2654 339 2676 Ed.
363 2654 437 2677 1560.
465 2654 528 2677 Τίω.

126 2694 178 2722 22)
200 2694 302 2726 Καιρός
322 2697 388 2725 etc]
417 2697 457 2721 sie
478 2698 524 2721 Ed.
549 2698 640 2725 1560.;
680 2695 815 2727 Theognis
835 2697 859 2720 h.
881 2702 920 2721 vs.
942 2697 1021 2721 habet
1042 2696 1101 2719 Adi,

166 2730 200 2753 ab
219 2730 270 2754 hoc
291 2732 384 2755 subet.
405 2732 559 2756 derivatum
579 2733 692 2763 καίριος,

1043 2615 1103 2646 δοίη

724 102 1016 138 EXPLICATIO
1052 102 1438 139 SENTENTIARUM
1474 103 1780 139 THEOGNIDIS.

1129 1211 1131 1216 ἲ
1158 1189 1240 1221 pars
1274 1190 1486 1221 congruens.

1131 1323 1133 1328 Ι
1159 1281 1207 1314 lio
1234 1281 1277 1314 de
1303 1281 1375 1314 filio
1411 1280 1564 1325 prodigo
1581 1279 1640 1326 26).

90 1327 292 1366 beneficiis,
315 1339 423 1360 nemo
443 1327 610 1360 inimicus
632 1327 891 1360 malefaciendo
915 1327 1011 1361 vicit.
1055 1326 1104 1361 (ξῧ
1131 1337 1133 1344 ’

2082 105 2154 140 102

1258 190 1391 224 Seneca
1412 191 1497 223 citat
1521 203 1561 224 ex
1584 190 1759 235 Epicuro:
1814 189 1971 223 Divitiae
2005 196 2087 224 sunt
2111 191 2157 224 ad

1155 242 1269 286 legem
1302 250 1454 276 naturae
1490 243 1687 287 composita
1722 241 1982 287 paupertas‘ss).
2062 240 2158 276 Dicit

1156 301 1348 341 paupertas
1380 295 1579 339 composita
1607 295 1650 327 ad
1685 294 1797 337 legem
1825 300 1998 334 naturae,
2035 299 2157 327 tamen

1157 346 1266 379 multa
1296 346 1467 393 requirit,
1512 352 1655 390 oportet
1689 343 1820 378 habere
1860 346 1992 379 victum
2022 346 2161 378 medio-

1157 410 1273 439 crem,
1303 399 1386 444 quia
1418 399 1474 431 lex
1498 404 1648 431 naturae
1667 398 1777 431 multa
1798 397 1969 442 requirit,
1996 403 2037 430 ut
2055 397 2159 441 pueri

1157 449 1352 484 liberaliter
1376 451 1573 484 educentur
1593 457 1658 484 etc.
1712 449 1809 482 Haec
1826 448 1945 482 omnia
1972 449 2159 493 pertinent

1158 503 1203 535 ad
1231 502 1343 545 legem
1372 509 1535 536 naturae.

1259 553 1336 588 Vss.
1349 552 1421 588 351
1436 574 1477 579 —
1493 551 1580 588 353.
1616 551 1648 587 O
1664 552 1791 586 misera
1809 558 2020 596 paupertas,
2048 564 2158 597 quare

1157 612 1342 650 expectas,
1371 606 1579 651 quominus
1605 617 1663 638 eas
1687 605 1731 637 ad
1757 603 1892 637 alium?
1922 615 2034 649 quare
2060 615 2158 638 amas

1157 670 1212 691 me
1232 670 1308 690 non
1328 657 1534 691 volentem?
1563 657 1624 691 sed
1641 657 1730 690 vade
1749 662 1782 689 et
1802 656 1927 689 accede
1946 656 1990 688 ad
2009 656 2158 688 domum

1157 707 1298 757 aliam]
1365 710 1463 743 Sicut
1486 709 1664 743 Huttenus
1693 709 1729 741 in
1752 714 1931 741 conventu
1948 707 2158 751 Augustano

1156 762 1254 795 misit
1283 774 1384 795 suam
1410 761 1536 794 febrim
1568 762 1611 794 ad
1637 760 1835 794 Fuccarum
1853 759 1899 806 Ἡ)
1929 765 1962 792 et
1985 758 2160 792 Cardina-

1156 814 1245 854 lem,
1274 820 1313 846 ut
1337 813 1387 846 ibi
1411 813 1538 846 melius
1566 813 1800 857 exciperetur.

1259 865 1337 899 Vss.
1358 863 1432 899 353
1449 886 1500 890 —
1516 862 1602 899 355.
1657 864 1781 910 Neque
1804 863 1989 896 nobiseum
2007 863 2053 896 sis
2070 875 2161 896 sem-

1156 930 1220 962 per
1246 917 1424 962 particeps
1447 915 1553 951 lmius
1578 917 1730 950 miserae
1745 915 1850 948 vitae.
1905 914 1959 948 Sis
1982 915 2065 947 sorti
2085 914 2161 946 aui-

1156 982 1216 1003 mo
1239 970 1277 1003 iu
1301 970 1425 1009 malis,
1453 970 1605 1003 laetatus
1628 981 1664 1002 es
1687 967 1794 1001 etiam
1819 967 1935 1000 bonis.

1261 1021 1321 1055 Vs.
1333 1019 1418 1056 356.
1452 1022 1537 1056 Sors
1552 1018 1706 1068 horum]
1721 1020 1896 1053 Fortassis
1914 1019 2103 1063 legendum
2117 1018 2161 1064 ί··’““’)

1157 1070 1371 1118 ἐπίβαλλον.
1392 1070 1628 1118 Ἐπιβάλλω,
1655 1073 1689 1105 id
1716 1078 1786 1112 est,
1815 1083 1995 1116 congruo,
2023 1083 2162 1104 accom—

1158 1126 1281 1165 modo,
1309 1124 1510 1172 ἐπέβαλλον
1526 1123 1647 1171 μέρος,
1675 1136 1757 1168 Pars
1775 1123 2070 1168 proportionalis,
2099 1135 2161 1157 seu

1551 1176 1601 1209 lta
1636 1177 1783 1221 ponitur
1824 1176 1919 1219 apud
1948 1172 2161 1208 Demosthe-

1718 1228 1783 1261 Est
1809 1228 1915 1260 etiam
1944 1227 1979 1259 in
1999 1226 2161 1270 Evange-

1709 1279 1772 1313 Est
1799 1279 1946 1312 verbum
1973 1278 2163 1322 geometri-

1160 1345 1238 1366 cum
1253 1359 1261 1372 ‚
1287 1339 1408 1366 tenere
1425 1332 1737 1377 proportionalem
1759 1337 1896 1376 partem
1923 1331 2102 1363 bonorum
2129 1336 2163 1362 et

1161 1385 1352 1418 malorum.
1404 1382 1640 1430 ’Emssazhm
1671 1385 1704 1417 id
1725 1390 1786 1423 est,
1816 1383 2066 1416 accommodat
2084 1381 2162 1421 tibi,

1160 1443 1335 1482 tanquam
1371 1443 1509 1481 partem
1550 1442 1708 1477 certam,
1752 1448 1793 1468 ex
1827 1435 1930 1468 bonis
1964 1434 2096 1468 scilicet
2129 1439 2163 1466 et

1160 1489 1274 1522 malis.

1264 1541 1392 1574 Fatum
1429 1547 1479 1574 est
1512 1547 1544 1573 te
1582 1546 1701 1573 tenere
1736 1546 1873 1584 partem
1907 1538 2163 1583 proportiona-

1160 1593 1229 1625 lem
1255 1594 1436 1627 bouorum
1462 1599 1495 1625 (t
1521 1589 1729 1638 1u;·¹loium2]
1784 1591 1968 1625 Sententia
1990 1596 2040 1623 est
2055 1589 2163 1623 etiam

1160 1645 1195 1677 in
1223 1658 1327 1678 xersu
1345 1645 1397 1689 Ρ)
1404 1642 1450 1677 ὼε
1454 1656 1530 1689 {gor
1534 1657 1592 1677 aze

1206 1692 1276 1732 Ὧν
1304 1695 1351 1732 ἄν
1378 1698 1518 1743 ιιοῖραν
1544 1695 1654 1741 ἔχεις,
1682 1697 1801 1729 ταῦτα
1831 1707 1936 1741 φερε,
1962 1691 2051 1739 ιιηδ’
2071 1691 2164 1741 ἀγα-

1573 1744 1704 1783 νάκτα.

1159 1803 1329 1836 Sulxditus
1355 1808 1428 1836 esto
1448 1800 1526 1834 Deo
1553 1800 1591 1832 in
1619 1798 1783 1832 secundis
1807 1805 1841 1831 et
1865 1798 2022 1831 adversis
2046 1798 2164 1831 rebus.

1159 1855 1219 1891 Qu
1247 1853 1330 1896 must
1359 1855 1432 1890 bein
1462 1852 1550 1899 guia?
1579 1854 1643 1887 nub
1673 1850 1806 1895 uugtiicf
1835 1850 1952 1895 baben.
2006 1848 2088 1881 Vita
2114 1855 2164 1882 cst

1159 1913 1276 1947 vates,
1314 1908 1461 1950 praebet
1488 1903 1872 1941 couunouefactiones,
1916 1913 2006 1947 quae
2034 1902 2164 1934 docent

1158 1240 1238 1262 uem
1256 1228 1326 1274 ¹²⁵³)
1352 1236 1387 1262 et
1401 1229 1663 1262 Ptolemaeum.

1130 1987 1131 2000 ἶ
1158 1959 1200 1991 de
1226 1958 1421 2002 fragilitate
1452 1970 1572 1990 rerum
1600 1954 1843 1989 humanarum
1879 1960 1913 1987 et
1943 1953 2077 1986 viribus
2110 1966 2163 1985 rc-

1024 1998 1101 2043 Ego
1130 2026 1131 2030 ,

900 2051 907 2058 u
1129 2045 1131 2056 Ι

898 2064 935 2084 ¹¹¹
962 2057 1102 2085 torsen·
1157 2068 1362 2106 peccatum,

1129 2134 1130 2145 η
1158 2114 1287 2157 ligatur
1303 2112 1480 2153 Ecclesia,

1305 2009 1403 2043 Deus
1428 2010 1503 2042 vult
1522 2009 1630 2041 vitam
1652 2007 1845 2041 subiectam
1870 2005 1995 2050 poenis
2016 2011 2163 2050 propter

1392 2068 1420 2093 et
1443 2068 1562 2093 tamen
1579 2060 1663 2093 sinit
1684 2059 1825 2103 penitus
1842 2057 2007 2097 interire,
2037 2064 2075 2090 ut
2093 2058 2163 2090 col—

1517 2112 1598 2159 quia
1626 2111 1718 2145 filius
1741 2110 1809 2144 Dei
1834 2116 1885 2143 est
1912 2110 2159 2143 muln-acutum

1158 2022 1236 2044 [Ilm
1243 2035 1250 2043 .

118 2205 124 2210 .
239 2206 246 2211 .
1129 2199 1130 2204 ,
1158 2173 1278 2210 tegens
1294 2178 1388 2198 suos.

94 2216 187 2245 rire,
212 2205 355 2246 bibere,
382 2206 476 2239 hona
498 2207 642 2240 fortuna
671 2208 818 2241 adiuvet
842 2221 918 2248 me,
948 2207 1008 2254 qui
1037 2208 1100 2240 ista
1129 2222 1130 2228 ¹

1263 2227 1340 2260 Vss.
1352 2224 1427 2259 357
1439 2237 1490 2269 sq.
1527 2224 1625 2257 Sicut
1640 2237 1680 2257 ex
1699 2224 1802 2257 bonis
1819 2230 1943 2256 nactus
1962 2236 1996 2256 es
2014 2222 2161 2258 malum,

1129 2280 1205 2313 ‘sic
1241 2291 1364 2312 rursus
1399 2276 1532 2321 poteris
1571 2288 1773 2319 emergere,
1816 2276 1987 2314 evadere,
2030 2273 2162 2311 subire,

1190 2415 1238 2447 23)
1259 2413 1516 2442 se11ec.cpist.lv.
1522 2430 1528 2436 .
1548 2413 1592 2436 ubi
1607 2412 1633 2435 in
1655 2413 1703 2435 Eut
1717 2409 2111 2439 Elsevir.(Amst‹=t0d.1672
2120 2408 2160 2438 Q)

1227 2451 1269 2474 hic
1289 2451 1367 2474 lorus
1380 2449 1420 2472 sie
1442 2449 1599 2472 exhibetur·
1620 2449 1738 2479 Magnae
1758 2447 1871 2470 divitiae
1890 2447 1971 2472 sunt
2000 2445 2060 2475 lege
2079 2446 2162 2468 natu-

1228 2492 1275 2509 rae
1295 2483 1447 2514 composita
1465 2484 1624 2513 paupertas.

1192 2538 1240 2568 24)
1260 2537 1330 2560 Vide
1351 2542 1435 2566 supra
1456 2543 1478 2565 p⁴
1499 2535 1541 2560 87.
1563 2537 1654 2558 notam
1673 2533 1715 2557 82.

1191 2590 1237 2621 25)
1259 2590 1324 2613 Scit.
1344 2590 1404 2612 loco
1424 2586 1588 2619 ἐπέβαλλεν,
1623 2586 1691 2616 quod
1711 2584 1794 2608 Editt.
1813 2583 1896 2613 antiq,
1918 2585 1945 2606 et
1966 2586 2067 2607 recent.
2090 2583 2113 2606 Ιι,
2138 2582 2157 2606 l.

1227 2626 1334 2648 habent.

1190 2675 1258 2706 25⁴)
1280 2676 1350 2699 Vide
1371 2675 1510 2699 Demosttn.
1529 2680 1569 2699 or.
1582 2673 1615 2696 de
1629 2677 1741 2702 corona,
1763 2671 1828 2701 Opp.
1850 2671 1943 2701 2312,
1962 2670 2044 2695 2311.
2066 2668 2159 2692 Reisk·

1190 2728 1238 2756 26)
1261 2729 1326 2752 Luc.
1349 2729 1396 2753 15.
1419 2727 1458 2751 12.
1581 2760 1602 2769 N
1623 2757 1641 2774 *

1586 2769 1597 2792 Ι
