2341 2973
194 89 240 124 79

195 180 360 212 fortunae
373 201 381 215 ‚
411 171 537 218 quibus
555 168 600 203 sit
617 167 655 200 in
671 166 792 210 lingua
810 173 845 200 et
863 167 901 200 in
926 166 1036 200 oculis
1061 168 1190 211 pudor.

197 230 346 264 Seneca:
380 223 498 258 Malus
521 227 573 255 est
596 218 759 252 minister
782 218 872 262 regii
896 218 1041 263 imperii
1063 219 1193 262 pudor,

198 281 269 326 Qui
294 284 345 312 est
370 277 407 309 in
429 274 509 308 aula
535 270 743 317 tyrannica,
787 270 887 303 illum
913 276 1056 314 oportet
1080 270 1192 304 multa

196 335 309 365 facere
325 328 504 365 scelerate,
533 330 567 357 et
582 323 682 356 illum
699 333 773 354 non
793 327 935 365 oportet
952 322 1098 365 pudere.
1137 321 1194 365 δῇ

198 385 264 418 eine
280 382 373 424 batte
390 380 480 419 τεῖνε,
508 377 574 411 unt>
592 374 630 418 ist
647 372 812 419 gleicbmol
829 373 877 408 bie
893 373 1007 408 bittere
1023 372 1171 418 matbeit.

301 431 358 466 Vs.
377 430 436 464 86.
463 427 509 461 Et
526 438 615 473 quos
640 437 714 458 non
737 423 833 457 ducit
854 424 996 458 lucrum
1019 426 1064 458 ad
1088 431 1192 468 turpe

197 479 412 530 negotium]
441 480 516 517 253st
537 478 672 513 mouens
689 475 893 519 umbfebten.

298 534 360 568 Vs.
383 533 443 567 87.
486 530 568 565 Non
593 540 689 561 ames
715 525 861 574 verbis]
898 528 1073 560 Amanter
1096 538 1192 559 com-

197 587 303 633 plecti
319 592 370 620 est
387 582 570 629 στέργειν,
598 579 681 612 inde
699 577 830 611 dicitur
846 577 996 626 στοργή.
1035 578 1080 611 Ut
1097 589 1192 610 ame-

197 640 262 678 ris,
288 635 451 671 amabilis
470 638 556 666 esto,
599 630 682 664 Non
697 634 837 662 tantum
855 629 957 662 dicit:
989 630 1035 663 Ut
1051 629 1192 667 ameris,

199 701 310 726 ames;
344 688 405 721 sed
438 691 472 718 et
501 683 546 716 sis
579 681 709 715 suavis.
773 680 896 726 Aliqui
931 688 1013 714 sunt
1047 681 1192 726 quidem

200 741 321 779 amici,
366 738 424 771 sed
456 733 595 768 horridi
626 738 660 765 et
692 732 820 775 asperi.
891 730 1075 780 Στέργετε
1107 730 1194 769 τοὺς

198 790 391 839 (pingemus
422 786 501 832 (Est
529 795 649 817 versus
672 782 815 828 Bionis)
843 781 910 826 ἵν’,
947 781 992 828 ἢν
1022 781 1192 829 magam,

198 841 370 890 φιλῆσθε.
423 838 492 876 Ut,
517 836 545 870 si
563 835 749 874 amabitis,
777 834 961 868 amemini.

300 891 377 925 Vss.
395 889 455 923 87.
475 886 535 921 89.
561 886 701 919 Habeas
719 897 779 918 cor
789 885 886 918 alibi,
920 886 1059 918 Autme
1071 890 1192 916 amato

199 947 373 981 sinceram
396 945 553 974 mentem
573 949 731 982 ponens,
765 943 827 969 aut
851 949 906 969 me
930 948 1116 975 recusans,
1158 935 1194 967 id

200 1004 270 1037 est,
297 1006 370 1028 non
394 992 438 1026 sit
460 993 578 1024 fucata
600 985 789 1034 amicitia]
825 986 1035 1030 ἀποειπεῖν,
1072 987 1107 1018 id
1133 992 1195 1025 est,

200 1050 396 1090 abnegare,
425 1043 611 1080 abiurare,
640 1050 822 1077 recusare,
873 1038 1102 1082 verfcbmeten'
1131 1046 1196 1072 bon

201 1099 258 1145 sid)
294 1098 387 1142 tbun.
455 1093 602 1126 Paulus:
645 1087 862 1124 ἀποείπετον
896 1085 1195 1133 zovd‘az0,a61s⁶⁵).

201 1150 263 1183 1110
283 1149 389 1181 verbo
407 1145 542 1178 utimur
558 1143 595 1174 in
612 1139 910 1174 abiurationibus.

302 1199 362 1233 Vs.
386 1197 448 1231 90.
484 1194 631 1227 Tollens
661 1192 759 1224 litem
792 1197 936 1234 aperte,
978 1186 1196 1235 manifeste]

202 1254 273 1286 Aut
297 1252 343 1285 sis
370 1252 491 1292 aperte
516 1244 669 1283 amicus,
713 1248 774 1275 aut
805 1243 850 1275 sis
879 1247 999 1285 aperte
1022 1240 1197 1274 inimicus.

202 1301 299 1339 Nihil
322 1301 367 1334 sit
391 1297 585 1336 occultum,
629 1306 744 1338 neque
769 1294 947 1331 fucatum,
985 1304 1101 1336 neque
1129 1291 1200 1324 sint

203 1357 344 1388 fucosae
369 1347 594 1387 inimicitiae,
628 1356 744 1389 neque
769 1343 958 1376 amicitiae.
1027 1343 1099 1386 Qui
1129 1354 1198 1375 una

203 1407 324 1449 lingua
343 1400 490 1436 seorsim
507 1397 615 1431 habet
631 1396 810 1434 animum,
838 1395 894 1426 vel
913 1393 1114 1437 dupliciter,
1141 1392 1200 1424 ille

203 1456 317 1491 socius
338 1451 570 1497 periculosus,
598 1446 831 1492 perniciosus,
849 1443 979 1490 foiglid)
989 1443 1053 1490 663)
1072 1443 1200 1476 melior

205 1513 293 1542 esset
308 1503 419 1538 hostis
435 1513 543 1547 quam
564 1499 709 1533 amicus.

309 1555 385 1589 Vss.
403 1554 463 1588 93.
487 1551 547 1586 94.
588 1550 625 1584 Si
651 1550 729 1595 quis
758 1548 882 1581 laudat
916 1553 969 1586 te,
1005 1552 1201 1590 separatus,

207 1622 285 1643 cuin
304 1613 354 1640 est
371 1605 473 1643 alibi,
501 1602 632 1636 emittit
650 1601 781 1633 malam
798 1595 992 1644 linguam]
1020 1597 1200 1630 Usitatum

207 1667 258 1694 est
277 1659 474 1692 obtrectare
496 1653 718 1690 absentibus,
746 1657 779 1683 et
807 1662 927 1682 corani
955 1648 1011 1680 vel
1035 1648 1202 1688 blandiri,

209 1712 263 1744 vel
283 1715 374 1742 certe
394 1719 467 1739 non
485 1704 645 1738 insuavia
665 1702 793 1735 dicere.

311 1759 370 1792 Vs.
386 1756 447 1791 95.
477 1754 665 1801 Ἑταίρους
683 1759 805 1791 vocat,
839 1751 901 1796 qui
927 1749 1030 1783 nobis
1054 1762 1089 1783 se
1116 1761 1204 1794 quo-

210 1825 280 1858 quo
299 1811 407 1843 modo
433 1808 643 1850 adiungunt.
705 1804 804 1837 Talis
829 1802 944 1836 socius
968 1813 1042 1833 non
1069 1807 1120 1834 est
1143 1801 1204 1832 bo-

212 1876 276 1896 nus
294 1861 447 1899 amicus,
474 1858 536 1904 qui
553 1857 636 1890 dicit
654 1856 773 1899 lingua
792 1855 926 1898 optima
948 1859 981 1884 et
1005 1851 1102 1884 aliud
1127 1864 1205 1885 sen-

213 1915 265 1947 tit.
320 1913 414 1944 Haec
433 1910 552 1943 omnia
576 1908 754 1952 pertinent
779 1907 823 1937 ad
848 1910 1093 1948 praeceptum:
1123 1903 1206 1936 Non

214 1965 309 1998 dicas
332 1963 458 1995 salsum
486 1958 742 1993 testimonium.
796 1954 1071 2000 Pindarusffib):
1109 1954 1206 2000 ὄψον

215 2014 252 2049 αἱ
269 2010 496 2059 κακολογίαι.
550 2008 836 2043 Obtrectationes
860 2012 943 2040 sunt
967 2018 1049 2049 pars
1075 2016 1207 2038 coenae

216 2073 249 2099 et
268 2064 430 2109 prandii,
464 2065 524 2097 bug
549 2061 625 2104 beste
649 2059 797 2105 &etidpb
830 2064 863 2090 et
889 2057 1064 2100 optimum
1087 2056 1208 2088 condi-

215 2122 375 2150 mentum
393 2119 443 2147 est
470 2113 505 2144 in
529 2112 657 2144 mensis
682 2117 716 2144 et
742 2109 987 2153 congressibus
1009 2106 1208 2141 hominum.

217 2167 373 2213 Quidam
404 2163 549 2207 capiunt
573 2174 748 2195 summam
771 2161 991 2203 voluptatem
1015 2171 1056 2192 ex
1082 2158 1210 2190 talibus

216 2217 372 2256 sabelliS,
415 2221 448 2247 et
478 2213 671 2246 recitantur
696 2211 886 2255 Augustini
910 2221 1030 2243 versus
1057 2215 1210 2253 agrestes

217 2269 382 2313 quidem,
410 2267 470 2299 sed
488 2271 607 2297 tannen
625 2263 797 2296 sententia
817 2268 867 2295 est
885 2262 996 2293 bona:

323 2321 450 2353 Quisquis
468 2322 541 2344 amat
561 2319 642 2342 dictis
661 2320 805 2342 absentum
825 2318 924 2342 rodere
942 2317 1045 2347 vitam,

387 2365 464 2388 Hanc
482 2368 606 2387 mensam
624 2361 737 2385 vetitam
756 2361 865 2385 noverit
885 2366 947 2384 esse
967 2360 1029 2386 sibi.

322 2407 397 2441 Vss.
415 2405 592 2440 97—99.
619 2404 718 2437 Talis
729 2404 774 2437 sit
791 2402 878 2436 inihi
897 2404 975 2437 loco
992 2403 1123 2443 fratris,
1152 2408 1213 2449 qui

222 2471 389 2498 noscens,
431 2455 681 2500 introspiciens
707 2455 774 2487 sert
797 2454 905 2493 iram,
941 2455 1072 2488 scilicet
1096 2467 1214 2499 repre-

257 2565 304 2597 66)
326 2565 399 2588 naec
419 2564 503 2587 verba
522 2563 549 2585 in
570 2563 646 2584 Novo
666 2561 740 2584 Test.
761 2565 813 2582 non
834 2558 1018 2585 inveniuntur,

257 2609 328 2635 Gssa)
348 2605 458 2638 fotijlith]
481 2607 520 2629 sic
541 2604 657 2634 scripsi3
678 2604 727 2626 Ed.
751 2602 824 2626 1560.
846 2601 955 2631 inmitti).

260 2650 327 2679 θεὴ)
352 2649 460 2673 madar.
503 2649 577 2672 sem.
606 2647 683 2676 vni,
709 2646 751 2670 21.
779 2645 827 2669 ιω.
848 2645 963 2669 noeckh.
991 2643 1064 2675 ὄψον
1089 2644 1116 2670 δὲ
1142 2644 1219 2677 λόγοι
1242 2641 1246 2681 l

293 2683 484 2717 φθονεροῖσιν.

775 78 896 115 PHlL.
934 80 1045 115 MEL.
1088 80 1291 115 SCRJPTA
1326 80 1662 116 PHILOLOGlCA.

2191 56 2295 113 80*

1243 166 1452 208 hendentis‚
1481 167 1588 201 etiam
1607 179 1770 202 severum
1788 173 1823 201 et
1839 177 1983 211 gravem
2007 163 2242 210 reprehenso—

1244 219 1352 268 rem.]
1390 219 1490 254 Talis
1515 219 1559 253 sit
1585 219 1736 259 amicus,
1774 219 1837 264 qui
1859 224 1894 251 et
1925 218 2017 251 ausit
2049 215 2242 262 reprehen-

1245 272 1349 311 dere,
1384 279 1418 304 et
1441 272 1532 304 serat
1555 268 1875 314 reprehendentem
1909 281 1956 303 se.
2024 267 2108 302 Non
2137 268 2240 301 dicit:

1245 323 1297 356 Sit
1313 322 1404 362 talis,
1433 322 1494 367 qui
1510 322 1601 354 ferat
1617 321 1799 355 iniuriam.
1830 319 2040 354 Universale
2057 325 2110 353 est
2127 319 2242 352 omni-

1245 375 1309 408 bus
1335 374 1543 412 σκοπτικοῖς
1569 373 1796 417 impatienter
1819 374 1912 406 ferre
1942 371 2097 404 aliorum
2126 382 2243 404 scom-

1246 432 1363 466 mata,
1390 425 1480 459 's1cut
1495 425 1542 458 eis
1558 424 1752 458 iucundum
1776 431 1845 464 est,
1880 424 2064 456 incurrere
2091 421 2179 455 alios
2205 421 2243 454 in

1246 488 1371 510 eorum
1395 474 1731 521 reprehensionem,
1758 475 1808 508 ita
1830 475 1898 520 ipsi
1918 470 2243 508 stomachosissime

1245 528 1443 572 accipiunt,
1472 540 1552 560 cum
1569 527 1637 571 ipsi
1656 527 1844 561 feriuntur.
1906 526 1979 561 QIIIe
1998 525 2146 570 &pb'ttet
2166 524 2243 560 ἕὸϊιε

1246 591 1306 615 nen
1336 580 1410 614 ubet
1435 579 1506 623 spot
1531 579 1646 614 Ieiben.
1719 577 1788 611 Sed
1818 577 1880 623 qni
1909 577 1986 610 vult
2007 577 2125 609 dicere
2152 586 2242 620 quae

1246 631 1339 672 vult,
1367 631 1488 665 audiet
1505 642 1594 675 quae
1611 641 1685 663 non
1703 629 1791 663 vult.
1844 628 1916 673 Qui
1931 628 1999 662 sibi
2014 627 2090 661 vult
2104 637 2243 661 sumere

1246 695 1430 716 censuram
1443 709 1452 723 ,
1480 682 1536 714 vel
1552 682 1605 715 ius
1622 678 1909 725 reprehendendi
1931 679 2107 718 amicum,
2140 678 2245 711 debet

1245 734 1319 778 ipse
1338 734 1444 766 etiam
1462 733 1585 767 audire
1606 733 1728 766 alium.
1780 731 1861 764 Vita
1877 730 2032 763 maxime
2048 729 2244 763 delectatur

1246 786 1438 829 improbis,
1473 785 1592 828 plures
1622 791 1741 817 tamen
1765 783 1851 815 mali
1875 793 1983 827 quam
2008 780 2106 814 boni.
2159 778 2243 813 Ideo

1246 836 1360 870 simile
1376 841 1471 869 amat
1486 835 1612 869 simile.
1665 834 1788 867 Cicero
1798 833 1844 880 6””)
1867 833 1967 865 dicit:
1995 830 2096 866 Nihil
2118 837 2170 865 est
2189 842 2245 863 ra-

1246 888 1369 931 pacius
1392 886 1562 920 similium
1587 898 1695 931 quam
1720 891 1861 918 natura.
1920 883 2004 916 Ideo
2032 883 2116 929 quia
2141 881 2245 915 multi

1249 939 1333 971 mali
1350 944 1450 977 sunt,
1480 938 1560 970 ideo
1578 944 1701 969 amant
1718 937 1824 970 mala.
1884 932 1976 974 Βίος
1989 931 2153 979 μάλιστα
2169 934 2246 971 τοῖς

1248 991 1422 1035 πονηροῖς
1437 987 1564 1034 ἥδεται
1581 994 1644 1021 etc.
1699 988 1767 1024 &ie
1784 987 1879 1031 b'o'fert
1894 985 2007 1033 ᾢεϊϊη
2024 984 2137 1030 [agent

1353 1048 1411 1071 Non
1430 1047 1496 1070 milii
1515 1047 1552 1070 sit
1570 1053 1670 1070 servus
1690 1046 1811 1069 medicus
1823 1062 1830 1075 ,
1855 1045 2004 1075 propheta,
2024 1043 2167 1068 sacerdos.

1249 1089 1332 1123 Non
1346 1086 1436 1121 mihi
1452 1088 1497 1121 sit
1512 1088 1687 1127 medicus,
1715 1087 1751 1120 id
1767 1092 1836 1126 est,
1862 1098 1937 1119 non
1953 1085 2036 1118 volo
2056 1084 2173 1117 alieno
2189 1093 2246 1116 ar-

1249 1139 1357 1173 bitrio
1379 1139 1434 1172 vel
1450 1139 1546 1172 iussu
1563 1138 1682 1171 vivere
1706 1137 1744 1170 in
1770 1137 1909 1170 ratione
1932 1137 2057 1171 victus.
2115 1135 2247 1169 Postea

1252 1189 1340 1224 mihi
1364 1202 1438 1223 non
1464 1190 1508 1223 sit
1538 1187 1732 1233 propheta,
1774 1189 1810 1221 id
1840 1195 1910 1228 est,
1954 1188 2099 1233 quando
2131 1187 2247 1219 bonus

1253 1241 1476 1276 consiliarius
1498 1240 1554 1274 vel
1579 1240 1758 1279 monitor,
1794 1251 1918 1272 suasor
1944 1238 2044 1272 dicit:
2080 1237 2248 1275 Domine,

1252 1306 1325 1325 non
1345 1292 1500 1332 faciatis,
1528 1291 1690 1324 incidetis
1707 1291 1743 1323 in
1761 1290 2000 1329 calamitates,
2026 1289 2064 1321 in
2082 1300 2249 1333 poenam,

1253 1344 1381 1376 nolunt
1405 1343 1541 1375 audire.
1610 1342 1692 1375 Non
1717 1341 1762 1374 sit
1785 1339 1875 1373 mihi
1898 1341 2085 1379 sacerdos,
2122 1339 2160 1372 id
2187 1345 2249 1378 est,

1253 1406 1326 1427 non
1346 1393 1470 1426 volunt
1485 1392 1607 1426 audire
1627 1399 1705 1436 post
1721 1393 1852 1425 factum
1875 1389 2080 1424 hortantem
2101 1391 2146 1423 ad
2166 1401 2250 1435 poe-

1254 1445 1454 1478 nitentiam.
1515 1443 1577 1476 Illa
1602 1444 1638 1476 in
1666 1444 1754 1477 aulis
1777 1449 1859 1476 sunt
1887 1442 2152 1486 conspectiora,
2188 1442 2250 1475 sed

1255 1509 1378 1530 omnes
1393 1507 1514 1530 sumus
1535 1495 1582 1527 ita
1608 1495 1744 1534 affecti,
1779 1506 1885 1527 nemo
1911 1493 1987 1527 vult
2012 1493 2088 1537 regi
2109 1492 2250 1526 ratione

1256 1550 1388 1587 victus,
1418 1559 1532 1592 neque
1554 1547 1657 1579 bonis
1680 1545 1958 1585 monitionibus,
1991 1556 2108 1589 neque
2131 1555 2251 1588 repre-

1254 1597 1507 1636 hensionibus,
1541 1610 1645 1629 nemo
1667 1597 1818 1630 libenter
1844 1596 1980 1640 patitur
2004 1593 2252 1640 reprehensio-

1256 1662 1336 1689 nes,
1363 1650 1435 1682 imo
1454 1648 1559 1682 etiam
1577 1649 1691 1682 bonos
1710 1648 1918 1681 monitores.
1972 1646 2108 1680 Omnes
2131 1658 2252 1680 sumus

1256 1701 1363 1741 tales,
1391 1700 1480 1733 alius
1499 1700 1594 1744 plus⁷
1623 1700 1712 1733 alius
1733 1699 1861 1732 minus.
1922 1697 2037 1731 Ratae
2060 1703 2142 1731 sunt
2165 1696 2253 1730 ami-

1257 1752 1379 1791 citiae,
1420 1751 1482 1785 ubi
1516 1752 1604 1784 alter
1627 1751 1776 1784 alterum
1806 1749 1891 1782 velit
1912 1749 2022 1782 libere
2045 1760 2192 1781 monere
2220 1754 2253 1780 ct

1257 1803 1380 1836 audire
1410 1803 1532 1835 alium.
1597 1803 1703 1846 Apud
1727 1801 1968 1834 Alexandrum
2001 1799 2135 1844 primas
2158 1805 2253 1832 tenet

1258 1854 1394 1887 Medias
1417 1853 1473 1886 vel
1495 1852 1708 1900 Medius⁶⁸)‚
1751 1853 1811 1887 mie
1841 1862 1872 1886 ct·
1904 1850 1993 1896 beist.
2060 1849 2121 1883 Ille
2147 1850 2252 1883 dixit:

1259 1905 1486 1938 Calumniare
1521 1906 1689 1937 audacter
1705 1930 1713 1943 ‚
1760 1914 1901 1946 semper
1944 1901 2079 1947 aquuid
2119 1899 2253 1934 haeret.

1258 1956 1376 1990 Etiam
1400 1968 1480 1988 cum
1507 1953 1786 1998 deprehenditur
1808 1954 1967 1993 vanitas,
1995 1959 2116 1985 tamen
2134 1953 2255 1986 vulne·

1259 2008 1307 2040 ris
1331 2013 1452 2039 manet
1479 2006 1615 2050 aliquid
1639 2006 1675 2037 in
1700 2005 1820 2037 animo
1843 2004 2020 2044 sauciato,
2061 2009 2101 2037 ut
2131 2010 2254 2048 postea

1261 2058 1371 2102 possit
1386 2069 1479 2089 nova
1498 2056 1646 2089 offensio
1664 2055 1800 2089 facilins
1816 2055 1972 2095 excitari,
1999 2060 2120 2088 manet
2134 2061 2257 2087 tamen

1261 2110 1299 2141 in
1324 2114 1442 2141 mente
1469 2107 1630 2147 cicatrix,
1669 2114 1707 2140 ut
1732 2113 1853 2151 postea
1880 2107 2050 2150 cogitent:
2095 2106 2144 2142 OES
2172 2106 2256 2140 miti>

1262 2158 1399 2204 bennod)
1415 2162 1487 2193 maa
1505 2160 1586 2193 bran
1602 2158 1678 2202 sein.
1729 2159 1804 2201 ἑὸεῑ)
1821 2160 1891 2193 bem
1908 2157 2025 2194 &nebia
2041 2158 2100 2203 bat
2123 2156 2180 2202 sid)
2203 2158 2257 2192 bet

1262 2212 1444 2250 ἳίῑεῑαηῦετ
1468 2214 1522 2244 tob
1543 2208 1696 2255 gefoffen,
1739 2210 1785 2241 ibi
1813 2216 1952 2242 tanturn
1978 2209 2054 2241 vini
2076 2208 2184 2247 bibit,
2218 2214 2258 2240 ut

1266 2269 1386 2306 postea
1410 2261 1616 2293 decubuerit
1639 2267 1702 2294 etc.
1772 2261 1819 2297 &t
1838 2261 1896 2306 bat
1922 2263 1946 2296 2
1963 2259 2142 2305 δοηῴἰοέ,
2182 2259 2257 2303 &mei

1264 2313 1406 2358 stiibigen
1424 2311 1554 2355 statcfess
1572 2312 1689 2348 ffsseins
1711 2311 1925 2358 aussgel'offen.

1368 2370 1444 2405 Vss.
1465 2371 1645 2406 102103.
1675 2371 1776 2417 Quae
1788 2378 1839 2405 est
1855 2371 1988 2405 utilitas
1998 2368 2175 2403 amicitiae
2193 2368 2259 2400 im-

1266 2422 1371 2467 probi
1387 2420 1566 2456 hominis'?
1596 2435 1668 2455 non
1688 2423 1818 2467 poterit
1835 2429 1868 2455 te
1886 2422 2038 2455 liberare
2061 2433 2099 2454 ex
2125 2417 2259 2453 difficili

1302 2558 1349 2589 67)
1369 2559 1424 2582 Cic.
1444 2558 1553 2581 Laelius
1577 2560 1617 2588 14,
1636 2559 1678 2582 50.

1302 2609 1350 2639 fia)
1372 2609 1420 2632 llic
1433 2609 1556 2637 Medius,
1576 2609 1618 2638 qni
1638 2615 1655 2632 a
1669 2609 1814 2631 Plutarcho
1835 2609 1859 2631 in
1881 2608 1939 2631 vita
1954 2608 2032 2631 Alex.
2052 2614 2073 2632 c.
2088 2608 2131 2632 75.
2151 2607 2261 2635 dicitur,

1339 2650 1353 2666 e
1373 2643 1485 2666 nai-issa
1504 2643 1663 2666 Thessaliae
1683 2643 1831 2671 oriundus,
1864 2642 2115 2671 impudentissimus
2136 2643 2198 2665 erat
2216 2641 2261 2664 in-

1339 2680 1381 2700 ter
1400 2678 1549 2701 Alexandri
1566 2677 1734 2700 adulatores.
