<?xml version="1.0" encoding="UTF-8"?>
<!DOCTYPE html PUBLIC "-//W3C//DTD XHTML 1.0 Transitional//EN"
    "http://www.w3.org/TR/xhtml1/DTD/xhtml1-transitional.dtd">
<html xmlns="http://www.w3.org/1999/xhtml" xml:lang="en" lang="en">
 <head>
  <title>
</title>
<meta http-equiv="Content-Type" content="text/html;charset=utf-8" />
  <meta name='ocr-system' content='tesseract 3.04.00' />
  <meta name='ocr-capabilities' content='ocr_page ocr_carea ocr_par ocr_line ocrx_word'/>
</head>
<body>
  <div class='ocr_page' id='page_1' title='image "./operaquaesupersu19melauoft_0045.png"; bbox 0 0 2421 3005; ppageno 0'>
   <div class='ocr_carea' id='block_1_1' title="bbox 95 80 142 115">
    <p class='ocr_par' dir='ltr' id='par_1_1' title="bbox 95 80 142 115">
     <span class='ocr_line' id='line_1_1' title="bbox 95 80 142 115; baseline -0.021 0"><span class='ocrx_word' id='word_1_1' title='bbox 95 80 142 115; x_wconf 84' lang='lat'>65</span> 
     </span>
    </p>
   </div>
   <div class='ocr_carea' id='block_1_2' title="bbox 76 162 1092 930">
    <p class='ocr_par' dir='ltr' id='par_1_2' title="bbox 78 162 1092 469">
     <span class='ocr_line' id='line_1_2' title="bbox 190 162 1092 210; baseline -0.006 -10"><span class='ocrx_word' id='word_1_2' title='bbox 190 166 228 200; x_wconf 87' lang='grc' dir='ltr'><strong><em>Γ</em></strong></span> <span class='ocrx_word' id='word_1_3' title='bbox 224 167 361 210; x_wconf 83' lang='grc' dir='ltr'><em>νῶμαι,</em></span> <span class='ocrx_word' id='word_1_4' title='bbox 380 163 416 197; x_wconf 92' lang='lat' dir='ltr'>id</span> <span class='ocrx_word' id='word_1_5' title='bbox 433 169 496 204; x_wconf 89' lang='lat' dir='ltr'>est,</span> <span class='ocrx_word' id='word_1_6' title='bbox 524 162 723 197; x_wconf 85' lang='lat' dir='ltr'>sententiae</span> <span class='ocrx_word' id='word_1_7' title='bbox 740 163 783 196; x_wconf 92' lang='lat' dir='ltr'>de</span> <span class='ocrx_word' id='word_1_8' title='bbox 802 162 974 196; x_wconf 80' lang='lat' dir='ltr'>moribus.</span> <span class='ocrx_word' id='word_1_9' title='bbox 1001 162 1092 196; x_wconf 87' lang='lat' dir='ltr'>Pro-</span> 
     </span>
     <span class='ocr_line' id='line_1_3' title="bbox 83 214 1089 260; baseline -0.004 -9"><span class='ocrx_word' id='word_1_10' title='bbox 83 217 248 252; x_wconf 88' lang='lat' dir='ltr'>verbium</span> <span class='ocrx_word' id='word_1_11' title='bbox 266 222 319 250; x_wconf 88' lang='lat' dir='ltr'>est</span> <span class='ocrx_word' id='word_1_12' title='bbox 335 216 485 260; x_wconf 82' lang='lat' dir='ltr'>figurate</span> <span class='ocrx_word' id='word_1_13' title='bbox 503 215 658 254; x_wconf 89' lang='lat' dir='ltr'>dictum,</span> <span class='ocrx_word' id='word_1_14' title='bbox 694 214 768 248; x_wconf 75' lang='lat' dir='ltr'>sive</span> <span class='ocrx_word' id='word_1_15' title='bbox 788 214 970 248; x_wconf 88' lang='lat' dir='ltr'>contineat</span> <span class='ocrx_word' id='word_1_16' title='bbox 987 225 1089 258; x_wconf 85' lang='lat' dir='ltr'>prae-</span> 
     </span>
     <span class='ocr_line' id='line_1_4' title="bbox 81 265 1087 314; baseline -0.004 -11"><span class='ocrx_word' id='word_1_17' title='bbox 81 275 244 314; x_wconf 89' lang='lat' dir='ltr'>ceptum,</span> <span class='ocrx_word' id='word_1_18' title='bbox 287 268 361 302; x_wconf 82' lang='lat' dir='ltr'>sive</span> <span class='ocrx_word' id='word_1_19' title='bbox 386 280 461 300; x_wconf 90' lang='lat' dir='ltr'>non</span> <span class='ocrx_word' id='word_1_20' title='bbox 486 267 671 301; x_wconf 89' lang='lat' dir='ltr'>contineat</span> <span class='ocrx_word' id='word_1_21' title='bbox 696 273 942 311; x_wconf 88' lang='lat' dir='ltr'>praeceptum.</span> <span class='ocrx_word' id='word_1_22' title='bbox 1010 265 1087 299; x_wconf 88' lang='lat' dir='ltr'>Hoc</span> 
     </span>
     <span class='ocr_line' id='line_1_5' title="bbox 79 318 1086 365; baseline -0.001 -10"><span class='ocrx_word' id='word_1_23' title='bbox 79 327 131 355; x_wconf 86' lang='lat' dir='ltr'>est</span> <span class='ocrx_word' id='word_1_24' title='bbox 148 319 400 365; x_wconf 76' lang='lat' dir='ltr'>proverbium:</span> <span class='ocrx_word' id='word_1_25' title='bbox 430 319 522 355; x_wconf 53' lang='lat' dir='ltr'>§Rau</span> <span class='ocrx_word' id='word_1_26' title='bbox 546 318 624 362; x_wconf 67' lang='lat' dir='ltr'>batf</span> <span class='ocrx_word' id='word_1_27' title='bbox 643 319 727 362; x_wconf 71' lang='lat' dir='ltr'>nitbt</span> <span class='ocrx_word' id='word_1_28' title='bbox 750 319 849 363; x_wconf 67' lang='lat' dir='ltr'>sst&#39;x&#39;ufe</span> <span class='ocrx_word' id='word_1_29' title='bbox 870 319 905 354; x_wconf 79' lang='lat' dir='ltr'>in</span> <span class='ocrx_word' id='word_1_30' title='bbox 929 320 987 354; x_wconf 73' lang='lat' dir='ltr'>ben</span> <span class='ocrx_word' id='word_1_31' title='bbox 1006 318 1086 364; x_wconf 58' lang='lat' dir='ltr'>§De15</span> 
     </span>
     <span class='ocr_line' id='line_1_6' title="bbox 78 369 1085 418; baseline -0.006 -10"><span class='ocrx_word' id='word_1_32' title='bbox 78 373 190 417; x_wconf 54' lang='lat' dir='ltr'>seem,</span> <span class='ocrx_word' id='word_1_33' title='bbox 219 371 260 415; x_wconf 73' lang='lat' dir='ltr'>sie</span> <span class='ocrx_word' id='word_1_34' title='bbox 281 370 422 417; x_wconf 67' lang='lat' dir='ltr'>mad&gt;sen</span> <span class='ocrx_word' id='word_1_35' title='bbox 439 371 523 415; x_wconf 62' lang='lat' dir='ltr'>{011st</span> <span class='ocrx_word' id='word_1_36' title='bbox 539 371 606 406; x_wconf 76' lang='lat' dir='ltr'>mol</span> <span class='ocrx_word' id='word_1_37' title='bbox 630 371 837 418; x_wconf 60' lang='lat' dir='ltr'>brinnenff).</span> <span class='ocrx_word' id='word_1_38' title='bbox 891 369 956 404; x_wconf 85' lang='lat' dir='ltr'>Est</span> <span class='ocrx_word' id='word_1_39' title='bbox 979 369 1085 404; x_wconf 83' lang='lat' dir='ltr'>simul</span> 
     </span>
     <span class='ocr_line' id='line_1_7' title="bbox 78 423 571 469; baseline -0.002 -11"><span class='ocrx_word' id='word_1_40' title='bbox 78 423 312 469; x_wconf 89' lang='lat' dir='ltr'>proverbium</span> <span class='ocrx_word' id='word_1_41' title='bbox 332 429 366 456; x_wconf 92' lang='lat' dir='ltr'>et</span> <span class='ocrx_word' id='word_1_42' title='bbox 382 423 571 457; x_wconf 78' lang='lat' dir='ltr'>sententia.</span> 
     </span>
    </p>

    <p class='ocr_par' dir='ltr' id='par_1_3' title="bbox 76 480 1082 930">
     <span class='ocr_line' id='line_1_8' title="bbox 179 480 1081 528; baseline -0.004 -11"><span class='ocrx_word' id='word_1_43' title='bbox 179 483 328 528; x_wconf 86' lang='lat' dir='ltr'>Megara</span> <span class='ocrx_word' id='word_1_44' title='bbox 346 494 422 515; x_wconf 91' lang='lat' dir='ltr'>non</span> <span class='ocrx_word' id='word_1_45' title='bbox 436 483 564 527; x_wconf 91' lang='lat' dir='ltr'>procul</span> <span class='ocrx_word' id='word_1_46' title='bbox 576 483 619 515; x_wconf 90' lang='lat' dir='ltr'>ab</span> <span class='ocrx_word' id='word_1_47' title='bbox 637 480 800 521; x_wconf 82' lang='lat' dir='ltr'><strong>Athenis,</strong></span> <span class='ocrx_word' id='word_1_48' title='bbox 819 480 921 528; x_wconf 67' lang='lat' dir='ltr'>et172)</span> <span class='ocrx_word' id='word_1_49' title='bbox 940 480 1081 514; x_wconf 90' lang='lat' dir='ltr'>colonia</span> 
     </span>
     <span class='ocr_line' id='line_1_9' title="bbox 78 532 1082 579; baseline -0.003 -11"><span class='ocrx_word' id='word_1_50' title='bbox 78 536 116 569; x_wconf 87' lang='lat' dir='ltr'>in</span> <span class='ocrx_word' id='word_1_51' title='bbox 132 535 270 573; x_wconf 90' lang='lat' dir='ltr'>Sicilia;</span> <span class='ocrx_word' id='word_1_52' title='bbox 298 547 340 568; x_wconf 79' lang='lat' dir='ltr'>ex</span> <span class='ocrx_word' id='word_1_53' title='bbox 355 534 416 567; x_wconf 84' lang='lat' dir='ltr'>illa</span> <span class='ocrx_word' id='word_1_54' title='bbox 433 534 581 579; x_wconf 84' lang='lat' dir='ltr'>Megara</span> <span class='ocrx_word' id='word_1_55' title='bbox 598 534 665 568; x_wconf 83' lang='lat' dir='ltr'>fuit</span> <span class='ocrx_word' id='word_1_56' title='bbox 681 532 876 578; x_wconf 83' lang='lat' dir='ltr'>Theognis.</span> <span class='ocrx_word' id='word_1_57' title='bbox 930 532 1082 566; x_wconf 85' lang='lat' dir='ltr'>Orditur</span> 
     </span>
     <span class='ocr_line' id='line_1_10' title="bbox 78 583 1081 632; baseline -0.003 -12"><span class='ocrx_word' id='word_1_58' title='bbox 78 588 122 621; x_wconf 86' lang='lat' dir='ltr'>ab</span> <span class='ocrx_word' id='word_1_59' title='bbox 158 586 400 620; x_wconf 79' lang='lat' dir='ltr'>invocatione.</span> <span class='ocrx_word' id='word_1_60' title='bbox 469 586 677 632; x_wconf 73' lang='lat' dir='ltr'>Antiquitas</span> <span class='ocrx_word' id='word_1_61' title='bbox 712 586 779 619; x_wconf 87' lang='lat' dir='ltr'>fuit</span> <span class='ocrx_word' id='word_1_62' title='bbox 814 583 982 628; x_wconf 83' lang='lat' dir='ltr'>religiosa</span> <span class='ocrx_word' id='word_1_63' title='bbox 994 611 1003 625; x_wconf 94' lang='lat'>‚</span> <span class='ocrx_word' id='word_1_64' title='bbox 1047 590 1081 617; x_wconf 91' lang='lat' dir='ltr'>et</span> 
     </span>
     <span class='ocr_line' id='line_1_11' title="bbox 78 636 1080 685; baseline -0.004 -12"><span class='ocrx_word' id='word_1_65' title='bbox 78 650 299 685; x_wconf 90' lang='lat' dir='ltr'>quamquam</span> <span class='ocrx_word' id='word_1_66' title='bbox 313 638 381 672; x_wconf 87' lang='lat' dir='ltr'>fuit</span> <span class='ocrx_word' id='word_1_67' title='bbox 399 638 610 682; x_wconf 77' lang='lat' dir='ltr'>depravatio</span> <span class='ocrx_word' id='word_1_68' title='bbox 621 664 631 678; x_wconf 89' lang='lat'>‚</span> <span class='ocrx_word' id='word_1_69' title='bbox 665 643 788 670; x_wconf 82' lang='lat' dir='ltr'>tamen</span> <span class='ocrx_word' id='word_1_70' title='bbox 803 642 1015 669; x_wconf 85' lang='lat' dir='ltr'>manserunt</span> <span class='ocrx_word' id='word_1_71' title='bbox 1033 636 1080 669; x_wconf 85' lang='lat' dir='ltr'>ri-</span> 
     </span>
     <span class='ocr_line' id='line_1_12' title="bbox 77 688 1080 724; baseline -0.003 0"><span class='ocrx_word' id='word_1_72' title='bbox 77 697 132 724; x_wconf 92' lang='lat' dir='ltr'>tus</span> <span class='ocrx_word' id='word_1_73' title='bbox 151 696 186 724; x_wconf 90' lang='lat' dir='ltr'>et</span> <span class='ocrx_word' id='word_1_74' title='bbox 201 701 331 724; x_wconf 89' lang='lat' dir='ltr'>mores.</span> <span class='ocrx_word' id='word_1_75' title='bbox 382 689 437 722; x_wconf 90' lang='lat' dir='ltr'>Ab</span> <span class='ocrx_word' id='word_1_76' title='bbox 455 689 683 723; x_wconf 81' lang='lat' dir='ltr'>invocatione</span> <span class='ocrx_word' id='word_1_77' title='bbox 700 688 784 722; x_wconf 88' lang='lat' dir='ltr'>solis</span> <span class='ocrx_word' id='word_1_78' title='bbox 801 694 835 721; x_wconf 94' lang='lat' dir='ltr'>et</span> <span class='ocrx_word' id='word_1_79' title='bbox 852 689 959 722; x_wconf 89' lang='lat' dir='ltr'>lunae</span> <span class='ocrx_word' id='word_1_80' title='bbox 984 688 1080 721; x_wconf 88' lang='lat' dir='ltr'>ordi-</span> 
     </span>
     <span class='ocr_line' id='line_1_13' title="bbox 77 738 1079 787; baseline -0.004 -12"><span class='ocrx_word' id='word_1_81' title='bbox 77 749 151 776; x_wconf 89' lang='lat' dir='ltr'><strong>tur:</strong></span> <span class='ocrx_word' id='word_1_82' title='bbox 192 742 337 787; x_wconf 87' lang='lat' dir='ltr'>quando</span> <span class='ocrx_word' id='word_1_83' title='bbox 360 741 511 775; x_wconf 87' lang='lat' dir='ltr'><strong>discedit</strong></span> <span class='ocrx_word' id='word_1_84' title='bbox 534 753 644 786; x_wconf 87' lang='lat' dir='ltr'>genus</span> <span class='ocrx_word' id='word_1_85' title='bbox 669 738 871 774; x_wconf 88' lang='lat' dir='ltr'>humanum</span> <span class='ocrx_word' id='word_1_86' title='bbox 900 740 947 773; x_wconf 91' lang='lat' dir='ltr'>ab</span> <span class='ocrx_word' id='word_1_87' title='bbox 980 740 1079 784; x_wconf 84' lang='lat' dir='ltr'>agni·</span> 
     </span>
     <span class='ocr_line' id='line_1_14' title="bbox 76 791 1078 836; baseline -0.002 -10"><span class='ocrx_word' id='word_1_88' title='bbox 76 793 174 827; x_wconf 89' lang='lat' dir='ltr'>tione</span> <span class='ocrx_word' id='word_1_89' title='bbox 192 793 291 826; x_wconf 85' lang='lat' dir='ltr'>verbi</span> <span class='ocrx_word' id='word_1_90' title='bbox 307 792 388 833; x_wconf 86' lang='lat' dir='ltr'>Dei,</span> <span class='ocrx_word' id='word_1_91' title='bbox 416 793 594 827; x_wconf 82' lang='lat' dir='ltr'>delabitur</span> <span class='ocrx_word' id='word_1_92' title='bbox 611 793 655 826; x_wconf 92' lang='lat' dir='ltr'>ad</span> <span class='ocrx_word' id='word_1_93' title='bbox 667 798 860 832; x_wconf 88' lang='lat' dir='ltr'>creaturas,</span> <span class='ocrx_word' id='word_1_94' title='bbox 888 791 1078 836; x_wconf 79' lang='lat' dir='ltr'>praecipue</span> 
     </span>
     <span class='ocr_line' id='line_1_15' title="bbox 77 843 1079 889; baseline -0.003 -11"><span class='ocrx_word' id='word_1_95' title='bbox 77 857 162 878; x_wconf 89' lang='lat' dir='ltr'>vero</span> <span class='ocrx_word' id='word_1_96' title='bbox 179 845 368 878; x_wconf 89' lang='lat' dir='ltr'>coluerunt</span> <span class='ocrx_word' id='word_1_97' title='bbox 385 844 444 877; x_wconf 90' lang='lat' dir='ltr'>illa</span> <span class='ocrx_word' id='word_1_98' title='bbox 463 843 706 889; x_wconf 89' lang='lat' dir='ltr'>pulcherrima</span> <span class='ocrx_word' id='word_1_99' title='bbox 723 843 880 883; x_wconf 88' lang='lat' dir='ltr'>lumina,</span> <span class='ocrx_word' id='word_1_100' title='bbox 908 843 1020 877; x_wconf 91' lang='lat' dir='ltr'>solem</span> <span class='ocrx_word' id='word_1_101' title='bbox 1046 849 1079 876; x_wconf 82' lang='lat' dir='ltr'>et</span> 
     </span>
     <span class='ocr_line' id='line_1_16' title="bbox 76 897 210 930; baseline 0 -1"><span class='ocrx_word' id='word_1_102' title='bbox 76 897 210 930; x_wconf 87' lang='lat' dir='ltr'>lunam.</span> 
     </span>
    </p>
   </div>
   <div class='ocr_carea' id='block_1_3' title="bbox 177 953 1078 1004">
    <p class='ocr_par' dir='ltr' id='par_1_4' title="bbox 177 953 1078 1004">
     <span class='ocr_line' id='line_1_17' title="bbox 177 953 1078 1004; baseline 0 -17"><span class='ocrx_word' id='word_1_103' title='bbox 177 955 237 990; x_wconf 84' lang='lat' dir='ltr'>Vs.</span> <span class='ocrx_word' id='word_1_104' title='bbox 258 956 345 1002; x_wconf 77' lang='lat'>1.¹⁸)</span> <span class='ocrx_word' id='word_1_105' title='bbox 374 955 407 990; x_wconf 96' lang='grc' dir='ltr'><strong>Ο</strong></span> <span class='ocrx_word' id='word_1_106' title='bbox 426 968 489 989; x_wconf 83' lang='lat' dir='ltr'>rex</span> <span class='ocrx_word' id='word_1_107' title='bbox 506 955 556 988; x_wconf 90' lang='lat' dir='ltr'>fili</span> <span class='ocrx_word' id='word_1_108' title='bbox 574 953 757 1004; x_wconf 78' lang='lat' dir='ltr'>Latonae]</span> <span class='ocrx_word' id='word_1_109' title='bbox 786 956 843 988; x_wconf 88' lang='lat' dir='ltr'>illa</span> <span class='ocrx_word' id='word_1_110' title='bbox 869 953 1004 988; x_wconf 90' lang='lat' dir='ltr'>habent</span> <span class='ocrx_word' id='word_1_111' title='bbox 1029 955 1078 987; x_wconf 89' lang='lat' dir='ltr'>al-</span> 
     </span>
    </p>
   </div>
   <div class='ocr_carea' id='block_1_4' title="bbox 74 1005 1077 1197">
    <p class='ocr_par' dir='ltr' id='par_1_5' title="bbox 74 1005 1077 1197">
     <span class='ocr_line' id='line_1_18' title="bbox 75 1005 1077 1054; baseline -0.002 -13"><span class='ocrx_word' id='word_1_112' title='bbox 75 1007 239 1052; x_wconf 87' lang='lat' dir='ltr'>legorias.</span> <span class='ocrx_word' id='word_1_113' title='bbox 292 1005 409 1054; x_wconf 79' lang='grc' dir='ltr'>Λητιὸ</span> <span class='ocrx_word' id='word_1_114' title='bbox 436 1014 487 1041; x_wconf 89' lang='lat' dir='ltr'>est</span> <span class='ocrx_word' id='word_1_115' title='bbox 508 1019 527 1040; x_wconf 90' lang='lat' dir='ltr'>a</span> <span class='ocrx_word' id='word_1_116' title='bbox 545 1007 704 1041; x_wconf 88' lang='lat' dir='ltr'>latendo.</span> <span class='ocrx_word' id='word_1_117' title='bbox 760 1007 843 1043; x_wconf 78' lang='lat' dir='ltr'>Non</span> <span class='ocrx_word' id='word_1_118' title='bbox 866 1007 934 1040; x_wconf 85' lang='lat' dir='ltr'>fuit</span> <span class='ocrx_word' id='word_1_119' title='bbox 955 1007 1077 1040; x_wconf 91' lang='lat' dir='ltr'>lumen</span> 
     </span>
     <span class='ocr_line' id='line_1_19' title="bbox 76 1057 1076 1104; baseline -0.003 -11"><span class='ocrx_word' id='word_1_120' title='bbox 76 1066 157 1093; x_wconf 80' lang='lat' dir='ltr'>ante</span> <span class='ocrx_word' id='word_1_121' title='bbox 172 1059 284 1093; x_wconf 86' lang='lat' dir='ltr'>solem</span> <span class='ocrx_word' id='word_1_122' title='bbox 309 1066 344 1093; x_wconf 91' lang='lat' dir='ltr'>et</span> <span class='ocrx_word' id='word_1_123' title='bbox 366 1060 504 1093; x_wconf 89' lang='lat' dir='ltr'>lunam.</span> <span class='ocrx_word' id='word_1_124' title='bbox 564 1057 627 1092; x_wconf 93' lang='lat' dir='ltr'>Illa</span> <span class='ocrx_word' id='word_1_125' title='bbox 655 1072 806 1104; x_wconf 88' lang='lat' dir='ltr'>corpora</span> <span class='ocrx_word' id='word_1_126' title='bbox 834 1065 916 1093; x_wconf 88' lang='lat' dir='ltr'>sunt</span> <span class='ocrx_word' id='word_1_127' title='bbox 940 1058 1076 1092; x_wconf 82' lang='lat' dir='ltr'>lumina</span> 
     </span>
     <span class='ocr_line' id='line_1_20' title="bbox 74 1109 1076 1155; baseline -0.003 -11"><span class='ocrx_word' id='word_1_128' title='bbox 74 1111 211 1145; x_wconf 89' lang='lat' dir='ltr'>mundi.</span> <span class='ocrx_word' id='word_1_129' title='bbox 262 1110 349 1145; x_wconf 86' lang='lat' dir='ltr'>Illae</span> <span class='ocrx_word' id='word_1_130' title='bbox 364 1110 611 1145; x_wconf 74' lang='lat' dir='ltr'>invocationes</span> <span class='ocrx_word' id='word_1_131' title='bbox 630 1118 792 1155; x_wconf 80' lang='lat' dir='ltr'>sumptae</span> <span class='ocrx_word' id='word_1_132' title='bbox 810 1117 892 1144; x_wconf 89' lang='lat' dir='ltr'>sunt</span> <span class='ocrx_word' id='word_1_133' title='bbox 912 1122 953 1143; x_wconf 82' lang='lat' dir='ltr'>ex</span> <span class='ocrx_word' id='word_1_134' title='bbox 970 1109 1076 1142; x_wconf 88' lang='lat' dir='ltr'>meris</span> 
     </span>
     <span class='ocr_line' id='line_1_21' title="bbox 74 1163 241 1197; baseline 0.006 -1"><span class='ocrx_word' id='word_1_135' title='bbox 74 1163 241 1197; x_wconf 89' lang='lat' dir='ltr'>tenebris.</span> 
     </span>
    </p>
   </div>
   <div class='ocr_carea' id='block_1_5' title="bbox 73 1219 1083 2044">
    <p class='ocr_par' dir='ltr' id='par_1_6' title="bbox 73 1219 1081 1784">
     <span class='ocr_line' id='line_1_22' title="bbox 176 1219 1076 1261; baseline -0.003 -8"><span class='ocrx_word' id='word_1_136' title='bbox 176 1222 284 1256; x_wconf 88' lang='lat' dir='ltr'>Vss.1</span> <span class='ocrx_word' id='word_1_137' title='bbox 297 1221 391 1256; x_wconf 86' lang='lat'>—4.</span> <span class='ocrx_word' id='word_1_138' title='bbox 417 1220 513 1255; x_wconf 74' lang='lat' dir='ltr'>Iovis</span> <span class='ocrx_word' id='word_1_139' title='bbox 530 1221 682 1261; x_wconf 90' lang='lat' dir='ltr'>soboles,</span> <span class='ocrx_word' id='word_1_140' title='bbox 711 1233 785 1254; x_wconf 92' lang='lat' dir='ltr'>non</span> <span class='ocrx_word' id='word_1_141' title='bbox 805 1220 995 1254; x_wconf 75' lang='lat' dir='ltr'>obliviscar</span> <span class='ocrx_word' id='word_1_142' title='bbox 1012 1219 1076 1259; x_wconf 82' lang='lat' dir='ltr'>tui,</span> 
     </span>
     <span class='ocr_line' id='line_1_23' title="bbox 74 1271 1076 1317; baseline -0.004 -9"><span class='ocrx_word' id='word_1_143' title='bbox 74 1275 136 1308; x_wconf 88' lang='lat' dir='ltr'>sed</span> <span class='ocrx_word' id='word_1_144' title='bbox 161 1285 302 1317; x_wconf 87' lang='lat' dir='ltr'>semper</span> <span class='ocrx_word' id='word_1_145' title='bbox 331 1273 490 1317; x_wconf 90' lang='lat' dir='ltr'>primum</span> <span class='ocrx_word' id='word_1_146' title='bbox 527 1278 559 1305; x_wconf 87' lang='lat' dir='ltr'>te</span> <span class='ocrx_word' id='word_1_147' title='bbox 594 1272 688 1305; x_wconf 89' lang='lat' dir='ltr'>inter</span> <span class='ocrx_word' id='word_1_148' title='bbox 714 1272 850 1305; x_wconf 87' lang='lat' dir='ltr'>medios</span> <span class='ocrx_word' id='word_1_149' title='bbox 874 1278 908 1305; x_wconf 93' lang='lat' dir='ltr'>et</span> <span class='ocrx_word' id='word_1_150' title='bbox 930 1271 1076 1304; x_wconf 87' lang='lat' dir='ltr'>ultimos</span> 
     </span>
     <span class='ocr_line' id='line_1_24' title="bbox 75 1319 1077 1371; baseline -0.004 -13"><span class='ocrx_word' id='word_1_151' title='bbox 75 1323 259 1371; x_wconf 68' lang='lat' dir='ltr'>cantabo]</span> <span class='ocrx_word' id='word_1_152' title='bbox 294 1324 545 1358; x_wconf 83' lang='lat' dir='ltr'>Nazianzenus</span> <span class='ocrx_word' id='word_1_153' title='bbox 563 1323 608 1368; x_wconf 67' lang='lat' dir='ltr'>l⁵³)</span> <span class='ocrx_word' id='word_1_154' title='bbox 638 1322 774 1368; x_wconf 74' lang='grc' dir='ltr'><em>Ἀρχὴν</em></span> <span class='ocrx_word' id='word_1_155' title='bbox 804 1319 983 1357; x_wconf 69' lang='grc' dir='ltr'><em>ἁπάντων</em></span> <span class='ocrx_word' id='word_1_156' title='bbox 1014 1319 1077 1355; x_wconf 83' lang='grc' dir='ltr'>καὶ</span> 
     </span>
     <span class='ocr_line' id='line_1_25' title="bbox 74 1372 1075 1418; baseline -0.007 -7"><span class='ocrx_word' id='word_1_157' title='bbox 74 1375 174 1415; x_wconf 77' lang='grc' dir='ltr'><em>τέλος</em></span> <span class='ocrx_word' id='word_1_158' title='bbox 198 1376 297 1410; x_wconf 83' lang='grc' dir='ltr'><strong><em>ποιεῖ</em></strong></span> <span class='ocrx_word' id='word_1_159' title='bbox 319 1373 432 1418; x_wconf 78' lang='grc' dir='ltr'><em>θεὸν,</em></span> <span class='ocrx_word' id='word_1_160' title='bbox 466 1375 503 1407; x_wconf 87' lang='lat' dir='ltr'>id</span> <span class='ocrx_word' id='word_1_161' title='bbox 528 1381 597 1414; x_wconf 87' lang='lat' dir='ltr'>est,</span> <span class='ocrx_word' id='word_1_162' title='bbox 629 1373 810 1407; x_wconf 83' lang='lat' dir='ltr'>Debemus</span> <span class='ocrx_word' id='word_1_163' title='bbox 832 1374 870 1406; x_wconf 88' lang='lat' dir='ltr'>in</span> <span class='ocrx_word' id='word_1_164' title='bbox 895 1372 1075 1417; x_wconf 87' lang='lat' dir='ltr'>principio</span> 
     </span>
     <span class='ocr_line' id='line_1_26' title="bbox 73 1425 1076 1472; baseline -0.005 -11"><span class='ocrx_word' id='word_1_165' title='bbox 73 1427 228 1472; x_wconf 87' lang='lat' dir='ltr'>negotii,</span> <span class='ocrx_word' id='word_1_166' title='bbox 256 1426 295 1459; x_wconf 86' lang='lat' dir='ltr'>in</span> <span class='ocrx_word' id='word_1_167' title='bbox 317 1426 437 1460; x_wconf 89' lang='lat' dir='ltr'>medio</span> <span class='ocrx_word' id='word_1_168' title='bbox 463 1432 497 1459; x_wconf 90' lang='lat' dir='ltr'>et</span> <span class='ocrx_word' id='word_1_169' title='bbox 522 1426 559 1458; x_wconf 88' lang='lat' dir='ltr'>in</span> <span class='ocrx_word' id='word_1_170' title='bbox 582 1426 652 1458; x_wconf 86' lang='lat' dir='ltr'>fine</span> <span class='ocrx_word' id='word_1_171' title='bbox 675 1425 857 1458; x_wconf 68' lang='lat' dir='ltr'>invocare.</span> <span class='ocrx_word' id='word_1_172' title='bbox 918 1425 949 1457; x_wconf 76' lang='lat' dir='ltr'>A</span> <span class='ocrx_word' id='word_1_173' title='bbox 973 1436 1076 1468; x_wconf 82' lang='lat' dir='ltr'>prece</span> 
     </span>
     <span class='ocr_line' id='line_1_27' title="bbox 74 1476 1078 1525; baseline -0.004 -13"><span class='ocrx_word' id='word_1_174' title='bbox 74 1478 313 1525; x_wconf 86' lang='lat' dir='ltr'>principium,</span> <span class='ocrx_word' id='word_1_175' title='bbox 352 1479 396 1511; x_wconf 90' lang='lat' dir='ltr'>de</span> <span class='ocrx_word' id='word_1_176' title='bbox 422 1490 526 1522; x_wconf 91' lang='lat' dir='ltr'>prece</span> <span class='ocrx_word' id='word_1_177' title='bbox 554 1478 634 1510; x_wconf 85' lang='lat' dir='ltr'>finis</span> <span class='ocrx_word' id='word_1_178' title='bbox 661 1477 738 1510; x_wconf 88' lang='lat' dir='ltr'>erit.</span> <span class='ocrx_word' id='word_1_179' title='bbox 807 1476 911 1509; x_wconf 91' lang='lat' dir='ltr'>Pono</span> <span class='ocrx_word' id='word_1_180' title='bbox 944 1488 1078 1515; x_wconf 89' lang='lat' dir='ltr'>casum,</span> 
     </span>
     <span class='ocr_line' id='line_1_28' title="bbox 76 1527 1078 1578; baseline -0.004 -14"><span class='ocrx_word' id='word_1_181' title='bbox 76 1531 173 1578; x_wconf 88' lang='lat' dir='ltr'>quod</span> <span class='ocrx_word' id='word_1_182' title='bbox 189 1528 373 1574; x_wconf 84' lang='lat' dir='ltr'>Theognis</span> <span class='ocrx_word' id='word_1_183' title='bbox 388 1530 496 1563; x_wconf 88' lang='lat' dir='ltr'>lunae</span> <span class='ocrx_word' id='word_1_184' title='bbox 513 1535 548 1563; x_wconf 85' lang='lat' dir='ltr'>et</span> <span class='ocrx_word' id='word_1_185' title='bbox 562 1529 646 1564; x_wconf 89' lang='lat' dir='ltr'>solis</span> <span class='ocrx_word' id='word_1_186' title='bbox 671 1527 896 1562; x_wconf 90' lang='lat' dir='ltr'>conditorem</span> <span class='ocrx_word' id='word_1_187' title='bbox 920 1528 1078 1566; x_wconf 72' lang='lat' dir='ltr'>invocat,</span> 
     </span>
     <span class='ocr_line' id='line_1_29' title="bbox 75 1579 1078 1628; baseline -0.005 -12"><span class='ocrx_word' id='word_1_188' title='bbox 75 1590 197 1616; x_wconf 89' lang='lat' dir='ltr'>tamen</span> <span class='ocrx_word' id='word_1_189' title='bbox 221 1588 336 1622; x_wconf 87' lang='lat' dir='ltr'>errat,</span> <span class='ocrx_word' id='word_1_190' title='bbox 374 1582 458 1628; x_wconf 79' lang='lat' dir='ltr'>quja</span> <span class='ocrx_word' id='word_1_191' title='bbox 486 1593 561 1615; x_wconf 92' lang='lat' dir='ltr'>non</span> <span class='ocrx_word' id='word_1_192' title='bbox 585 1581 746 1625; x_wconf 83' lang='lat' dir='ltr'>agnoscit</span> <span class='ocrx_word' id='word_1_193' title='bbox 771 1579 910 1620; x_wconf 90' lang='lat' dir='ltr'>Deum,</span> <span class='ocrx_word' id='word_1_194' title='bbox 955 1579 1017 1625; x_wconf 89' lang='lat' dir='ltr'>qui</span> <span class='ocrx_word' id='word_1_195' title='bbox 1043 1591 1078 1612; x_wconf 91' lang='lat' dir='ltr'>se</span> 
     </span>
     <span class='ocr_line' id='line_1_30' title="bbox 76 1630 1080 1680; baseline -0.005 -12"><span class='ocrx_word' id='word_1_196' title='bbox 76 1634 241 1680; x_wconf 83' lang='lat' dir='ltr'>patefecit</span> <span class='ocrx_word' id='word_1_197' title='bbox 256 1633 295 1666; x_wconf 89' lang='lat' dir='ltr'>in</span> <span class='ocrx_word' id='word_1_198' title='bbox 310 1631 468 1667; x_wconf 87' lang='lat' dir='ltr'>Ecclesia</span> <span class='ocrx_word' id='word_1_199' title='bbox 481 1660 491 1673; x_wconf 88' lang='lat'>,</span> <span class='ocrx_word' id='word_1_200' title='bbox 519 1633 582 1679; x_wconf 89' lang='lat' dir='ltr'>qui</span> <span class='ocrx_word' id='word_1_201' title='bbox 601 1639 653 1666; x_wconf 89' lang='lat' dir='ltr'>est</span> <span class='ocrx_word' id='word_1_202' title='bbox 668 1638 771 1677; x_wconf 89' lang='lat' dir='ltr'>pater</span> <span class='ocrx_word' id='word_1_203' title='bbox 788 1631 941 1664; x_wconf 85' lang='lat' dir='ltr'>Domini</span> <span class='ocrx_word' id='word_1_204' title='bbox 963 1630 1080 1664; x_wconf 85' lang='lat' dir='ltr'>nostri</span> 
     </span>
     <span class='ocr_line' id='line_1_31' title="bbox 74 1680 1081 1730; baseline -0.002 -11"><span class='ocrx_word' id='word_1_205' title='bbox 74 1685 154 1720; x_wconf 88' lang='lat' dir='ltr'>Iesu</span> <span class='ocrx_word' id='word_1_206' title='bbox 177 1683 322 1719; x_wconf 85' lang='lat' dir='ltr'>Christi.</span> <span class='ocrx_word' id='word_1_207' title='bbox 385 1684 530 1729; x_wconf 79' lang='grc' dir='ltr'>Φοῖβος</span> <span class='ocrx_word' id='word_1_208' title='bbox 555 1696 572 1716; x_wconf 91' lang='lat' dir='ltr'>a</span> <span class='ocrx_word' id='word_1_209' title='bbox 600 1681 715 1730; x_wconf 79' lang='grc' dir='ltr'><em>φάος,</em></span> <span class='ocrx_word' id='word_1_210' title='bbox 757 1683 899 1723; x_wconf 89' lang='lat' dir='ltr'>lumen,</span> <span class='ocrx_word' id='word_1_211' title='bbox 940 1680 1081 1730; x_wconf 78' lang='grc' dir='ltr'><em>φαίνω,</em></span> 
     </span>
     <span class='ocr_line' id='line_1_32' title="bbox 76 1735 795 1784; baseline -0.001 -15"><span class='ocrx_word' id='word_1_212' title='bbox 76 1735 231 1784; x_wconf 81' lang='grc' dir='ltr'><em>φοῖβος,</em></span> <span class='ocrx_word' id='word_1_213' title='bbox 260 1736 297 1768; x_wconf 92' lang='lat' dir='ltr'>id</span> <span class='ocrx_word' id='word_1_214' title='bbox 314 1741 385 1775; x_wconf 86' lang='lat' dir='ltr'>est,</span> <span class='ocrx_word' id='word_1_215' title='bbox 412 1735 631 1775; x_wconf 87' lang='lat' dir='ltr'>illustrator,</span> <span class='ocrx_word' id='word_1_216' title='bbox 659 1735 795 1768; x_wconf 77' lang='lat' dir='ltr'>lucifer.</span> 
     </span>
    </p>

    <p class='ocr_par' dir='ltr' id='par_1_7' title="bbox 76 1790 1083 2044">
     <span class='ocr_line' id='line_1_33' title="bbox 179 1790 1080 1840; baseline 0 -13"><span class='ocrx_word' id='word_1_217' title='bbox 179 1796 240 1830; x_wconf 86' lang='lat' dir='ltr'>Vs.</span> <span class='ocrx_word' id='word_1_218' title='bbox 258 1796 294 1830; x_wconf 86' lang='grc'>6.</span> <span class='ocrx_word' id='word_1_219' title='bbox 322 1795 512 1840; x_wconf 85' lang='lat' dir='ltr'>Attingens</span> <span class='ocrx_word' id='word_1_220' title='bbox 538 1795 696 1839; x_wconf 89' lang='lat' dir='ltr'>palmam</span> <span class='ocrx_word' id='word_1_221' title='bbox 720 1795 858 1829; x_wconf 87' lang='lat' dir='ltr'>tenellis</span> <span class='ocrx_word' id='word_1_222' title='bbox 880 1790 1080 1840; x_wconf 64' lang='lat' dir='ltr'>manibus]</span> 
     </span>
     <span class='ocr_line' id='line_1_34' title="bbox 76 1843 1081 1890; baseline -0.004 -8"><span class='ocrx_word' id='word_1_223' title='bbox 76 1848 212 1882; x_wconf 87' lang='lat' dir='ltr'>Dicunt</span> <span class='ocrx_word' id='word_1_224' title='bbox 235 1847 436 1887; x_wconf 87' lang='lat' dir='ltr'>Latonam,</span> <span class='ocrx_word' id='word_1_225' title='bbox 478 1848 638 1890; x_wconf 79' lang='lat' dir='ltr'>fugatam</span> <span class='ocrx_word' id='word_1_226' title='bbox 671 1859 689 1879; x_wconf 88' lang='lat' dir='ltr'>a</span> <span class='ocrx_word' id='word_1_227' title='bbox 712 1845 868 1886; x_wconf 91' lang='lat' dir='ltr'>Iunone,</span> <span class='ocrx_word' id='word_1_228' title='bbox 911 1858 986 1879; x_wconf 91' lang='lat' dir='ltr'>non</span> <span class='ocrx_word' id='word_1_229' title='bbox 1018 1843 1081 1878; x_wconf 86' lang='lat' dir='ltr'>ha-</span> 
     </span>
     <span class='ocr_line' id='line_1_35' title="bbox 81 1897 1083 1944; baseline -0.005 -10"><span class='ocrx_word' id='word_1_230' title='bbox 81 1900 198 1934; x_wconf 91' lang='lat' dir='ltr'>buisse</span> <span class='ocrx_word' id='word_1_231' title='bbox 215 1897 412 1944; x_wconf 84' lang='lat' dir='ltr'>hospitium</span> <span class='ocrx_word' id='word_1_232' title='bbox 431 1898 469 1931; x_wconf 92' lang='lat' dir='ltr'>in</span> <span class='ocrx_word' id='word_1_233' title='bbox 479 1904 586 1942; x_wconf 78' lang='lat' dir='ltr'>terra,</span> <span class='ocrx_word' id='word_1_234' title='bbox 617 1898 669 1942; x_wconf 93' lang='lat' dir='ltr'>(id</span> <span class='ocrx_word' id='word_1_235' title='bbox 688 1904 752 1937; x_wconf 86' lang='lat' dir='ltr'>est,</span> <span class='ocrx_word' id='word_1_236' title='bbox 777 1898 829 1931; x_wconf 90' lang='lat' dir='ltr'>sol</span> <span class='ocrx_word' id='word_1_237' title='bbox 848 1904 882 1931; x_wconf 90' lang='lat' dir='ltr'>et</span> <span class='ocrx_word' id='word_1_238' title='bbox 897 1897 982 1930; x_wconf 88' lang='lat' dir='ltr'>luna</span> <span class='ocrx_word' id='word_1_239' title='bbox 1001 1902 1083 1930; x_wconf 88' lang='lat' dir='ltr'>sunt</span> 
     </span>
     <span class='ocr_line' id='line_1_36' title="bbox 82 1947 1081 1996; baseline -0.006 -11"><span class='ocrx_word' id='word_1_240' title='bbox 82 1952 228 1986; x_wconf 87' lang='lat' dir='ltr'>condita</span> <span class='ocrx_word' id='word_1_241' title='bbox 247 1957 330 1984; x_wconf 86' lang='lat' dir='ltr'>ante</span> <span class='ocrx_word' id='word_1_242' title='bbox 349 1951 515 1996; x_wconf 85' lang='lat' dir='ltr'>terram‚)</span> <span class='ocrx_word' id='word_1_243' title='bbox 544 1956 579 1982; x_wconf 87' lang='lat' dir='ltr'>et</span> <span class='ocrx_word' id='word_1_244' title='bbox 604 1951 747 1982; x_wconf 79' lang='lat' dir='ltr'>tandem</span> <span class='ocrx_word' id='word_1_245' title='bbox 776 1950 933 1993; x_wconf 88' lang='lat' dir='ltr'>elapsam</span> <span class='ocrx_word' id='word_1_246' title='bbox 957 1949 995 1980; x_wconf 90' lang='lat' dir='ltr'>in</span> <span class='ocrx_word' id='word_1_247' title='bbox 1012 1947 1081 1980; x_wconf 89' lang='lat' dir='ltr'>De-</span> 
     </span>
     <span class='ocr_line' id='line_1_37' title="bbox 81 1998 1081 2044; baseline -0.005 -7"><span class='ocrx_word' id='word_1_248' title='bbox 81 2005 176 2044; x_wconf 89' lang='lat' dir='ltr'>lum,</span> <span class='ocrx_word' id='word_1_249' title='bbox 202 2003 253 2037; x_wconf 89' lang='lat' dir='ltr'>ibi</span> <span class='ocrx_word' id='word_1_250' title='bbox 269 2002 409 2036; x_wconf 86' lang='lat' dir='ltr'>enixam</span> <span class='ocrx_word' id='word_1_251' title='bbox 431 2014 526 2042; x_wconf 85' lang='lat' dir='ltr'>esse,</span> <span class='ocrx_word' id='word_1_252' title='bbox 554 2007 588 2034; x_wconf 88' lang='lat' dir='ltr'>et</span> <span class='ocrx_word' id='word_1_253' title='bbox 615 2013 695 2035; x_wconf 88' lang='lat' dir='ltr'>cum</span> <span class='ocrx_word' id='word_1_254' title='bbox 717 2001 871 2034; x_wconf 83' lang='lat' dir='ltr'>venisset</span> <span class='ocrx_word' id='word_1_255' title='bbox 897 2000 935 2032; x_wconf 88' lang='lat' dir='ltr'>in</span> <span class='ocrx_word' id='word_1_256' title='bbox 951 1998 1081 2033; x_wconf 91' lang='lat' dir='ltr'>Delum</span> 
     </span>
    </p>
   </div>
   <div class='ocr_carea' id='block_1_6' title="bbox 82 2085 244 2091">
    <p class='ocr_par' dir='ltr' id='par_1_8' title="bbox 82 2085 244 2091">
     <span class='ocr_line' id='line_1_38' title="bbox 82 2085 244 2091; baseline 0 0"><span class='ocrx_word' id='word_1_257' title='bbox 82 2085 244 2091; x_wconf 95' lang='lat' dir='ltr'> </span> 
     </span>
    </p>
   </div>
   <div class='ocr_carea' id='block_1_7' title="bbox 120 2124 1086 2401">
    <p class='ocr_par' dir='ltr' id='par_1_9' title="bbox 120 2124 1086 2401">
     <span class='ocr_line' id='line_1_39' title="bbox 120 2124 1084 2163; baseline -0.011 -7"><span class='ocrx_word' id='word_1_258' title='bbox 120 2131 165 2163; x_wconf 82' lang='lat'>17)</span> <span class='ocrx_word' id='word_1_259' title='bbox 185 2131 244 2155; x_wconf 77' lang='lat' dir='ltr'>Hoc</span> <span class='ocrx_word' id='word_1_260' title='bbox 265 2128 439 2160; x_wconf 85' lang='lat' dir='ltr'>proverbium</span> <span class='ocrx_word' id='word_1_261' title='bbox 457 2127 573 2150; x_wconf 87' lang='lat' dir='ltr'>affertur</span> <span class='ocrx_word' id='word_1_262' title='bbox 594 2126 675 2149; x_wconf 76' lang='lat' dir='ltr'>etiam</span> <span class='ocrx_word' id='word_1_263' title='bbox 696 2126 722 2148; x_wconf 89' lang='lat' dir='ltr'>in</span> <span class='ocrx_word' id='word_1_264' title='bbox 743 2125 818 2148; x_wconf 80' lang='lat' dir='ltr'>hisce</span> <span class='ocrx_word' id='word_1_265' title='bbox 837 2125 928 2148; x_wconf 70' lang='lat' dir='ltr'>libris:</span> <span class='ocrx_word' id='word_1_266' title='bbox 955 2125 982 2147; x_wconf 83' lang='lat' dir='ltr'>J.</span> <span class='ocrx_word' id='word_1_267' title='bbox 1004 2124 1084 2146; x_wconf 72' lang='lat' dir='ltr'>Rise-</span> 
     </span>
     <span class='ocr_line' id='line_1_40' title="bbox 153 2158 1084 2194; baseline -0.011 -4"><span class='ocrx_word' id='word_1_268' title='bbox 153 2167 225 2190; x_wconf 84' lang='lat' dir='ltr'>leiu:</span> <span class='ocrx_word' id='word_1_269' title='bbox 251 2165 294 2188; x_wconf 82' lang='lat' dir='ltr'>die</span> <span class='ocrx_word' id='word_1_270' title='bbox 307 2163 515 2194; x_wconf 75' lang='lat' dir='ltr'>Spricliwfirter</span> <span class='ocrx_word' id='word_1_271' title='bbox 529 2169 554 2186; x_wconf 90' lang='lat' dir='ltr'>u.</span> <span class='ocrx_word' id='word_1_272' title='bbox 570 2161 721 2184; x_wconf 74' lang='lat' dir='ltr'>Sinnreden</span> <span class='ocrx_word' id='word_1_273' title='bbox 743 2161 791 2183; x_wconf 80' lang='lat' dir='ltr'>des</span> <span class='ocrx_word' id='word_1_274' title='bbox 810 2160 957 2183; x_wconf 83' lang='lat' dir='ltr'>deutschen</span> <span class='ocrx_word' id='word_1_275' title='bbox 976 2158 1084 2181; x_wconf 75' lang='lat' dir='ltr'>Volkes</span> 
     </span>
     <span class='ocr_line' id='line_1_41' title="bbox 153 2193 1083 2225; baseline -0.01 -1"><span class='ocrx_word' id='word_1_276' title='bbox 153 2201 179 2224; x_wconf 82' lang='lat' dir='ltr'>in</span> <span class='ocrx_word' id='word_1_277' title='bbox 199 2201 272 2224; x_wconf 86' lang='lat' dir='ltr'>alter</span> <span class='ocrx_word' id='word_1_278' title='bbox 298 2206 324 2224; x_wconf 90' lang='lat' dir='ltr'>u.</span> <span class='ocrx_word' id='word_1_279' title='bbox 350 2204 436 2221; x_wconf 84' lang='lat' dir='ltr'>neuer</span> <span class='ocrx_word' id='word_1_280' title='bbox 455 2197 526 2220; x_wconf 82' lang='lat' dir='ltr'>Zeit.</span> <span class='ocrx_word' id='word_1_281' title='bbox 551 2195 703 2225; x_wconf 71' lang='lat' dir='ltr'>(Freiburg</span> <span class='ocrx_word' id='word_1_282' title='bbox 725 2196 797 2218; x_wconf 69' lang='lat'>1840.</span> <span class='ocrx_word' id='word_1_283' title='bbox 816 2194 858 2221; x_wconf 82' lang='grc'>8,)</span> <span class='ocrx_word' id='word_1_284' title='bbox 879 2201 903 2223; x_wconf 85' lang='lat' dir='ltr'>p.</span> <span class='ocrx_word' id='word_1_285' title='bbox 921 2193 999 2221; x_wconf 65' lang='lat'>4123</span> <span class='ocrx_word' id='word_1_286' title='bbox 1035 2193 1083 2216; x_wconf 59' lang='lat' dir='ltr'>xv.</span> 
     </span>
     <span class='ocr_line' id='line_1_42' title="bbox 154 2227 1085 2262; baseline -0.01 -4"><span class='ocrx_word' id='word_1_287' title='bbox 154 2235 255 2258; x_wconf 69' lang='lat' dir='ltr'>Kfirte:</span> <span class='ocrx_word' id='word_1_288' title='bbox 281 2233 332 2256; x_wconf 90' lang='lat' dir='ltr'>Die</span> <span class='ocrx_word' id='word_1_289' title='bbox 349 2232 553 2262; x_wconf 71' lang='lat' dir='ltr'>Sprichwfirter</span> <span class='ocrx_word' id='word_1_290' title='bbox 572 2237 597 2254; x_wconf 92' lang='lat' dir='ltr'>u.</span> <span class='ocrx_word' id='word_1_291' title='bbox 619 2229 807 2259; x_wconf 65' lang='lat' dir='ltr'>sprivhwijrtl.</span> <span class='ocrx_word' id='word_1_292' title='bbox 822 2228 1015 2251; x_wconf 83' lang='lat' dir='ltr'>Redensarteu</span> <span class='ocrx_word' id='word_1_293' title='bbox 1037 2227 1085 2249; x_wconf 88' lang='lat' dir='ltr'>der</span> 
     </span>
     <span class='ocr_line' id='line_1_43' title="bbox 153 2262 1085 2297; baseline -0.009 -5"><span class='ocrx_word' id='word_1_294' title='bbox 153 2268 319 2293; x_wconf 82' lang='lat' dir='ltr'>Deutschen.</span> <span class='ocrx_word' id='word_1_295' title='bbox 339 2266 452 2297; x_wconf 79' lang='lat' dir='ltr'>(heipz.</span> <span class='ocrx_word' id='word_1_296' title='bbox 475 2265 548 2289; x_wconf 86' lang='grc'>1837.</span> <span class='ocrx_word' id='word_1_297' title='bbox 566 2266 607 2292; x_wconf 82' lang='grc'>8.)</span> <span class='ocrx_word' id='word_1_298' title='bbox 628 2272 652 2294; x_wconf 90' lang='lat' dir='ltr'>p.</span> <span class='ocrx_word' id='word_1_299' title='bbox 667 2264 726 2288; x_wconf 84' lang='grc'>271.</span> <span class='ocrx_word' id='word_1_300' title='bbox 748 2269 789 2287; x_wconf 85' lang='lat' dir='ltr'>nr.</span> <span class='ocrx_word' id='word_1_301' title='bbox 807 2263 903 2291; x_wconf 79' lang='lat'><strong>3720.;</strong></span> <span class='ocrx_word' id='word_1_302' title='bbox 935 2262 985 2286; x_wconf 87' lang='lat' dir='ltr'>Die</span> <span class='ocrx_word' id='word_1_303' title='bbox 1005 2262 1085 2284; x_wconf 85' lang='lat' dir='ltr'>deut-</span> 
     </span>
     <span class='ocr_line' id='line_1_44' title="bbox 155 2297 1086 2328; baseline -0.01 -1"><span class='ocrx_word' id='word_1_304' title='bbox 155 2304 237 2327; x_wconf 81' lang='lat' dir='ltr'>schen</span> <span class='ocrx_word' id='word_1_305' title='bbox 251 2301 447 2326; x_wconf 74' lang='lat' dir='ltr'>Volkshficher</span> <span class='ocrx_word' id='word_1_306' title='bbox 465 2299 626 2328; x_wconf 65' lang='lat' dir='ltr'>gesammelt</span> <span class='ocrx_word' id='word_1_307' title='bbox 647 2305 670 2321; x_wconf 93' lang='lat' dir='ltr'>u.</span> <span class='ocrx_word' id='word_1_308' title='bbox 693 2299 717 2321; x_wconf 89' lang='lat' dir='ltr'>in</span> <span class='ocrx_word' id='word_1_309' title='bbox 738 2298 813 2321; x_wconf 82' lang='lat' dir='ltr'>ihrer</span> <span class='ocrx_word' id='word_1_310' title='bbox 827 2297 987 2327; x_wconf 78' lang='lat' dir='ltr'>ursprfiugl.</span> <span class='ocrx_word' id='word_1_311' title='bbox 1003 2297 1086 2318; x_wconf 80' lang='lat' dir='ltr'>Echt-</span> 
     </span>
     <span class='ocr_line' id='line_1_45' title="bbox 154 2330 1084 2365; baseline -0.009 -3"><span class='ocrx_word' id='word_1_312' title='bbox 154 2338 212 2362; x_wconf 78' lang='lat' dir='ltr'>lieit</span> <span class='ocrx_word' id='word_1_313' title='bbox 223 2335 496 2365; x_wconf 77' lang='lat' dir='ltr'>wiederliergestellt</span> <span class='ocrx_word' id='word_1_314' title='bbox 509 2340 563 2357; x_wconf 80' lang='lat' dir='ltr'>von</span> <span class='ocrx_word' id='word_1_315' title='bbox 577 2334 645 2356; x_wconf 73' lang='lat' dir='ltr'>Kar!</span> <span class='ocrx_word' id='word_1_316' title='bbox 657 2333 792 2357; x_wconf 80' lang='lat' dir='ltr'>simroek.</span> <span class='ocrx_word' id='word_1_317' title='bbox 814 2333 888 2356; x_wconf 79' lang='lat' dir='ltr'>Tom.</span> <span class='ocrx_word' id='word_1_318' title='bbox 899 2331 932 2356; x_wconf 84' lang='lat' dir='ltr'>V.</span> <span class='ocrx_word' id='word_1_319' title='bbox 952 2330 1084 2359; x_wconf 72' lang='lat' dir='ltr'>(Frankf.</span> 
     </span>
     <span class='ocr_line' id='line_1_46' title="bbox 155 2368 663 2401; baseline -0.012 -4"><span class='ocrx_word' id='word_1_320' title='bbox 155 2379 181 2397; x_wconf 88' lang='lat' dir='ltr'>a.</span> <span class='ocrx_word' id='word_1_321' title='bbox 194 2373 230 2396; x_wconf 75' lang='lat' dir='ltr'>M.</span> <span class='ocrx_word' id='word_1_322' title='bbox 252 2371 326 2395; x_wconf 77' lang='lat'>1846.</span> <span class='ocrx_word' id='word_1_323' title='bbox 345 2369 387 2401; x_wconf 88' lang='grc'>8.)</span> <span class='ocrx_word' id='word_1_324' title='bbox 410 2377 433 2399; x_wconf 81' lang='grc' dir='ltr'>ρ.</span> <span class='ocrx_word' id='word_1_325' title='bbox 449 2368 509 2392; x_wconf 82' lang='grc'>287.</span> <span class='ocrx_word' id='word_1_326' title='bbox 529 2368 663 2393; x_wconf 82' lang='lat' dir='ltr'>nr.622·2.</span> 
     </span>
    </p>
   </div>
   <div class='ocr_carea' id='block_1_8' title="bbox 122 2410 690 2444">
    <p class='ocr_par' dir='ltr' id='par_1_10' title="bbox 122 2410 690 2444">
     <span class='ocr_line' id='line_1_47' title="bbox 122 2410 690 2444; baseline -0.011 -4"><span class='ocrx_word' id='word_1_327' title='bbox 122 2416 193 2444; x_wconf 84' lang='lat' dir='ltr'>17a)</span> <span class='ocrx_word' id='word_1_328' title='bbox 214 2415 256 2443; x_wconf 86' lang='lat' dir='ltr'>et]</span> <span class='ocrx_word' id='word_1_329' title='bbox 276 2416 318 2439; x_wconf 87' lang='lat' dir='ltr'>sic</span> <span class='ocrx_word' id='word_1_330' title='bbox 337 2412 455 2442; x_wconf 86' lang='lat' dir='ltr'>scripsi;</span> <span class='ocrx_word' id='word_1_331' title='bbox 476 2410 523 2434; x_wconf 85' lang='lat' dir='ltr'>Ed.</span> <span class='ocrx_word' id='word_1_332' title='bbox 546 2410 620 2433; x_wconf 81' lang='lat'>1560.</span> <span class='ocrx_word' id='word_1_333' title='bbox 641 2413 690 2434; x_wconf 84' lang='lat' dir='ltr'>est.</span> 
     </span>
    </p>
   </div>
   <div class='ocr_carea' id='block_1_9' title="bbox 124 2450 1088 2518">
    <p class='ocr_par' dir='ltr' id='par_1_11' title="bbox 124 2450 1088 2518">
     <span class='ocr_line' id='line_1_48' title="bbox 124 2450 1086 2486; baseline -0.011 -4"><span class='ocrx_word' id='word_1_334' title='bbox 124 2459 170 2486; x_wconf 81' lang='grc'>18)</span> <span class='ocrx_word' id='word_1_335' title='bbox 189 2457 246 2481; x_wconf 79' lang='lat' dir='ltr'>Hos</span> <span class='ocrx_word' id='word_1_336' title='bbox 266 2462 394 2479; x_wconf 83' lang='lat' dir='ltr'>versuum</span> <span class='ocrx_word' id='word_1_337' title='bbox 414 2459 542 2477; x_wconf 82' lang='lat' dir='ltr'>numeros</span> <span class='ocrx_word' id='word_1_338' title='bbox 561 2458 594 2475; x_wconf 82' lang='lat' dir='ltr'>ex</span> <span class='ocrx_word' id='word_1_339' title='bbox 612 2452 661 2474; x_wconf 83' lang='lat' dir='ltr'>Ed.</span> <span class='ocrx_word' id='word_1_340' title='bbox 684 2451 800 2475; x_wconf 79' lang='lat' dir='ltr'>Rekkeri</span> <span class='ocrx_word' id='word_1_341' title='bbox 821 2457 908 2481; x_wconf 84' lang='lat' dir='ltr'>aeque</span> <span class='ocrx_word' id='word_1_342' title='bbox 928 2455 960 2473; x_wconf 77' lang='lat' dir='ltr'>ac</span> <span class='ocrx_word' id='word_1_343' title='bbox 981 2450 1006 2472; x_wconf 80' lang='lat' dir='ltr'>in</span> <span class='ocrx_word' id='word_1_344' title='bbox 1028 2450 1086 2472; x_wconf 71' lang='lat' dir='ltr'>Mc-</span> 
     </span>
     <span class='ocr_line' id='line_1_49' title="bbox 161 2484 1088 2518; baseline -0.01 -3"><span class='ocrx_word' id='word_1_345' title='bbox 161 2491 299 2515; x_wconf 84' lang='lat' dir='ltr'>lanthonis</span> <span class='ocrx_word' id='word_1_346' title='bbox 324 2488 556 2518; x_wconf 77' lang='lat' dir='ltr'>interpretatione</span> <span class='ocrx_word' id='word_1_347' title='bbox 580 2486 761 2516; x_wconf 78' lang='lat' dir='ltr'>praecedente</span> <span class='ocrx_word' id='word_1_348' title='bbox 789 2486 846 2514; x_wconf 76' lang='lat' dir='ltr'>ipse</span> <span class='ocrx_word' id='word_1_349' title='bbox 879 2484 1032 2514; x_wconf 66' lang='lat' dir='ltr'>adscripsi,</span> <span class='ocrx_word' id='word_1_350' title='bbox 1062 2484 1088 2505; x_wconf 87' lang='lat' dir='ltr'>in</span> 
     </span>
    </p>
   </div>
   <div class='ocr_carea' id='block_1_10' title="bbox 466 73 1756 116">
    <p class='ocr_par' dir='ltr' id='par_1_12' title="bbox 466 73 1756 116">
     <span class='ocr_line' id='line_1_50' title="bbox 466 73 1756 116; baseline 0.005 -6"><span class='ocrx_word' id='word_1_351' title='bbox 466 74 654 110; x_wconf 69' lang='lat' dir='ltr'>LXXVIII.</span> <span class='ocrx_word' id='word_1_352' title='bbox 706 73 999 110; x_wconf 85' lang='lat' dir='ltr'>EXPLICATIO</span> <span class='ocrx_word' id='word_1_353' title='bbox 1031 74 1417 110; x_wconf 73' lang='lat' dir='ltr'>SENTENTIARUM</span> <span class='ocrx_word' id='word_1_354' title='bbox 1451 76 1756 116; x_wconf 78' lang='lat' dir='ltr'><strong>THEOGMDIS.</strong></span> 
     </span>
    </p>
   </div>
   <div class='ocr_carea' id='block_1_11' title="bbox 1111 2403 1115 2445">
    <p class='ocr_par' dir='ltr' id='par_1_13' title="bbox 1111 2403 1115 2445">
     <span class='ocr_line' id='line_1_51' title="bbox 1111 2403 1115 2445; baseline 0 0"><span class='ocrx_word' id='word_1_355' title='bbox 1111 2403 1115 2445; x_wconf 76' lang='lat' dir='ltr'>l</span> 
     </span>
    </p>
   </div>
   <div class='ocr_carea' id='block_1_12' title="bbox 1113 2450 1116 2504">
    <p class='ocr_par' dir='ltr' id='par_1_14' title="bbox 1113 2450 1116 2504">
     <span class='ocr_line' id='line_1_52' title="bbox 1113 2450 1115 2465; baseline 0 0"><span class='ocrx_word' id='word_1_356' title='bbox 1113 2450 1115 2465; x_wconf 84' lang='grc' dir='ltr'>ι</span> 
     </span>
     <span class='ocr_line' id='line_1_53' title="bbox 1113 2484 1116 2504; baseline 0 0"><span class='ocrx_word' id='word_1_357' title='bbox 1113 2484 1116 2504; x_wconf 80' lang='lat' dir='ltr'>l</span> 
     </span>
    </p>
   </div>
   <div class='ocr_carea' id='block_1_13' title="bbox 159 2518 1117 2554">
    <p class='ocr_par' dir='ltr' id='par_1_15' title="bbox 159 2518 1117 2554">
     <span class='ocr_line' id='line_1_54' title="bbox 159 2518 1117 2554; baseline -0.009 -5"><span class='ocrx_word' id='word_1_358' title='bbox 159 2527 210 2549; x_wconf 85' lang='lat' dir='ltr'>hac</span> <span class='ocrx_word' id='word_1_359' title='bbox 230 2525 300 2549; x_wconf 90' lang='lat' dir='ltr'>enim</span> <span class='ocrx_word' id='word_1_360' title='bbox 320 2524 383 2548; x_wconf 78' lang='lat' dir='ltr'>Mel.</span> <span class='ocrx_word' id='word_1_361' title='bbox 403 2522 589 2552; x_wconf 81' lang='lat' dir='ltr'>explicatione</span> <span class='ocrx_word' id='word_1_362' title='bbox 607 2526 694 2550; x_wconf 82' lang='lat' dir='ltr'>aeque</span> <span class='ocrx_word' id='word_1_363' title='bbox 718 2525 751 2542; x_wconf 87' lang='lat' dir='ltr'>ac</span> <span class='ocrx_word' id='word_1_364' title='bbox 771 2519 796 2542; x_wconf 90' lang='lat' dir='ltr'>in</span> <span class='ocrx_word' id='word_1_365' title='bbox 817 2520 891 2542; x_wconf 87' lang='lat' dir='ltr'>illius</span> <span class='ocrx_word' id='word_1_366' title='bbox 922 2520 1089 2548; x_wconf 85' lang='lat' dir='ltr'>interpreta—</span> <span class='ocrx_word' id='word_1_367' title='bbox 1114 2518 1117 2554; x_wconf 68' lang='grc'>1</span> 
     </span>
    </p>
   </div>
   <div class='ocr_carea' id='block_1_14' title="bbox 158 2553 1001 2584">
    <p class='ocr_par' dir='ltr' id='par_1_16' title="bbox 158 2553 1001 2584">
     <span class='ocr_line' id='line_1_55' title="bbox 158 2553 1001 2584; baseline -0.009 0"><span class='ocrx_word' id='word_1_368' title='bbox 158 2560 243 2584; x_wconf 84' lang='lat' dir='ltr'>tionis</span> <span class='ocrx_word' id='word_1_369' title='bbox 267 2558 433 2582; x_wconf 84' lang='lat' dir='ltr'>editionibus</span> <span class='ocrx_word' id='word_1_370' title='bbox 457 2562 587 2580; x_wconf 85' lang='lat' dir='ltr'>versuum</span> <span class='ocrx_word' id='word_1_371' title='bbox 607 2554 712 2578; x_wconf 87' lang='lat' dir='ltr'>numeri</span> <span class='ocrx_word' id='word_1_372' title='bbox 743 2559 796 2577; x_wconf 88' lang='lat' dir='ltr'>non</span> <span class='ocrx_word' id='word_1_373' title='bbox 814 2553 1001 2577; x_wconf 85' lang='lat' dir='ltr'>inveniuntur.</span> 
     </span>
    </p>
   </div>
   <div class='ocr_carea' id='block_1_15' title="bbox 126 2596 1121 2641">
    <p class='ocr_par' dir='ltr' id='par_1_17' title="bbox 126 2596 1121 2641">
     <span class='ocr_line' id='line_1_56' title="bbox 126 2596 1121 2641; baseline -0.011 -14"><span class='ocrx_word' id='word_1_374' title='bbox 126 2603 174 2631; x_wconf 75' lang='lat'>19)</span> <span class='ocrx_word' id='word_1_375' title='bbox 193 2600 479 2631; x_wconf 71' lang='lat' dir='ltr'>Gregorii&#39;rheologi.</span> <span class='ocrx_word' id='word_1_376' title='bbox 499 2599 583 2623; x_wconf 64' lang='lat' dir='ltr'>vulgo</span> <span class='ocrx_word' id='word_1_377' title='bbox 594 2596 779 2621; x_wconf 73' lang='lat' dir='ltr'>Nazianzeni.</span> <span class='ocrx_word' id='word_1_378' title='bbox 798 2596 1091 2626; x_wconf 75' lang='lat' dir='ltr'>ArchiepiscopiCmi-</span> <span class='ocrx_word' id='word_1_379' title='bbox 1117 2615 1121 2641; x_wconf 44' lang='grc' dir='ltr'>ί</span> 
     </span>
    </p>
   </div>
   <div class='ocr_carea' id='block_1_16' title="bbox 161 2628 1094 2734">
    <p class='ocr_par' dir='ltr' id='par_1_18' title="bbox 161 2628 1094 2734">
     <span class='ocr_line' id='line_1_57' title="bbox 161 2628 1094 2666; baseline -0.009 -7"><span class='ocrx_word' id='word_1_380' title='bbox 161 2636 418 2666; x_wconf 82' lang='lat' dir='ltr'>stautinopolitani.</span> <span class='ocrx_word' id='word_1_381' title='bbox 450 2634 580 2657; x_wconf 84' lang='lat' dir='ltr'>carminis</span> <span class='ocrx_word' id='word_1_382' title='bbox 601 2632 690 2655; x_wconf 80' lang='lat' dir='ltr'>XXX.</span> <span class='ocrx_word' id='word_1_383' title='bbox 712 2638 753 2653; x_wconf 72' lang='lat' dir='ltr'>VS.</span> <span class='ocrx_word' id='word_1_384' title='bbox 774 2631 812 2657; x_wconf 85' lang='lat' dir='ltr'>l.,</span> <span class='ocrx_word' id='word_1_385' title='bbox 846 2628 873 2652; x_wconf 89' lang='lat' dir='ltr'>in</span> <span class='ocrx_word' id='word_1_386' title='bbox 892 2631 952 2654; x_wconf 80' lang='lat' dir='ltr'>eius</span> <span class='ocrx_word' id='word_1_387' title='bbox 973 2630 1094 2660; x_wconf 85' lang='lat' dir='ltr'>Operum</span> 
     </span>
     <span class='ocr_line' id='line_1_58' title="bbox 164 2664 1094 2695; baseline -0.011 -1"><span class='ocrx_word' id='word_1_388' title='bbox 164 2670 284 2694; x_wconf 78' lang='lat' dir='ltr'>Tom.11.</span> <span class='ocrx_word' id='word_1_389' title='bbox 305 2671 345 2695; x_wconf 75' lang='lat' dir='ltr'>ed.</span> <span class='ocrx_word' id='word_1_390' title='bbox 366 2669 473 2694; x_wconf 84' lang='lat' dir='ltr'>Caillau</span> <span class='ocrx_word' id='word_1_391' title='bbox 495 2667 626 2694; x_wconf 77' lang='lat' dir='ltr'>(Parisiis</span> <span class='ocrx_word' id='word_1_392' title='bbox 647 2666 719 2690; x_wconf 59' lang='lat'>1840.</span> <span class='ocrx_word' id='word_1_393' title='bbox 742 2665 816 2692; x_wconf 80' lang='lat' dir='ltr'>Fol.)</span> <span class='ocrx_word' id='word_1_394' title='bbox 843 2672 867 2691; x_wconf 86' lang='lat' dir='ltr'>p.</span> <span class='ocrx_word' id='word_1_395' title='bbox 881 2665 957 2688; x_wconf 67' lang='grc'>583..</span> <span class='ocrx_word' id='word_1_396' title='bbox 990 2665 1031 2687; x_wconf 67' lang='lat' dir='ltr'>ubi</span> <span class='ocrx_word' id='word_1_397' title='bbox 1052 2664 1094 2686; x_wconf 65' lang='lat' dir='ltr'>liic</span> 
     </span>
     <span class='ocr_line' id='line_1_59' title="bbox 164 2696 1093 2734; baseline -0.008 -6"><span class='ocrx_word' id='word_1_398' title='bbox 164 2711 262 2728; x_wconf 82' lang='lat' dir='ltr'>versus</span> <span class='ocrx_word' id='word_1_399' title='bbox 283 2705 325 2728; x_wconf 85' lang='lat' dir='ltr'>sic</span> <span class='ocrx_word' id='word_1_400' title='bbox 344 2704 461 2734; x_wconf 78' lang='lat' dir='ltr'>legitur:</span> <span class='ocrx_word' id='word_1_401' title='bbox 482 2699 583 2733; x_wconf 68' lang='grc' dir='ltr'><em>Ἀρχὴν</em></span> <span class='ocrx_word' id='word_1_402' title='bbox 601 2698 735 2724; x_wconf 63' lang='lat' dir='ltr'>ciminum</span> <span class='ocrx_word' id='word_1_403' title='bbox 754 2697 798 2722; x_wconf 76' lang='grc' dir='ltr'>καὶ</span> <span class='ocrx_word' id='word_1_404' title='bbox 819 2698 894 2726; x_wconf 76' lang='grc' dir='ltr'><strong><em>τέλος</em></strong></span> <span class='ocrx_word' id='word_1_405' title='bbox 911 2699 993 2722; x_wconf 81' lang='grc' dir='ltr'>ποιοῦ</span> <span class='ocrx_word' id='word_1_406' title='bbox 1013 2696 1093 2722; x_wconf 67' lang='grc' dir='ltr'><em>Θεὸν.</em></span> 
     </span>
    </p>
   </div>
   <div class='ocr_carea' id='block_1_17' title="bbox 92 2743 628 2779">
    <p class='ocr_par' dir='ltr' id='par_1_19' title="bbox 92 2743 628 2779">
     <span class='ocr_line' id='line_1_60' title="bbox 92 2743 628 2779; baseline -0.013 0"><span class='ocrx_word' id='word_1_407' title='bbox 92 2748 276 2779; x_wconf 62' lang='grc' dir='ltr'>ΜειΑκτΗ.</span> <span class='ocrx_word' id='word_1_408' title='bbox 301 2746 407 2776; x_wconf 64' lang='lat' dir='ltr'>Oeen.</span> <span class='ocrx_word' id='word_1_409' title='bbox 433 2745 515 2774; x_wconf 68' lang='lat' dir='ltr'>Vm„</span> <span class='ocrx_word' id='word_1_410' title='bbox 542 2743 628 2772; x_wconf 70' lang='lat' dir='ltr'>xlx.</span> 
     </span>
    </p>
   </div>
   <div class='ocr_carea' id='block_1_18' title="bbox 1115 2556 1119 2604">
    <p class='ocr_par' dir='ltr' id='par_1_20' title="bbox 1115 2556 1119 2604">
     <span class='ocr_line' id='line_1_61' title="bbox 1115 2556 1119 2604; baseline 0 0"><span class='ocrx_word' id='word_1_411' title='bbox 1115 2556 1119 2604; x_wconf 76' lang='lat' dir='ltr'>l</span> 
     </span>
    </p>
   </div>
   <div class='ocr_carea' id='block_1_19' title="bbox 1118 2645 1124 2712">
    <p class='ocr_par' dir='ltr' id='par_1_21' title="bbox 1118 2645 1124 2712">
     <span class='ocr_line' id='line_1_62' title="bbox 1118 2645 1124 2712; baseline 0 293"><span class='ocrx_word' id='word_1_412' title='bbox 1118 2645 1124 2712; x_wconf 95' lang='lat' dir='ltr'> </span> 
     </span>
    </p>
   </div>
   <div class='ocr_carea' id='block_1_20' title="bbox 2103 86 2152 121">
    <p class='ocr_par' dir='ltr' id='par_1_22' title="bbox 2103 86 2152 121">
     <span class='ocr_line' id='line_1_63' title="bbox 2103 86 2152 121; baseline 0.02 -1"><span class='ocrx_word' id='word_1_413' title='bbox 2103 86 2152 121; x_wconf 84' lang='lat'>66</span> 
     </span>
    </p>
   </div>
   <div class='ocr_carea' id='block_1_21' title="bbox 1136 162 2143 508">
    <p class='ocr_par' dir='ltr' id='par_1_23' title="bbox 1136 162 2143 508">
     <span class='ocr_line' id='line_1_64' title="bbox 1146 162 2143 214; baseline 0.009 -19"><span class='ocrx_word' id='word_1_414' title='bbox 1146 163 1440 206; x_wconf 87' lang='lat' dir='ltr'>perterrefactam</span> <span class='ocrx_word' id='word_1_415' title='bbox 1459 174 1479 196; x_wconf 91' lang='lat' dir='ltr'>a</span> <span class='ocrx_word' id='word_1_416' title='bbox 1494 162 1651 205; x_wconf 88' lang='lat' dir='ltr'>Iunone,</span> <span class='ocrx_word' id='word_1_417' title='bbox 1679 164 1956 211; x_wconf 87' lang='lat' dir='ltr'>apprehendisse</span> <span class='ocrx_word' id='word_1_418' title='bbox 1973 170 2143 214; x_wconf 85' lang='lat' dir='ltr'>palmam,</span> 
     </span>
     <span class='ocr_line' id='line_1_65' title="bbox 1143 214 2140 267; baseline 0.008 -19"><span class='ocrx_word' id='word_1_419' title='bbox 1143 221 1178 248; x_wconf 84' lang='lat' dir='ltr'>et</span> <span class='ocrx_word' id='word_1_420' title='bbox 1194 214 1244 248; x_wconf 88' lang='lat' dir='ltr'>ibi</span> <span class='ocrx_word' id='word_1_421' title='bbox 1262 227 1335 250; x_wconf 88' lang='lat' dir='ltr'>esse</span> <span class='ocrx_word' id='word_1_422' title='bbox 1353 215 1507 250; x_wconf 82' lang='lat' dir='ltr'>enixam.</span> <span class='ocrx_word' id='word_1_423' title='bbox 1563 215 1678 250; x_wconf 90' lang='lat' dir='ltr'>Credo</span> <span class='ocrx_word' id='word_1_424' title='bbox 1695 216 1763 252; x_wconf 89' lang='lat' dir='ltr'>hoc</span> <span class='ocrx_word' id='word_1_425' title='bbox 1779 220 1912 253; x_wconf 83' lang='lat' dir='ltr'>factum</span> <span class='ocrx_word' id='word_1_426' title='bbox 1937 232 2028 262; x_wconf 89' lang='lat' dir='ltr'>esse,</span> <span class='ocrx_word' id='word_1_427' title='bbox 2057 223 2140 267; x_wconf 88' lang='lat' dir='ltr'>quia</span> 
     </span>
     <span class='ocr_line' id='line_1_66' title="bbox 1141 267 2139 317; baseline 0.006 -19"><span class='ocrx_word' id='word_1_428' title='bbox 1141 277 1201 299; x_wconf 82' lang='lat' dir='ltr'>ara</span> <span class='ocrx_word' id='word_1_429' title='bbox 1220 267 1317 301; x_wconf 88' lang='lat' dir='ltr'>stetit</span> <span class='ocrx_word' id='word_1_430' title='bbox 1335 268 1379 300; x_wconf 92' lang='lat' dir='ltr'>ad</span> <span class='ocrx_word' id='word_1_431' title='bbox 1398 267 1569 312; x_wconf 87' lang='lat' dir='ltr'>palmam.</span> <span class='ocrx_word' id='word_1_432' title='bbox 1623 269 1676 309; x_wconf 61' lang='lat' dir='ltr'>Su</span> <span class='ocrx_word' id='word_1_433' title='bbox 1694 270 1782 306; x_wconf 57' lang='grc' dir='ltr'>Ώεῐο</span> <span class='ocrx_word' id='word_1_434' title='bbox 1808 271 1845 313; x_wconf 76' lang='lat' dir='ltr'>ist</span> <span class='ocrx_word' id='word_1_435' title='bbox 1871 273 1922 307; x_wconf 80' lang='lat' dir='ltr'>ein</span> <span class='ocrx_word' id='word_1_436' title='bbox 1945 276 2026 317; x_wconf 67' lang='lat'><strong>91:05</strong></span> <span class='ocrx_word' id='word_1_437' title='bbox 2045 274 2139 310; x_wconf 61' lang='lat'>2831:</span> 
     </span>
     <span class='ocr_line' id='line_1_67' title="bbox 1139 316 2138 364; baseline 0.006 -11"><span class='ocrx_word' id='word_1_438' title='bbox 1139 316 1208 361; x_wconf 68' lang='lat' dir='ltr'>fort</span> <span class='ocrx_word' id='word_1_439' title='bbox 1235 317 1391 364; x_wconf 71' lang='lat' dir='ltr'>gemesen.</span> <span class='ocrx_word' id='word_1_440' title='bbox 1454 318 1508 352; x_wconf 79' lang='lat' dir='ltr'>Ex</span> <span class='ocrx_word' id='word_1_441' title='bbox 1531 317 1677 364; x_wconf 75' lang='lat' dir='ltr'>Scythia</span> <span class='ocrx_word' id='word_1_442' title='bbox 1707 328 1790 355; x_wconf 91' lang='lat' dir='ltr'>sunt</span> <span class='ocrx_word' id='word_1_443' title='bbox 1820 334 1861 356; x_wconf 90' lang='lat' dir='ltr'>eo</span> <span class='ocrx_word' id='word_1_444' title='bbox 1895 323 2001 357; x_wconf 89' lang='lat' dir='ltr'>allata</span> <span class='ocrx_word' id='word_1_445' title='bbox 2031 325 2138 360; x_wconf 92' lang='lat' dir='ltr'>dona.</span> 
     </span>
     <span class='ocr_line' id='line_1_68' title="bbox 1138 369 2139 417; baseline 0.009 -15"><span class='ocrx_word' id='word_1_446' title='bbox 1138 369 1264 403; x_wconf 88' lang='lat' dir='ltr'>Palma</span> <span class='ocrx_word' id='word_1_447' title='bbox 1291 371 1329 404; x_wconf 92' lang='lat' dir='ltr'>in</span> <span class='ocrx_word' id='word_1_448' title='bbox 1353 370 1558 405; x_wconf 89' lang='lat' dir='ltr'>Palaestina</span> <span class='ocrx_word' id='word_1_449' title='bbox 1583 371 1697 416; x_wconf 83' lang='lat' dir='ltr'>gignit</span> <span class='ocrx_word' id='word_1_450' title='bbox 1719 375 2031 417; x_wconf 87' lang='lat' dir='ltr'>generosissimum</span> <span class='ocrx_word' id='word_1_451' title='bbox 2065 377 2139 411; x_wconf 87' lang='lat' dir='ltr'>fru-</span> 
     </span>
     <span class='ocr_line' id='line_1_69' title="bbox 1138 424 2137 462; baseline 0.008 -8"><span class='ocrx_word' id='word_1_452' title='bbox 1138 428 1254 461; x_wconf 85' lang='lat' dir='ltr'>ctum,</span> <span class='ocrx_word' id='word_1_453' title='bbox 1281 429 1425 456; x_wconf 90' lang='lat' dir='ltr'>nostrae</span> <span class='ocrx_word' id='word_1_454' title='bbox 1450 429 1533 457; x_wconf 89' lang='lat' dir='ltr'>sunt</span> <span class='ocrx_word' id='word_1_455' title='bbox 1559 424 1707 458; x_wconf 89' lang='lat' dir='ltr'>steriles.</span> <span class='ocrx_word' id='word_1_456' title='bbox 1762 424 1916 459; x_wconf 87' lang='lat' dir='ltr'>Pulchre</span> <span class='ocrx_word' id='word_1_457' title='bbox 1942 427 2068 461; x_wconf 88' lang='lat' dir='ltr'>alludit</span> <span class='ocrx_word' id='word_1_458' title='bbox 2094 430 2137 462; x_wconf 90' lang='lat' dir='ltr'>ad</span> 
     </span>
     <span class='ocr_line' id='line_1_70' title="bbox 1136 473 1375 508; baseline 0.008 -2"><span class='ocrx_word' id='word_1_459' title='bbox 1136 473 1261 506; x_wconf 90' lang='lat' dir='ltr'>lumen</span> <span class='ocrx_word' id='word_1_460' title='bbox 1278 474 1375 508; x_wconf 89' lang='lat' dir='ltr'>solis.</span> 
     </span>
    </p>
   </div>
   <div class='ocr_carea' id='block_1_22' title="bbox 1134 532 2140 686">
    <p class='ocr_par' dir='ltr' id='par_1_24' title="bbox 1134 532 2140 686">
     <span class='ocr_line' id='line_1_71' title="bbox 1238 532 2140 587; baseline 0.008 -21"><span class='ocrx_word' id='word_1_461' title='bbox 1238 532 1297 567; x_wconf 70' lang='lat' dir='ltr'>Vs.</span> <span class='ocrx_word' id='word_1_462' title='bbox 1317 534 1350 568; x_wconf 88' lang='lat'>7.</span> <span class='ocrx_word' id='word_1_463' title='bbox 1385 534 1440 568; x_wconf 88' lang='lat' dir='ltr'>Ad</span> <span class='ocrx_word' id='word_1_464' title='bbox 1464 536 1632 579; x_wconf 89' lang='lat' dir='ltr'>paludem</span> <span class='ocrx_word' id='word_1_465' title='bbox 1655 537 1869 577; x_wconf 80' lang='lat' dir='ltr'>rotundam,</span> <span class='ocrx_word' id='word_1_466' title='bbox 1893 537 2101 573; x_wconf 88' lang='lat' dir='ltr'>circularem</span> <span class='ocrx_word' id='word_1_467' title='bbox 2111 539 2140 587; x_wconf 90' lang='lat'>,]</span> 
     </span>
     <span class='ocr_line' id='line_1_72' title="bbox 1135 584 2138 630; baseline 0.007 -12"><span class='ocrx_word' id='word_1_468' title='bbox 1135 584 1220 630; x_wconf 86' lang='lat' dir='ltr'>quia</span> <span class='ocrx_word' id='word_1_469' title='bbox 1239 584 1367 618; x_wconf 90' lang='lat' dir='ltr'>dicunt</span> <span class='ocrx_word' id='word_1_470' title='bbox 1378 587 1548 630; x_wconf 78' lang='lat' dir='ltr'>paludem</span> <span class='ocrx_word' id='word_1_471' title='bbox 1566 587 1704 621; x_wconf 83' lang='lat' dir='ltr'>ambire</span> <span class='ocrx_word' id='word_1_472' title='bbox 1723 594 1837 621; x_wconf 88' lang='lat' dir='ltr'>totam</span> <span class='ocrx_word' id='word_1_473' title='bbox 1857 588 2026 625; x_wconf 76' lang='lat' dir='ltr'>insulan).</span> <span class='ocrx_word' id='word_1_474' title='bbox 2063 591 2138 625; x_wconf 81' lang='lat' dir='ltr'>Hoc</span> 
     </span>
     <span class='ocr_line' id='line_1_73' title="bbox 1134 636 2018 686; baseline 0.008 -18"><span class='ocrx_word' id='word_1_475' title='bbox 1134 636 1243 669; x_wconf 84' lang='lat' dir='ltr'>etiam</span> <span class='ocrx_word' id='word_1_476' title='bbox 1263 643 1314 670; x_wconf 90' lang='lat' dir='ltr'>est</span> <span class='ocrx_word' id='word_1_477' title='bbox 1336 637 1375 669; x_wconf 89' lang='lat' dir='ltr'>in</span> <span class='ocrx_word' id='word_1_478' title='bbox 1391 637 1611 672; x_wconf 87' lang='lat' dir='ltr'>Callimacho</span> <span class='ocrx_word' id='word_1_479' title='bbox 1623 639 1686 684; x_wconf 75' lang='lat' dir='ltr'>l⁹³)</span> <span class='ocrx_word' id='word_1_480' title='bbox 1703 640 1793 673; x_wconf 91' lang='lat' dir='ltr'>sicut</span> <span class='ocrx_word' id='word_1_481' title='bbox 1810 647 1844 674; x_wconf 90' lang='lat' dir='ltr'>et</span> <span class='ocrx_word' id='word_1_482' title='bbox 1867 640 2018 686; x_wconf 73' lang='lat' dir='ltr'>reliqua,</span> 
     </span>
    </p>
   </div>
   <div class='ocr_carea' id='block_1_23' title="bbox 1130 695 2138 1838">
    <p class='ocr_par' dir='ltr' id='par_1_25' title="bbox 1130 695 2136 1195">
     <span class='ocr_line' id='line_1_74' title="bbox 1236 695 2135 743; baseline 0.004 -13"><span class='ocrx_word' id='word_1_483' title='bbox 1236 695 1359 730; x_wconf 84' lang='lat' dir='ltr'>Vss.8.</span> <span class='ocrx_word' id='word_1_484' title='bbox 1377 696 1411 731; x_wconf 85' lang='lat'>9.</span> <span class='ocrx_word' id='word_1_485' title='bbox 1439 696 1549 732; x_wconf 87' lang='lat' dir='ltr'>Delus</span> <span class='ocrx_word' id='word_1_486' title='bbox 1567 699 1714 743; x_wconf 89' lang='lat' dir='ltr'>impleta</span> <span class='ocrx_word' id='word_1_487' title='bbox 1734 706 1785 733; x_wconf 89' lang='lat' dir='ltr'>est</span> <span class='ocrx_word' id='word_1_488' title='bbox 1794 701 1906 733; x_wconf 87' lang='lat' dir='ltr'>odore</span> <span class='ocrx_word' id='word_1_489' title='bbox 1926 700 2062 742; x_wconf 81' lang='lat' dir='ltr'>divino,</span> <span class='ocrx_word' id='word_1_490' title='bbox 2089 701 2135 735; x_wconf 89' lang='lat' dir='ltr'>ri-</span> 
     </span>
     <span class='ocr_line' id='line_1_75' title="bbox 1133 746 2133 796; baseline 0.007 -15"><span class='ocrx_word' id='word_1_491' title='bbox 1133 747 1178 782; x_wconf 87' lang='lat' dir='ltr'>sit</span> <span class='ocrx_word' id='word_1_492' title='bbox 1194 746 1322 796; x_wconf 87' lang='lat' dir='ltr'>terra.]</span> <span class='ocrx_word' id='word_1_493' title='bbox 1350 747 1554 795; x_wconf 74' lang='grc' dir='ltr'><em>Πὲλωρον,</em></span> <span class='ocrx_word' id='word_1_494' title='bbox 1578 754 1651 786; x_wconf 62' lang='grc' dir='ltr'>ωας</span> <span class='ocrx_word' id='word_1_495' title='bbox 1670 761 1748 786; x_wconf 73' lang='lat' dir='ltr'>man</span> <span class='ocrx_word' id='word_1_496' title='bbox 1766 751 1836 795; x_wconf 69' lang='lat' dir='ltr'>fetu</span> <span class='ocrx_word' id='word_1_497' title='bbox 1856 751 1954 796; x_wconf 65' lang='lat' dir='ltr'>siebt„</span> <span class='ocrx_word' id='word_1_498' title='bbox 1983 765 2000 785; x_wconf 89' lang='lat' dir='ltr'>a</span> <span class='ocrx_word' id='word_1_499' title='bbox 2023 751 2133 793; x_wconf 76' lang='grc' dir='ltr'><em>πέλας</em></span> 
     </span>
     <span class='ocr_line' id='line_1_76' title="bbox 1134 797 2134 845; baseline 0.007 -13"><span class='ocrx_word' id='word_1_500' title='bbox 1134 806 1167 832; x_wconf 90' lang='lat' dir='ltr'>et</span> <span class='ocrx_word' id='word_1_501' title='bbox 1183 797 1290 845; x_wconf 77' lang='grc' dir='ltr'><strong><em>ὁρᾶν.</em></strong></span> <span class='ocrx_word' id='word_1_502' title='bbox 1343 799 1405 833; x_wconf 82' lang='grc'>801</span> <span class='ocrx_word' id='word_1_503' title='bbox 1421 807 1473 834; x_wconf 89' lang='lat' dir='ltr'>est</span> <span class='ocrx_word' id='word_1_504' title='bbox 1489 801 1611 834; x_wconf 88' lang='lat' dir='ltr'>lumen</span> <span class='ocrx_word' id='word_1_505' title='bbox 1628 803 1755 835; x_wconf 89' lang='lat' dir='ltr'>mundi</span> <span class='ocrx_word' id='word_1_506' title='bbox 1772 809 1806 836; x_wconf 91' lang='lat' dir='ltr'>et</span> <span class='ocrx_word' id='word_1_507' title='bbox 1821 803 1895 837; x_wconf 90' lang='lat' dir='ltr'>sine</span> <span class='ocrx_word' id='word_1_508' title='bbox 1912 804 1980 837; x_wconf 85' lang='lat' dir='ltr'>isto</span> <span class='ocrx_word' id='word_1_509' title='bbox 2000 804 2134 839; x_wconf 84' lang='lat' dir='ltr'>lumine</span> 
     </span>
     <span class='ocr_line' id='line_1_77' title="bbox 1133 851 2134 898; baseline 0.006 -13"><span class='ocrx_word' id='word_1_510' title='bbox 1133 851 1220 897; x_wconf 91' lang='lat' dir='ltr'>quid</span> <span class='ocrx_word' id='word_1_511' title='bbox 1236 857 1351 885; x_wconf 88' lang='lat' dir='ltr'>essent</span> <span class='ocrx_word' id='word_1_512' title='bbox 1373 851 1537 885; x_wconf 80' lang='lat' dir='ltr'>caetera?</span> <span class='ocrx_word' id='word_1_513' title='bbox 1591 851 1653 886; x_wconf 77' lang='lat' dir='ltr'>Illa</span> <span class='ocrx_word' id='word_1_514' title='bbox 1680 855 1876 898; x_wconf 90' lang='lat' dir='ltr'>corporalis</span> <span class='ocrx_word' id='word_1_515' title='bbox 1898 854 1957 888; x_wconf 85' lang='lat' dir='ltr'>lux</span> <span class='ocrx_word' id='word_1_516' title='bbox 1981 862 2033 889; x_wconf 86' lang='lat' dir='ltr'>est</span> <span class='ocrx_word' id='word_1_517' title='bbox 2055 869 2134 890; x_wconf 90' lang='lat' dir='ltr'>um-</span> 
     </span>
     <span class='ocr_line' id='line_1_78' title="bbox 1132 903 2133 951; baseline 0.005 -15"><span class='ocrx_word' id='word_1_518' title='bbox 1132 904 1196 936; x_wconf 88' lang='lat' dir='ltr'>bra</span> <span class='ocrx_word' id='word_1_519' title='bbox 1214 909 1382 936; x_wconf 90' lang='lat' dir='ltr'>aeternae</span> <span class='ocrx_word' id='word_1_520' title='bbox 1398 903 1497 937; x_wconf 88' lang='lat' dir='ltr'>lucis.</span> <span class='ocrx_word' id='word_1_521' title='bbox 1538 904 1717 949; x_wconf 88' lang='lat' dir='ltr'>Scriptum</span> <span class='ocrx_word' id='word_1_522' title='bbox 1735 905 1837 938; x_wconf 86' lang='lat' dir='ltr'>dicit:</span> <span class='ocrx_word' id='word_1_523' title='bbox 1871 906 1968 939; x_wconf 90' lang='lat' dir='ltr'>Sicut</span> <span class='ocrx_word' id='word_1_524' title='bbox 1983 919 2133 951; x_wconf 89' lang='lat' dir='ltr'>sponsus</span> 
     </span>
     <span class='ocr_line' id='line_1_79' title="bbox 1133 953 2133 1003; baseline 0.005 -15"><span class='ocrx_word' id='word_1_525' title='bbox 1133 955 1314 998; x_wconf 83' lang='lat' dir='ltr'>egreditur</span> <span class='ocrx_word' id='word_1_526' title='bbox 1330 956 1373 988; x_wconf 92' lang='lat' dir='ltr'>de</span> <span class='ocrx_word' id='word_1_527' title='bbox 1392 953 1622 1001; x_wconf 61' lang='lat' dir='ltr'>thalamoffi).</span> <span class='ocrx_word' id='word_1_528' title='bbox 1656 955 1752 989; x_wconf 89' lang='lat' dir='ltr'>Dicit</span> <span class='ocrx_word' id='word_1_529' title='bbox 1771 958 1812 990; x_wconf 91' lang='lat' dir='ltr'>de</span> <span class='ocrx_word' id='word_1_530' title='bbox 1829 958 1915 997; x_wconf 89' lang='lat' dir='ltr'>sole,</span> <span class='ocrx_word' id='word_1_531' title='bbox 1933 958 2133 1003; x_wconf 83' lang='lat' dir='ltr'>intelligens</span> 
     </span>
     <span class='ocr_line' id='line_1_80' title="bbox 1131 1006 2136 1054; baseline 0.006 -15"><span class='ocrx_word' id='word_1_532' title='bbox 1131 1007 1243 1040; x_wconf 88' lang='lat' dir='ltr'>filium</span> <span class='ocrx_word' id='word_1_533' title='bbox 1260 1006 1340 1040; x_wconf 90' lang='lat' dir='ltr'>Dei.</span> <span class='ocrx_word' id='word_1_534' title='bbox 1375 1006 1471 1040; x_wconf 87' lang='lat' dir='ltr'>Fieri</span> <span class='ocrx_word' id='word_1_535' title='bbox 1496 1014 1629 1052; x_wconf 84' lang='lat' dir='ltr'>potest,</span> <span class='ocrx_word' id='word_1_536' title='bbox 1656 1009 1753 1054; x_wconf 89' lang='lat' dir='ltr'>quod</span> <span class='ocrx_word' id='word_1_537' title='bbox 1777 1008 1885 1053; x_wconf 87' lang='lat' dir='ltr'>primi</span> <span class='ocrx_word' id='word_1_538' title='bbox 1910 1015 2029 1054; x_wconf 85' lang='lat' dir='ltr'>patres</span> <span class='ocrx_word' id='word_1_539' title='bbox 2054 1017 2136 1045; x_wconf 85' lang='lat' dir='ltr'>sunt</span> 
     </span>
     <span class='ocr_line' id='line_1_81' title="bbox 1132 1056 2133 1105; baseline 0.005 -15"><span class='ocrx_word' id='word_1_540' title='bbox 1132 1058 1243 1091; x_wconf 86' lang='lat' dir='ltr'>multa</span> <span class='ocrx_word' id='word_1_541' title='bbox 1261 1056 1507 1103; x_wconf 88' lang='lat' dir='ltr'>philosophati</span> <span class='ocrx_word' id='word_1_542' title='bbox 1528 1061 1570 1092; x_wconf 94' lang='lat' dir='ltr'>de</span> <span class='ocrx_word' id='word_1_543' title='bbox 1591 1060 1683 1099; x_wconf 84' lang='lat' dir='ltr'>sole,</span> <span class='ocrx_word' id='word_1_544' title='bbox 1711 1072 1802 1105; x_wconf 87' lang='lat' dir='ltr'>quae</span> <span class='ocrx_word' id='word_1_545' title='bbox 1826 1067 1909 1094; x_wconf 91' lang='lat' dir='ltr'>sunt</span> <span class='ocrx_word' id='word_1_546' title='bbox 1933 1067 2071 1095; x_wconf 87' lang='lat' dir='ltr'>mutata</span> <span class='ocrx_word' id='word_1_547' title='bbox 2096 1062 2133 1094; x_wconf 92' lang='lat' dir='ltr'>in</span> 
     </span>
     <span class='ocr_line' id='line_1_82' title="bbox 1132 1109 2133 1156; baseline 0.005 -14"><span class='ocrx_word' id='word_1_548' title='bbox 1132 1109 1436 1155; x_wconf 60' lang='lat' dir='ltr'>idololatricam),</span> <span class='ocrx_word' id='word_1_549' title='bbox 1464 1110 1555 1144; x_wconf 89' lang='lat' dir='ltr'>sicut</span> <span class='ocrx_word' id='word_1_550' title='bbox 1575 1111 1611 1143; x_wconf 87' lang='lat' dir='ltr'>in</span> <span class='ocrx_word' id='word_1_551' title='bbox 1636 1110 1794 1145; x_wconf 87' lang='lat' dir='ltr'>Ecclesia</span> <span class='ocrx_word' id='word_1_552' title='bbox 1822 1112 1921 1156; x_wconf 84' lang='lat' dir='ltr'>signa</span> <span class='ocrx_word' id='word_1_553' title='bbox 1946 1119 2029 1146; x_wconf 88' lang='lat' dir='ltr'>sunt</span> <span class='ocrx_word' id='word_1_554' title='bbox 2056 1125 2133 1147; x_wconf 88' lang='lat' dir='ltr'>mu-</span> 
     </span>
     <span class='ocr_line' id='line_1_83' title="bbox 1130 1161 1440 1195; baseline 0.003 -1"><span class='ocrx_word' id='word_1_555' title='bbox 1130 1167 1203 1194; x_wconf 87' lang='lat' dir='ltr'>tata</span> <span class='ocrx_word' id='word_1_556' title='bbox 1221 1161 1259 1193; x_wconf 91' lang='lat' dir='ltr'>in</span> <span class='ocrx_word' id='word_1_557' title='bbox 1277 1161 1440 1195; x_wconf 84' lang='lat' dir='ltr'>numina.</span> 
     </span>
    </p>

    <p class='ocr_par' dir='ltr' id='par_1_26' title="bbox 1130 1220 2136 1366">
     <span class='ocr_line' id='line_1_84' title="bbox 1231 1220 2136 1271; baseline 0.008 -19"><span class='ocrx_word' id='word_1_558' title='bbox 1231 1220 1291 1254; x_wconf 81' lang='lat' dir='ltr'>Vs.</span> <span class='ocrx_word' id='word_1_559' title='bbox 1312 1221 1369 1256; x_wconf 78' lang='lat'>12.</span> <span class='ocrx_word' id='word_1_560' title='bbox 1398 1220 1618 1260; x_wconf 69' lang='lat' dir='ltr'>Collocavit,</span> <span class='ocrx_word' id='word_1_561' title='bbox 1660 1227 1721 1254; x_wconf 84' lang='lat' dir='ltr'>aut</span> <span class='ocrx_word' id='word_1_562' title='bbox 1739 1221 1947 1255; x_wconf 68' lang='lat' dir='ltr'>assimilavit</span> <span class='ocrx_word' id='word_1_563' title='bbox 1957 1222 2031 1271; x_wconf 69' lang='grc'>22)]</span> <span class='ocrx_word' id='word_1_564' title='bbox 2053 1225 2136 1259; x_wconf 82' lang='lat' dir='ltr'>fecit</span> 
     </span>
     <span class='ocr_line' id='line_1_85' title="bbox 1131 1271 2133 1317; baseline 0.006 -13"><span class='ocrx_word' id='word_1_565' title='bbox 1131 1271 1163 1304; x_wconf 91' lang='lat' dir='ltr'>ei</span> <span class='ocrx_word' id='word_1_566' title='bbox 1183 1277 1358 1311; x_wconf 76' lang='lat' dir='ltr'>statuam,</span> <span class='ocrx_word' id='word_1_567' title='bbox 1387 1274 1533 1317; x_wconf 88' lang='lat' dir='ltr'>quando</span> <span class='ocrx_word' id='word_1_568' title='bbox 1555 1272 1592 1305; x_wconf 88' lang='lat' dir='ltr'>in</span> <span class='ocrx_word' id='word_1_569' title='bbox 1611 1271 1761 1305; x_wconf 89' lang='lat' dir='ltr'>Troiam</span> <span class='ocrx_word' id='word_1_570' title='bbox 1785 1273 1936 1307; x_wconf 82' lang='lat' dir='ltr'>navibus</span> <span class='ocrx_word' id='word_1_571' title='bbox 1962 1275 2133 1310; x_wconf 86' lang='lat' dir='ltr'>celeribus</span> 
     </span>
     <span class='ocr_line' id='line_1_86' title="bbox 1130 1323 1404 1366; baseline 0.011 -13"><span class='ocrx_word' id='word_1_572' title='bbox 1130 1323 1404 1366; x_wconf 66' lang='lat' dir='ltr'>navigaverunt.</span> 
     </span>
    </p>

    <p class='ocr_par' dir='ltr' id='par_1_27' title="bbox 1131 1380 2138 1838">
     <span class='ocr_line' id='line_1_87' title="bbox 1232 1380 2134 1432; baseline 0.01 -19"><span class='ocrx_word' id='word_1_573' title='bbox 1232 1381 1310 1416; x_wconf 88' lang='lat' dir='ltr'>Vss.</span> <span class='ocrx_word' id='word_1_574' title='bbox 1332 1380 1507 1416; x_wconf 78' lang='lat'>13—15.</span> <span class='ocrx_word' id='word_1_575' title='bbox 1542 1382 1639 1415; x_wconf 89' lang='lat' dir='ltr'>Audi</span> <span class='ocrx_word' id='word_1_576' title='bbox 1662 1395 1718 1415; x_wconf 90' lang='lat' dir='ltr'>me</span> <span class='ocrx_word' id='word_1_577' title='bbox 1738 1390 1957 1427; x_wconf 81' lang='lat' dir='ltr'>precantem,</span> <span class='ocrx_word' id='word_1_578' title='bbox 1997 1388 2134 1432; x_wconf 91' lang='lat' dir='ltr'>depelle</span> 
     </span>
     <span class='ocr_line' id='line_1_88' title="bbox 1131 1433 2136 1483; baseline 0.008 -18"><span class='ocrx_word' id='word_1_579' title='bbox 1131 1433 1267 1466; x_wconf 87' lang='lat' dir='ltr'>malum</span> <span class='ocrx_word' id='word_1_580' title='bbox 1295 1435 1430 1474; x_wconf 82' lang='lat' dir='ltr'>fatum,</span> <span class='ocrx_word' id='word_1_581' title='bbox 1456 1434 1623 1474; x_wconf 85' lang='lat' dir='ltr'>morbos,</span> <span class='ocrx_word' id='word_1_582' title='bbox 1658 1441 1784 1478; x_wconf 86' lang='lat' dir='ltr'>pestes.</span> <span class='ocrx_word' id='word_1_583' title='bbox 1839 1435 1922 1468; x_wconf 85' lang='lat' dir='ltr'>Tibi</span> <span class='ocrx_word' id='word_1_584' title='bbox 1954 1435 2029 1471; x_wconf 83' lang='lat' dir='ltr'>Dea</span> <span class='ocrx_word' id='word_1_585' title='bbox 2054 1451 2136 1483; x_wconf 86' lang='lat' dir='ltr'>par-</span> 
     </span>
     <span class='ocr_line' id='line_1_89' title="bbox 1131 1483 2136 1533; baseline 0.006 -16"><span class='ocrx_word' id='word_1_586' title='bbox 1131 1497 1216 1518; x_wconf 67' lang='lat' dir='ltr'>vum</span> <span class='ocrx_word' id='word_1_587' title='bbox 1242 1491 1312 1525; x_wconf 85' lang='lat' dir='ltr'>est,</span> <span class='ocrx_word' id='word_1_588' title='bbox 1353 1484 1443 1519; x_wconf 87' lang='lat' dir='ltr'>mihi</span> <span class='ocrx_word' id='word_1_589' title='bbox 1475 1483 1741 1533; x_wconf 67' lang='lat' dir='ltr'>magnum.‘²3)]</span> <span class='ocrx_word' id='word_1_590' title='bbox 1770 1485 1891 1520; x_wconf 84' lang='lat' dir='ltr'>Musas</span> <span class='ocrx_word' id='word_1_591' title='bbox 1912 1487 1980 1532; x_wconf 82' lang='lat' dir='ltr'>ipsi</span> <span class='ocrx_word' id='word_1_592' title='bbox 2006 1497 2136 1523; x_wconf 77' lang='lat' dir='ltr'>vocant</span> 
     </span>
     <span class='ocr_line' id='line_1_90' title="bbox 1132 1536 2137 1582; baseline 0.007 -14"><span class='ocrx_word' id='word_1_593' title='bbox 1132 1536 1206 1569; x_wconf 70' lang='lat' dir='ltr'>vim</span> <span class='ocrx_word' id='word_1_594' title='bbox 1233 1537 1415 1577; x_wconf 75' lang='lat' dir='ltr'>divinam,</span> <span class='ocrx_word' id='word_1_595' title='bbox 1453 1549 1543 1582; x_wconf 89' lang='lat' dir='ltr'>quae</span> <span class='ocrx_word' id='word_1_596' title='bbox 1568 1537 1711 1581; x_wconf 85' lang='lat' dir='ltr'>ingenia</span> <span class='ocrx_word' id='word_1_597' title='bbox 1735 1545 1880 1571; x_wconf 79' lang='lat' dir='ltr'>moveat</span> <span class='ocrx_word' id='word_1_598' title='bbox 1904 1545 1938 1571; x_wconf 84' lang='lat' dir='ltr'>et</span> <span class='ocrx_word' id='word_1_599' title='bbox 1966 1542 2137 1575; x_wconf 77' lang='lat' dir='ltr'>exuscitet</span> 
     </span>
     <span class='ocr_line' id='line_1_91' title="bbox 1133 1588 2138 1633; baseline 0.006 -12"><span class='ocrx_word' id='word_1_600' title='bbox 1133 1589 1178 1621; x_wconf 92' lang='lat' dir='ltr'>ad</span> <span class='ocrx_word' id='word_1_601' title='bbox 1195 1588 1407 1633; x_wconf 86' lang='lat' dir='ltr'>sapientiam</span> <span class='ocrx_word' id='word_1_602' title='bbox 1421 1615 1430 1629; x_wconf 90' lang='lat'>‚</span> <span class='ocrx_word' id='word_1_603' title='bbox 1459 1590 1502 1621; x_wconf 90' lang='lat' dir='ltr'>ad</span> <span class='ocrx_word' id='word_1_604' title='bbox 1518 1589 1746 1622; x_wconf 88' lang='lat' dir='ltr'>scribendum</span> <span class='ocrx_word' id='word_1_605' title='bbox 1765 1595 1798 1622; x_wconf 89' lang='lat' dir='ltr'>et</span> <span class='ocrx_word' id='word_1_606' title='bbox 1816 1591 2030 1626; x_wconf 84' lang='lat' dir='ltr'>canendum.</span> <span class='ocrx_word' id='word_1_607' title='bbox 2091 1592 2138 1626; x_wconf 81' lang='lat' dir='ltr'>Et</span> 
     </span>
     <span class='ocr_line' id='line_1_92' title="bbox 1135 1638 2136 1677; baseline 0.004 -4"><span class='ocrx_word' id='word_1_608' title='bbox 1135 1638 1192 1673; x_wconf 88' lang='lat' dir='ltr'>hic</span> <span class='ocrx_word' id='word_1_609' title='bbox 1218 1641 1385 1673; x_wconf 89' lang='lat' dir='ltr'>nominat</span> <span class='ocrx_word' id='word_1_610' title='bbox 1411 1640 1534 1674; x_wconf 86' lang='lat' dir='ltr'>Musas</span> <span class='ocrx_word' id='word_1_611' title='bbox 1558 1647 1592 1673; x_wconf 87' lang='lat' dir='ltr'>et</span> <span class='ocrx_word' id='word_1_612' title='bbox 1616 1638 1791 1674; x_wconf 87' lang='lat' dir='ltr'>Charites.</span> <span class='ocrx_word' id='word_1_613' title='bbox 1858 1640 1941 1674; x_wconf 89' lang='lat' dir='ltr'>Fuit</span> <span class='ocrx_word' id='word_1_614' title='bbox 1967 1643 2136 1677; x_wconf 86' lang='lat' dir='ltr'>usitatum</span> 
     </span>
     <span class='ocr_line' id='line_1_93' title="bbox 1134 1689 2137 1739; baseline 0.003 -14"><span class='ocrx_word' id='word_1_615' title='bbox 1134 1692 1261 1726; x_wconf 87' lang='lat' dir='ltr'>eodem</span> <span class='ocrx_word' id='word_1_616' title='bbox 1277 1693 1356 1725; x_wconf 91' lang='lat' dir='ltr'>loco</span> <span class='ocrx_word' id='word_1_617' title='bbox 1375 1692 1490 1725; x_wconf 92' lang='lat' dir='ltr'>colere</span> <span class='ocrx_word' id='word_1_618' title='bbox 1501 1691 1623 1726; x_wconf 87' lang='lat' dir='ltr'>Musas</span> <span class='ocrx_word' id='word_1_619' title='bbox 1642 1698 1677 1725; x_wconf 89' lang='lat' dir='ltr'>et</span> <span class='ocrx_word' id='word_1_620' title='bbox 1687 1689 1870 1732; x_wconf 80' lang='lat' dir='ltr'>Charites,</span> <span class='ocrx_word' id='word_1_621' title='bbox 1898 1693 1980 1738; x_wconf 86' lang='lat' dir='ltr'>quia</span> <span class='ocrx_word' id='word_1_622' title='bbox 1998 1695 2137 1739; x_wconf 82' lang='lat' dir='ltr'>sapien-</span> 
     </span>
     <span class='ocr_line' id='line_1_94' title="bbox 1135 1743 2138 1779; baseline 0.003 -3"><span class='ocrx_word' id='word_1_623' title='bbox 1135 1744 1183 1776; x_wconf 87' lang='lat' dir='ltr'>tia</span> <span class='ocrx_word' id='word_1_624' title='bbox 1202 1744 1307 1777; x_wconf 83' lang='lat' dir='ltr'>debet</span> <span class='ocrx_word' id='word_1_625' title='bbox 1325 1756 1398 1777; x_wconf 88' lang='lat' dir='ltr'>esse</span> <span class='ocrx_word' id='word_1_626' title='bbox 1416 1743 1605 1776; x_wconf 89' lang='lat' dir='ltr'>coniuncta</span> <span class='ocrx_word' id='word_1_627' title='bbox 1625 1755 1704 1777; x_wconf 89' lang='lat' dir='ltr'>cum</span> <span class='ocrx_word' id='word_1_628' title='bbox 1723 1743 1857 1777; x_wconf 90' lang='lat' dir='ltr'>iustitia</span> <span class='ocrx_word' id='word_1_629' title='bbox 1884 1751 1917 1777; x_wconf 89' lang='lat' dir='ltr'>et</span> <span class='ocrx_word' id='word_1_630' title='bbox 1940 1745 2138 1779; x_wconf 83' lang='lat' dir='ltr'>beneficen-</span> 
     </span>
     <span class='ocr_line' id='line_1_95' title="bbox 1134 1792 1885 1838; baseline -0.003 -10"><span class='ocrx_word' id='word_1_631' title='bbox 1134 1796 1196 1829; x_wconf 88' lang='lat' dir='ltr'>tia.</span> <span class='ocrx_word' id='word_1_632' title='bbox 1240 1795 1394 1829; x_wconf 84' lang='lat' dir='ltr'>Seneca:</span> <span class='ocrx_word' id='word_1_633' title='bbox 1422 1792 1657 1838; x_wconf 79' lang='lat' dir='ltr'>Philosophia</span> <span class='ocrx_word' id='word_1_634' title='bbox 1677 1794 1781 1827; x_wconf 85' lang='lat' dir='ltr'>affert</span> <span class='ocrx_word' id='word_1_635' title='bbox 1798 1795 1885 1827; x_wconf 87' lang='lat' dir='ltr'>tria:</span> 
     </span>
    </p>
   </div>
   <div class='ocr_carea' id='block_1_24' title="bbox 1135 1853 2138 2051">
    <p class='ocr_par' dir='ltr' id='par_1_28' title="bbox 1135 1853 2138 2051">
     <span class='ocr_line' id='line_1_96' title="bbox 1236 1853 2137 1894; baseline 0.001 -7"><span class='ocrx_word' id='word_1_636' title='bbox 1236 1853 1261 1888; x_wconf 88' lang='lat' dir='ltr'>I.</span> <span class='ocrx_word' id='word_1_637' title='bbox 1291 1854 1441 1887; x_wconf 84' lang='lat' dir='ltr'>Sensum</span> <span class='ocrx_word' id='word_1_638' title='bbox 1459 1865 1708 1894; x_wconf 91' lang='lat' dir='ltr'>communem,</span> <span class='ocrx_word' id='word_1_639' title='bbox 1736 1854 1771 1886; x_wconf 87' lang='lat' dir='ltr'>id</span> <span class='ocrx_word' id='word_1_640' title='bbox 1789 1861 1858 1894; x_wconf 84' lang='lat' dir='ltr'>est,</span> <span class='ocrx_word' id='word_1_641' title='bbox 1886 1861 2021 1887; x_wconf 86' lang='lat' dir='ltr'>rectum</span> <span class='ocrx_word' id='word_1_642' title='bbox 2047 1855 2137 1888; x_wconf 90' lang='lat' dir='ltr'>iudi-</span> 
     </span>
     <span class='ocr_line' id='line_1_97' title="bbox 1136 1905 2136 1946; baseline 0.001 -8"><span class='ocrx_word' id='word_1_643' title='bbox 1136 1905 1248 1946; x_wconf 84' lang='lat' dir='ltr'>cium,</span> <span class='ocrx_word' id='word_1_644' title='bbox 1276 1912 1413 1939; x_wconf 87' lang='lat' dir='ltr'>rectum</span> <span class='ocrx_word' id='word_1_645' title='bbox 1431 1905 1624 1939; x_wconf 91' lang='lat' dir='ltr'>discrimen</span> <span class='ocrx_word' id='word_1_646' title='bbox 1639 1906 1816 1938; x_wconf 88' lang='lat' dir='ltr'>bonarum</span> <span class='ocrx_word' id='word_1_647' title='bbox 1836 1911 1870 1938; x_wconf 92' lang='lat' dir='ltr'>et</span> <span class='ocrx_word' id='word_1_648' title='bbox 1887 1905 2062 1939; x_wconf 89' lang='lat' dir='ltr'>malarum</span> <span class='ocrx_word' id='word_1_649' title='bbox 2083 1918 2136 1939; x_wconf 89' lang='lat' dir='ltr'>re-</span> 
     </span>
     <span class='ocr_line' id='line_1_98' title="bbox 1135 1956 2138 2002; baseline 0.002 -13"><span class='ocrx_word' id='word_1_650' title='bbox 1135 1968 1215 1989; x_wconf 87' lang='lat' dir='ltr'>rum</span> <span class='ocrx_word' id='word_1_651' title='bbox 1228 1983 1236 1995; x_wconf 91' lang='lat'>‚</span> <span class='ocrx_word' id='word_1_652' title='bbox 1263 1958 1359 2002; x_wconf 88' lang='lat' dir='ltr'>quod</span> <span class='ocrx_word' id='word_1_653' title='bbox 1376 1957 1554 2000; x_wconf 86' lang='lat' dir='ltr'>intelligit,</span> <span class='ocrx_word' id='word_1_654' title='bbox 1583 1958 1627 1989; x_wconf 89' lang='lat' dir='ltr'>ad</span> <span class='ocrx_word' id='word_1_655' title='bbox 1644 1957 1729 2002; x_wconf 90' lang='lat' dir='ltr'>quid</span> <span class='ocrx_word' id='word_1_656' title='bbox 1745 1956 1788 1990; x_wconf 89' lang='lat' dir='ltr'>sit</span> <span class='ocrx_word' id='word_1_657' title='bbox 1810 1963 1938 1989; x_wconf 89' lang='lat' dir='ltr'>natura</span> <span class='ocrx_word' id='word_1_658' title='bbox 1960 1957 2138 1997; x_wconf 79' lang='lat' dir='ltr'>ordinata,</span> 
     </span>
     <span class='ocr_line' id='line_1_99' title="bbox 1136 2006 2006 2051; baseline 0.002 -11"><span class='ocrx_word' id='word_1_659' title='bbox 1136 2007 1302 2051; x_wconf 80' lang='lat' dir='ltr'>intelligit</span> <span class='ocrx_word' id='word_1_660' title='bbox 1321 2020 1442 2042; x_wconf 89' lang='lat' dir='ltr'>causas</span> <span class='ocrx_word' id='word_1_661' title='bbox 1463 2008 1644 2041; x_wconf 87' lang='lat' dir='ltr'>actionum</span> <span class='ocrx_word' id='word_1_662' title='bbox 1659 2035 1667 2048; x_wconf 93' lang='lat'>‚</span> <span class='ocrx_word' id='word_1_663' title='bbox 1696 2006 1803 2040; x_wconf 87' lang='lat' dir='ltr'>habet</span> <span class='ocrx_word' id='word_1_664' title='bbox 1817 2008 2006 2042; x_wconf 87' lang='lat' dir='ltr'>delectum.</span> 
     </span>
    </p>
   </div>
   <div class='ocr_carea' id='block_1_25' title="bbox 1138 2065 2137 2264">
    <p class='ocr_par' dir='ltr' id='par_1_29' title="bbox 1138 2065 2137 2264">
     <span class='ocr_line' id='line_1_100' title="bbox 1239 2065 2134 2101; baseline 0 -2"><span class='ocrx_word' id='word_1_665' title='bbox 1239 2065 1281 2101; x_wconf 87' lang='lat' dir='ltr'>II.</span> <span class='ocrx_word' id='word_1_666' title='bbox 1312 2066 1596 2100; x_wconf 89' lang='lat' dir='ltr'>Humanitatem.</span> <span class='ocrx_word' id='word_1_667' title='bbox 1667 2066 1881 2101; x_wconf 85' lang='lat' dir='ltr'>Humanitas</span> <span class='ocrx_word' id='word_1_668' title='bbox 1917 2074 1968 2100; x_wconf 88' lang='lat' dir='ltr'>est</span> <span class='ocrx_word' id='word_1_669' title='bbox 2002 2067 2134 2101; x_wconf 86' lang='lat' dir='ltr'>iustitia</span> 
     </span>
     <span class='ocr_line' id='line_1_101' title="bbox 1138 2117 2137 2161; baseline 0 -11"><span class='ocrx_word' id='word_1_670' title='bbox 1138 2118 1269 2158; x_wconf 83' lang='lat' dir='ltr'>mixta,</span> <span class='ocrx_word' id='word_1_671' title='bbox 1297 2117 1462 2161; x_wconf 89' lang='lat' dir='ltr'>copulata</span> <span class='ocrx_word' id='word_1_672' title='bbox 1489 2117 1566 2151; x_wconf 88' lang='lat' dir='ltr'>aliis</span> <span class='ocrx_word' id='word_1_673' title='bbox 1592 2117 1783 2151; x_wconf 84' lang='lat' dir='ltr'>virtutibus</span> <span class='ocrx_word' id='word_1_674' title='bbox 1807 2118 2022 2152; x_wconf 87' lang='lat' dir='ltr'>mitioribus.</span> <span class='ocrx_word' id='word_1_675' title='bbox 2075 2117 2137 2151; x_wconf 86' lang='lat' dir='ltr'>Est</span> 
     </span>
     <span class='ocr_line' id='line_1_102' title="bbox 1138 2168 2136 2208; baseline 0.002 -7"><span class='ocrx_word' id='word_1_676' title='bbox 1138 2169 1273 2203; x_wconf 86' lang='lat' dir='ltr'>institia</span> <span class='ocrx_word' id='word_1_677' title='bbox 1299 2175 1332 2202; x_wconf 89' lang='lat' dir='ltr'>et</span> <span class='ocrx_word' id='word_1_678' title='bbox 1353 2168 1604 2208; x_wconf 85' lang='lat' dir='ltr'>beneficentia,</span> <span class='ocrx_word' id='word_1_679' title='bbox 1639 2180 1712 2201; x_wconf 90' lang='lat' dir='ltr'>non</span> <span class='ocrx_word' id='word_1_680' title='bbox 1737 2175 1876 2203; x_wconf 88' lang='lat' dir='ltr'>tantum</span> <span class='ocrx_word' id='word_1_681' title='bbox 1902 2175 1953 2204; x_wconf 87' lang='lat' dir='ltr'>est</span> <span class='ocrx_word' id='word_1_682' title='bbox 1977 2170 2136 2203; x_wconf 76' lang='lat' dir='ltr'>comitas,</span> 
     </span>
     <span class='ocr_line' id='line_1_103' title="bbox 1139 2220 1765 2264; baseline 0 -10"><span class='ocrx_word' id='word_1_683' title='bbox 1139 2221 1298 2254; x_wconf 91' lang='lat' dir='ltr'>Comitas</span> <span class='ocrx_word' id='word_1_684' title='bbox 1317 2227 1368 2254; x_wconf 89' lang='lat' dir='ltr'>est</span> <span class='ocrx_word' id='word_1_685' title='bbox 1381 2232 1452 2253; x_wconf 89' lang='lat' dir='ltr'>una</span> <span class='ocrx_word' id='word_1_686' title='bbox 1471 2231 1554 2264; x_wconf 88' lang='lat' dir='ltr'>pars</span> <span class='ocrx_word' id='word_1_687' title='bbox 1572 2226 1604 2252; x_wconf 91' lang='lat' dir='ltr'>et</span> <span class='ocrx_word' id='word_1_688' title='bbox 1621 2220 1765 2264; x_wconf 88' lang='lat' dir='ltr'>species.</span> 
     </span>
    </p>
   </div>
   <div class='ocr_carea' id='block_1_26' title="bbox 1138 2279 2136 2372">
    <p class='ocr_par' dir='ltr' id='par_1_30' title="bbox 1138 2279 2136 2372">
     <span class='ocr_line' id='line_1_104' title="bbox 1240 2279 2135 2325; baseline -0.001 -12"><span class='ocrx_word' id='word_1_689' title='bbox 1240 2279 1296 2314; x_wconf 87' lang='lat' dir='ltr'>III.</span> <span class='ocrx_word' id='word_1_690' title='bbox 1325 2279 1660 2324; x_wconf 84' lang='lat' dir='ltr'>Congregationem.</span> <span class='ocrx_word' id='word_1_691' title='bbox 1715 2279 1754 2312; x_wconf 91' lang='lat' dir='ltr'>ln</span> <span class='ocrx_word' id='word_1_692' title='bbox 1775 2279 1903 2325; x_wconf 89' lang='lat' dir='ltr'>quibus</span> <span class='ocrx_word' id='word_1_693' title='bbox 1928 2286 1978 2313; x_wconf 90' lang='lat' dir='ltr'>est</span> <span class='ocrx_word' id='word_1_694' title='bbox 2000 2279 2135 2325; x_wconf 85' lang='lat' dir='ltr'>aliquid</span> 
     </span>
     <span class='ocr_line' id='line_1_105' title="bbox 1138 2331 2136 2372; baseline -0.003 -6"><span class='ocrx_word' id='word_1_695' title='bbox 1138 2331 1285 2372; x_wconf 85' lang='lat' dir='ltr'>mentis,</span> <span class='ocrx_word' id='word_1_696' title='bbox 1328 2332 1471 2365; x_wconf 86' lang='lat' dir='ltr'>student</span> <span class='ocrx_word' id='word_1_697' title='bbox 1502 2331 1623 2364; x_wconf 89' lang='lat' dir='ltr'>fovere</span> <span class='ocrx_word' id='word_1_698' title='bbox 1657 2331 1959 2365; x_wconf 87' lang='lat' dir='ltr'>consociationem</span> <span class='ocrx_word' id='word_1_699' title='bbox 1990 2331 2136 2372; x_wconf 87' lang='lat' dir='ltr'>bonam,</span> 
     </span>
    </p>
   </div>
   <div class='ocr_carea' id='block_1_27' title="bbox 1139 2412 1345 2416">
    <p class='ocr_par' dir='ltr' id='par_1_31' title="bbox 1139 2412 1345 2416">
     <span class='ocr_line' id='line_1_106' title="bbox 1139 2412 1345 2416; baseline 0 0"><span class='ocrx_word' id='word_1_700' title='bbox 1139 2412 1345 2416; x_wconf 95' lang='lat' dir='ltr'> </span> 
     </span>
    </p>
   </div>
   <div class='ocr_carea' id='block_1_28' title="bbox 1175 2444 2135 2639">
    <p class='ocr_par' dir='ltr' id='par_1_32' title="bbox 1178 2444 1774 2475">
     <span class='ocr_line' id='line_1_107' title="bbox 1178 2444 1774 2475; baseline -0.007 -5"><span class='ocrx_word' id='word_1_701' title='bbox 1178 2447 1249 2474; x_wconf 70' lang='lat' dir='ltr'>wa)</span> <span class='ocrx_word' id='word_1_702' title='bbox 1271 2447 1379 2470; x_wconf 83' lang='lat' dir='ltr'>callim.</span> <span class='ocrx_word' id='word_1_703' title='bbox 1402 2446 1495 2475; x_wconf 69' lang='lat' dir='ltr'>hymn.</span> <span class='ocrx_word' id='word_1_704' title='bbox 1515 2445 1541 2469; x_wconf 88' lang='lat' dir='ltr'>in</span> <span class='ocrx_word' id='word_1_705' title='bbox 1561 2444 1713 2475; x_wconf 62' lang='lat' dir='ltr'>Apollinem</span> <span class='ocrx_word' id='word_1_706' title='bbox 1733 2444 1774 2467; x_wconf 82' lang='lat'>59.</span> 
     </span>
    </p>

    <p class='ocr_par' dir='ltr' id='par_1_33' title="bbox 1175 2489 1453 2520">
     <span class='ocr_line' id='line_1_108' title="bbox 1175 2489 1453 2520; baseline -0.007 -7"><span class='ocrx_word' id='word_1_707' title='bbox 1175 2489 1223 2520; x_wconf 82' lang='lat'>20)</span> <span class='ocrx_word' id='word_1_708' title='bbox 1244 2490 1346 2512; x_wconf 84' lang='lat' dir='ltr'>Psalm.</span> <span class='ocrx_word' id='word_1_709' title='bbox 1368 2490 1408 2515; x_wconf 75' lang='grc'>18,</span> <span class='ocrx_word' id='word_1_710' title='bbox 1428 2489 1453 2511; x_wconf 86' lang='grc'>6.</span> 
     </span>
    </p>

    <p class='ocr_par' dir='ltr' id='par_1_34' title="bbox 1176 2530 1770 2562">
     <span class='ocr_line' id='line_1_109' title="bbox 1176 2530 1770 2562; baseline -0.007 -6"><span class='ocrx_word' id='word_1_711' title='bbox 1176 2532 1223 2562; x_wconf 83' lang='grc'>21)</span> <span class='ocrx_word' id='word_1_712' title='bbox 1244 2533 1432 2561; x_wconf 84' lang='lat' dir='ltr'>idololatrica]</span> <span class='ocrx_word' id='word_1_713' title='bbox 1452 2532 1501 2556; x_wconf 82' lang='lat' dir='ltr'>Ed.</span> <span class='ocrx_word' id='word_1_714' title='bbox 1522 2532 1597 2555; x_wconf 77' lang='lat'>1550.</span> <span class='ocrx_word' id='word_1_715' title='bbox 1617 2530 1770 2554; x_wconf 69' lang='lat' dir='ltr'>idolatriva.</span> 
     </span>
    </p>

    <p class='ocr_par' dir='ltr' id='par_1_35' title="bbox 1176 2569 2135 2639">
     <span class='ocr_line' id='line_1_110' title="bbox 1176 2569 2135 2604; baseline -0.007 -5"><span class='ocrx_word' id='word_1_716' title='bbox 1176 2574 1223 2604; x_wconf 78' lang='lat'>22)</span> <span class='ocrx_word' id='word_1_717' title='bbox 1244 2575 1398 2599; x_wconf 82' lang='lat' dir='ltr'>Collocavit</span> <span class='ocrx_word' id='word_1_718' title='bbox 1416 2578 1463 2598; x_wconf 88' lang='lat' dir='ltr'>aut</span> <span class='ocrx_word' id='word_1_719' title='bbox 1482 2574 1665 2599; x_wconf 77' lang='lat' dir='ltr'>assimilavit]</span> <span class='ocrx_word' id='word_1_720' title='bbox 1685 2573 1724 2594; x_wconf 79' lang='lat' dir='ltr'>sic</span> <span class='ocrx_word' id='word_1_721' title='bbox 1744 2573 1767 2594; x_wconf 69' lang='lat' dir='ltr'>li.</span> <span class='ocrx_word' id='word_1_722' title='bbox 1786 2572 1801 2593; x_wconf 84' lang='lat' dir='ltr'>l.</span> <span class='ocrx_word' id='word_1_723' title='bbox 1825 2571 1885 2594; x_wconf 75' lang='lat' dir='ltr'>Mel.</span> <span class='ocrx_word' id='word_1_724' title='bbox 1914 2571 1997 2593; x_wconf 83' lang='lat' dir='ltr'>vertit</span> <span class='ocrx_word' id='word_1_725' title='bbox 2026 2569 2135 2596; x_wconf 46' lang='lat' dir='ltr'>sion-93</span> 
     </span>
     <span class='ocr_line' id='line_1_111' title="bbox 1214 2606 1782 2639; baseline -0.009 -7"><span class='ocrx_word' id='word_1_726' title='bbox 1214 2610 1239 2632; x_wconf 92' lang='lat' dir='ltr'>in</span> <span class='ocrx_word' id='word_1_727' title='bbox 1261 2610 1488 2639; x_wconf 82' lang='lat' dir='ltr'>interpretatione</span> <span class='ocrx_word' id='word_1_728' title='bbox 1508 2609 1624 2639; x_wconf 79' lang='lat' dir='ltr'>legitur:</span> <span class='ocrx_word' id='word_1_729' title='bbox 1653 2606 1782 2629; x_wconf 72' lang='lat' dir='ltr'>Placavit.</span> 
     </span>
    </p>
   </div>
   <div class='ocr_carea' id='block_1_29' title="bbox 1180 2647 2136 2716">
    <p class='ocr_par' dir='ltr' id='par_1_36' title="bbox 1180 2647 2136 2716">
     <span class='ocr_line' id='line_1_112' title="bbox 1180 2647 2136 2680; baseline -0.008 -4"><span class='ocrx_word' id='word_1_730' title='bbox 1180 2652 1227 2679; x_wconf 82' lang='lat'>23)</span> <span class='ocrx_word' id='word_1_731' title='bbox 1248 2652 1296 2675; x_wconf 79' lang='lat' dir='ltr'>nis</span> <span class='ocrx_word' id='word_1_732' title='bbox 1312 2659 1326 2676; x_wconf 87' lang='lat' dir='ltr'>e</span> <span class='ocrx_word' id='word_1_733' title='bbox 1340 2660 1380 2676; x_wconf 84' lang='lat' dir='ltr'>vs.</span> <span class='ocrx_word' id='word_1_734' title='bbox 1398 2653 1436 2676; x_wconf 82' lang='lat'>15.</span> <span class='ocrx_word' id='word_1_735' title='bbox 1458 2649 1698 2680; x_wconf 58' lang='lat' dir='ltr'>interpretationis</span> <span class='ocrx_word' id='word_1_736' title='bbox 1713 2647 1834 2670; x_wconf 73' lang='lat' dir='ltr'>addenda</span> <span class='ocrx_word' id='word_1_737' title='bbox 1850 2649 1914 2669; x_wconf 69' lang='lat' dir='ltr'>sunt</span> <span class='ocrx_word' id='word_1_738' title='bbox 1935 2647 2034 2670; x_wconf 75' lang='lat' dir='ltr'>verba:</span> <span class='ocrx_word' id='word_1_739' title='bbox 2055 2648 2136 2670; x_wconf 73' lang='lat' dir='ltr'>..Mn-</span> 
     </span>
     <span class='ocr_line' id='line_1_113' title="bbox 1217 2681 2117 2716; baseline -0.008 -6"><span class='ocrx_word' id='word_1_740' title='bbox 1217 2692 1265 2710; x_wconf 69' lang='lat' dir='ltr'>nae</span> <span class='ocrx_word' id='word_1_741' title='bbox 1286 2690 1311 2710; x_wconf 88' lang='lat' dir='ltr'>et</span> <span class='ocrx_word' id='word_1_742' title='bbox 1332 2687 1446 2711; x_wconf 84' lang='lat' dir='ltr'>Gratiae</span> <span class='ocrx_word' id='word_1_743' title='bbox 1456 2685 1481 2715; x_wconf 80' lang='lat'>&#39;&#39;,</span> <span class='ocrx_word' id='word_1_744' title='bbox 1502 2686 1599 2716; x_wconf 82' lang='lat' dir='ltr'>quippe</span> <span class='ocrx_word' id='word_1_745' title='bbox 1618 2684 1650 2706; x_wconf 63' lang='lat' dir='ltr'>avl</span> <span class='ocrx_word' id='word_1_746' title='bbox 1672 2688 1739 2712; x_wconf 67' lang='lat' dir='ltr'>quae</span> <span class='ocrx_word' id='word_1_747' title='bbox 1760 2682 1825 2704; x_wconf 77' lang='lat' dir='ltr'>hacc</span> <span class='ocrx_word' id='word_1_748' title='bbox 1843 2681 1984 2704; x_wconf 82' lang='lat' dir='ltr'>annotatio</span> <span class='ocrx_word' id='word_1_749' title='bbox 2006 2683 2117 2709; x_wconf 72' lang='lat' dir='ltr'>spectat.</span> 
     </span>
    </p>
   </div>
   <div class='ocr_carea' id='block_1_30' title="bbox 1565 2726 1586 2761">
    <p class='ocr_par' dir='ltr' id='par_1_37' title="bbox 1565 2726 1586 2761">
     <span class='ocr_line' id='line_1_114' title="bbox 1565 2726 1586 2761; baseline 0 0"><span class='ocrx_word' id='word_1_750' title='bbox 1565 2726 1586 2761; x_wconf 89' lang='lat'><strong><em>5</em></strong></span> 
     </span>
    </p>
   </div>
  </div>
 </body>
</html>
