2341 2973
201 91 276 126 627

202 177 290 210 citus
306 181 427 208 noster
443 173 512 206 iam
536 172 778 212 convenisset,
805 173 841 206 in
860 170 1053 217 Phrygiam
1078 171 1185 204 classe

201 226 492 264 transmissurus,
520 236 585 257 nec
614 223 780 256 idoneam
808 229 1053 268 tempestatem
1080 219 1188 254 habe-

200 284 273 317 ret,
302 289 341 309 ac
356 281 545 320 propterea
562 275 599 307 in
623 275 749 308 Aulide
770 275 831 308 diu
851 273 1014 307 haereret
1035 273 1187 306 otiosus:

203 340 266 372 ego
282 328 424 360 tandem
444 326 593 370 perfeci,
621 332 661 360 ut
676 326 793 359 classis
810 326 893 358 inde
911 325 1083 363 solveret3
1110 334 1189 368 per-

202 378 296 412 suasi
313 377 406 411 enim
424 377 708 421 Agamemnoni,
739 383 777 409 ut
802 374 1021 420 Iphigeniam
1035 401 1044 414 ‚
1077 375 1186 407 filiam

201 441 314 470 suam,
332 441 397 473 pro
406 429 519 462 salute
530 428 700 461 exercitus
716 427 920 460 immolaret
929 426 1080 466 Dianae,
1099 437 1189 471 quae

202 482 292 513 irata
319 479 475 513 adversis
499 480 614 512 ventis
636 490 701 511 nos
725 479 995 517 remorabatur,
1030 484 1064 510 et
1091 477 1188 509 illam

202 533 247 565 ad
263 531 471 565 sacrificium
490 530 556 565 sibi
575 528 728 562 hostiam
748 530 825 562 dari
843 530 1020 573 poscebat.
1045 528 1188 573 Quanta

203 595 288 616 vero
315 582 519 615 difficultate
543 579 611 613 hoc
638 592 656 612 a
682 586 780 624 patre
802 580 1089 625 impetraverim,
1115 579 1189 623 ipse

203 631 291 666 mihi
317 633 413 667 testis
438 639 499 666 est.
559 631 691 664 Fateor
715 631 879 677 equidem
906 630 1049 678 (fatenti
1071 637 1188 663 autem

203 685 452 728 Agamemnon
468 683 647 726 ignoscat,
677 683 759 728 oro)
778 695 833 716 me
852 683 888 715 in
909 682 975 715 hac
1000 694 1104 715 causa
1128 682 1190 714 ad-

204 734 358 768 hibuisse
376 746 500 767 omnes
523 733 656 777 ingenii
677 734 789 773 vires,
817 746 940 767 omnes
965 732 1190 778 eloquentiae

204 784 407 825 machinas,
435 785 564 830 quihus
586 797 665 818 eum
690 785 816 829 impuli
841 785 878 817 in
906 783 998 817 hanc
1022 790 1191 823 mentem,

204 844 243 871 ut
273 842 444 870 statueret
475 836 542 869 sibi
573 848 719 881 quoquo
752 837 861 869 modo
896 836 1122 868 tolerandum
1159 840 1193 867 et

205 889 469 921 concedendum
486 899 571 927 esse,
589 888 685 932 quod
704 888 843 931 publice
860 888 1061 931 prodesset;
1083 893 1192 931 utque

207 951 366 972 amorem
387 951 467 982 erga
486 939 630 971 fratrem
645 965 654 977 ,
682 945 715 971 et
734 951 841 983 quam
867 939 903 970 in
923 938 1078 971 exercitu
1098 950 1193 970 sum-

206 1002 301 1023 mam
320 996 530 1034 potestatem
548 987 674 1029 habet,
701 996 870 1033 paternae
887 989 1026 1022 caritati
1041 989 1193 1021 antefer-

208 1048 273 1074 ret.
340 1040 413 1073 lam
445 1041 632 1073 accedente
663 1040 776 1084 patris
799 1041 1004 1079 voluntate,
1041 1046 1192 1072 matrem

208 1098 283 1125 arte
303 1091 538 1131 circumveni,
565 1091 646 1136 quia
664 1091 815 1125 sciebam
835 1090 926 1124 hanc
955 1091 1062 1124 nullis
1085 1091 1194 1123 ratio-

206 1144 311 1176 nibus
336 1143 372 1175 in
397 1144 547 1176 eandem
573 1143 794 1176 voluntatem
823 1143 950 1176 adduci
972 1155 1086 1187 posse.
1138 1142 1194 1175 Ad

207 1193 297 1227 hanc
324 1194 351 1227 si
369 1194 459 1227 Aiax
484 1194 605 1227 suisset
631 1195 775 1234 missus,
803 1201 924 1228 nostra
945 1194 1063 1228 classis
1087 1193 1195 1226 etiam

209 1258 301 1278 nunc
317 1245 486 1288 impedita
506 1245 576 1277 illic
593 1243 757 1278 haereret
774 1246 810 1278 in
829 1243 973 1289 portus

260 1312 317 1346 Vs,
330 1312 414 1346 196.
440 1314 564 1347 Mittor
579 1318 609 1347 et
623 1315 751 1347 Iliacas
768 1316 885 1347 undas
900 1320 1014 1348 orator
1032 1315 1075 1347 (ul
1091 1325 1196 1346 arces.

209 1372 315 1417 Quod
343 1372 578 1417 periculosam
604 1373 732 1407 obierit
758 1374 995 1418 legationem,
1032 1386 1110 1406 cum
1130 1373 1197 1406 Pa-

208 1424 256 1458 ris
272 1423 318 1469 ¹¹)
343 1425 561 1458 accusandus
577 1431 666 1459 esset
683 1426 778 1469 apud
795 1425 987 1459 Troianos.

313 1475 465 1519 „Quid?
507 1477 602 1520 quod
632 1476 739 1509 etiam
774 1475 1073 1521 periculosissima
1105 1475 1198 1519 lega-

210 1526 307 1559 tione
321 1527 461 1560 functus
485 1539 582 1567 sum,
611 1540 689 1560 cum
716 1528 876 1561 mitterer
892 1528 1039 1560 Troiam
1064 1527 1199 1570 legatus

785 87 906 122 PfflL.
944 85 1055 120 MEL.
1087 85 1287 119 SCRLPTA
1323 80 1659 117 PHILOLOGICA.

212 1579 255 1610 ad
273 1579 530 1621 reposcendam
550 1578 742 1611 Helenam:
774 1579 834 1611 ubi
867 1592 945 1612 cum
963 1578 1104 1612 Paridis
1128 1589 1199 1611 sce·
1226 1600 1227 1604 ,

213 1629 285 1668 lus,
322 1635 354 1661 et
378 1628 492 1672 ipsum
519 1629 648 1661 acriter
672 1642 909 1669 accusassem,
946 1636 979 1662 et
1004 1628 1200 1673 permovis-

214 1692 285 1713 sem
311 1679 494 1712 Priamum
521 1686 554 1713 et
576 1680 815 1713 Antenorem:
853 1680 911 1713 vix
937 1680 1042 1723 effugi
1066 1679 1201 1712 violen-

213 1731 298 1763 tiam
328 1731 469 1764 I‘aridis
495 1737 529 1763 et
554 1731 729 1772 aliorum,
758 1732 817 1777 qui
842 1730 930 1764 mihi
954 1732 1108 1764 nefarias
1128 1743 1201 1763 ma-

214 1794 280 1815 nus
297 1782 426 1814 inferre
444 1783 686 1822 conabantur,
714 1783 816 1816 sicuti
834 1789 871 1816 tu
886 1783 1001 1821 nosti,
1028 1782 1202 1822 Menelae,

216 1835 276 1878 qui
295 1832 451 1866 eiusdem
470 1833 656 1877 legationis
674 1840 707 1866 et
725 1834 870 1878 periculi
889 1834 1004 1867 socius
1021 1831 1152 1867 suisti.''

268 1924 326 1958 Vs.
345 1923 430 1959 205.
460 1928 577 1969 Lonya
596 1926 722 1969 referre
744 1939 838 1960 mora
857 1933 922 1967 est,
945 1940 1028 1972 qnae
1044 1929 1203 1962 consilio-

524 1990 602 2022 que,
630 1990 805 2024 manuque.

218 2034 408 2077 Congeries
429 2035 620 2069 multarum
648 2049 787 2077 rerum,
816 2037 943 2083 quibus
967 2050 1002 2071 se
1030 2039 1203 2083 profuisse

219 2086 433 2130 reipublicae
452 2095 721 2122 commemorat.

323 2135 517 2179 „Longum
545 2145 594 2171 cst
618 2151 901 2172 commemorare
928 2140 1070 2179 omnia,
1113 2152 1203 2185 quac

221 2194 295 2220 toto
314 2187 373 2220 illo
396 2194 555 2231 tempore
577 2202 654 2221 cum
675 2190 843 2224 Troianis
872 2191 906 2223 in
929 2191 1115 2224 obsidione
1142 2189 1203 2223 ha-

221 2240 380 2278 buimus,
425 2240 557 2271 utiliter
587 2242 763 2282 consului,
807 2254 846 2275 ac
879 2255 987 2275 manu
1014 2255 1090 2275 mea
1119 2243 1202 2275 feci:

220 2289 337 2324 hostes
368 2290 470 2323 initio
494 2291 573 2322 lwlli
602 2292 738 2336 aliquot
770 2292 913 2336 proeliis
939 2294 1108 2337 repressi,
1143 2294 1203 2326 diu

223 2342 408 2374 moenibus
434 2355 469 2374 se
491 2342 764 2383 continuerunt,
791 2356 854 2376 nec
872 2351 990 2388 postca
1018 2345 1201 2378 nobiscum

222 2399 344 2436 aperto
369 2393 483 2425 Marte
508 2393 762 2433 conflixerunt,
802 2395 868 2428 nisi
897 2397 1035 2429 decimo
1058 2398 1201 2429 demum

222 2456 328 2477 anno.
383 2445 476 2488 Quid
501 2451 536 2476 tu
556 2444 711 2485 interea,
739 2446 799 2490 qui
820 2459 926 2479 manu
957 2454 1094 2480 tantum
1118 2454 1204 2481 stre-

223 2507 313 2527 nuus
330 2507 384 2533 es,
413 2495 495 2539 quid
515 2495 652 2529 fecisti?
681 2496 760 2542 quis
778 2497 827 2529 tui
846 2497 910 2530 suit
930 2511 1011 2533 usus
1030 2505 1102 2532 tam
1126 2499 1204 2533 diu-

223 2552 329 2577 turno
350 2547 534 2589 tempore?
562 2547 597 2579 Si
618 2560 702 2580 vero
718 2548 889 2593 requiriS,
917 2550 1000 2593 quid
1022 2550 1093 2592 ipse
1116 2551 1204 2583 sece-

261 2671 304 2701 11)
326 2672 413 2703 Pars
435 2673 473 2695 sic
494 2672 574 2696 Editt.
595 2675 684 2698 maa:
705 2675 750 2697 lidi
771 2674 841 2697 155⁹.
866 2674 949 2696 male:
971 2675 1067 2697 Patris.

2162 80 2235 115 628

1240 169 1328 202 rim:
1357 179 1421 211 ego
1439 167 1574 199 interea
1591 164 1753 200 hostibus
1771 164 1916 198 insidias
1934 165 2085 204 tetendi;
2115 171 2229 198 castra

1242 226 1275 253 et
1298 218 1440 252 navalia
1475 217 1578 251 fossis
1611 215 1959 261 propugnaculisque
1994 215 2234 254 communivi;

1241 271 1356 304 socios
1392 269 1595 303 consolatus
1629 281 1706 302 sum
1729 294 1738 308 ‚
1778 279 1822 300 ne
1852 267 2101 310 frangerentur
2132 278 2235 300 mora

1242 322 1345 359 belli;
1374 320 1517 360 curavi,
1538 326 1578 352 ut
1594 319 1766 352 exercitus
1783 325 1905 352 noster
1922 318 2122 352 abundaret
2140 330 2236 352 com-

1243 379 1380 409 meatu3
1409 373 1451 404 de
1471 370 1653 403 armandis
1673 382 1816 415 quoque
1834 369 2007 403 militibus
2028 370 2139 403 multa
2166 369 2237 403 uti-

1242 424 1322 457 liter
1347 422 1490 460 monui;
1519 433 1697 466 nusquam
1718 433 1791 454 non
1815 421 1942 454 missus
1965 433 2063 461 sum,
2089 420 2152 454 ubi
2174 432 2237 454 ne-

1243 475 1384 509 cessitas
1403 472 1610 518 postulavit.
1622 470 1638 479 '³

1293 550 1354 586 Vs.
1371 549 1456 586 216.
1500 552 1582 583 Ecce
1613 551 1702 583 lovis
1725 552 1872 591 monitu,
1911 552 2063 593 deceptus
2088 550 2237 593 imagine

1555 612 1676 634 somne.

1244 661 1352 706 Quod
1375 660 1588 694 seditionem
1612 661 1650 693 in
1674 660 1796 694 castris
1820 660 2016 701 sedaverit,
2051 673 2092 694 ac
2111 658 2235 705 prohi-

1243 712 1382 751 buerit,
1406 724 1450 745 ne
1469 712 1640 746 exercitus
1658 712 1888 746 dilaberetur.

1321 777 1515 819 „A.1haec,
1535 791 1612 813 cum
1624 780 1874 823 Agamemnon
1886 779 2009 813 divino
2021 778 2162 813 somnio
2176 779 2236 812 de-

1246 837 1378 874 ceptus,
1406 831 1554 874 fingeret
1571 843 1606 864 se
1631 830 1766 864 insectis
1786 831 1890 864 rebus
1914 831 2143 864 dimissurum
2162 841 2236 864 esse

1247 881 1460 921 exercitum,
1495 881 1726 920 meministis,
1768 888 1806 915 ut
1837 882 2000 928 plerique
2029 881 2169 916 ruerint
2197 880 2236 914 in

1246 945 1366 965 naves.
1427 932 1509 966 Non
1536 933 1659 966 incuso
1688 930 1745 966 hic
1769 933 2099 977 Agamemnonem,
2139 931 2238 966 cuius

1247 984 1379 1016 sactum
1405 989 1530 1015 autore
1554 983 1638 1016 love
1671 985 1812 1017 defendi
1840 991 1974 1028 potest;
2009 986 2069 1018 sed
2089 983 2238 1016 Aiacem

1249 1035 1372 1067 incuso
1385 1060 1393 1073 ,
1423 1034 1483 1079 qui
1501 1034 1658 1068 Graecos
1675 1036 1794 1078 fugam
1816 1036 2016 1075 molientes,
2032 1047 2104 1068 non
2128 1035 2238 1067 modo

1249 1097 1323 1118 non
1347 1085 1529 1117 revocavit
1556 1098 1573 1117 a
1600 1086 1696 1129 turpi
1727 1087 1934 1130 proposito,
1962 1089 1996 1118 id
2018 1087 2115 1131 quod
2132 1086 2240 1119 talem

1249 1137 1458 1169 bellatorem
1477 1137 1513 1168 in
1537 1136 1662 1180 primis
1680 1138 1845 1177 decebat,
1873 1138 1931 1171 sed
1959 1138 2065 1170 etiam
2090 1137 2242 1181 ipsemet

1250 1194 1324 1221 tum
1341 1188 1534 1221 meditatus
1551 1194 1602 1221 est
1619 1189 1751 1232 fugam.
1805 1188 1889 1221 Vidi
1905 1189 1998 1222 enim
2010 1215 2019 1229 ,
2048 1200 2088 1221 ac
2111 1187 2242 1232 puduit

1251 1251 1306 1271 me
1323 1239 1393 1279 tui,
1421 1239 1532 1279 Aiax,
1567 1251 1646 1272 cum
1673 1246 1711 1273 tu
1736 1239 1930 1274 instrueres
1950 1251 2100 1279 navem,
2128 1245 2163 1273 et
2187 1238 2242 1271 in-

1251 1288 1436 1323 honestam
1456 1289 1650 1323 abitionem
1674 1302 1833 1334 parares.
1885 1290 1938 1324 lbi
1963 1303 2027 1336 ego
2049 1289 2243 1335 praecipue

1252 1341 1383 1374 retinui
1414 1341 1448 1373 in
1481 1341 1597 1374 officio
1629 1341 1800 1380 militem;
1850 1342 2017 1375 revocavi
2046 1341 2241 1386 fugientes;

1253 1392 1454 1436 compescui
1484 1393 1623 1425 acribus
1659 1393 1776 1427 verbis
1805 1399 2052 1433 contumaces,
2094 1399 2129 1426 et
2156 1391 2243 1431 dixi,

1253 1456 1296 1475 ne
1316 1449 1395 1487 post
1414 1443 1503 1475 tanti
1523 1444 1695 1487 temporis
1719 1455 1857 1476 moram
1882 1444 2126 1490 relinquerent
2149 1443 2242 1477 obsi-

1253 1494 1418 1533 dionem,
1450 1505 1587 1539 proque
1614 1494 1762 1527 victoria
1789 1506 1830 1528 ex
1850 1492 2031 1536 hostibus,
2057 1494 2244 1539 sempiter-

1252 1557 1338 1578 num
1355 1545 1505 1578 dedecus
1524 1552 1764 1589 reportarent.
1816 1545 1932 1579 Dolor
1949 1546 2044 1579 enim
2062 1552 2146 1579 tunc
2162 1557 2243 1589 sug-

1254 1597 1397 1640 gerebat
1416 1593 1505 1628 mihi
1520 1596 1720 1629 orationem
1733 1623 1742 1637 ,
1767 1608 1833 1641 pro
1852 1597 2034 1641 republica
2050 1595 2246 1636 laboranti,

1256 1660 1297 1680 ne
1314 1648 1398 1692 quid
1416 1648 1514 1680 fieret
1538 1653 1638 1680 tanto
1662 1648 1816 1682 exercitu
1838 1648 2025 1692 indignum
2039 1675 2048 1689 ‚
2076 1648 2174 1694 quod
2197 1647 2245 1681 ad

1257 1699 1499 1742 posteritatem
1517 1698 1620 1732 nobis
1639 1699 1805 1733 omnibus
1825 1699 1969 1734 afferret
1993 1699 2245 1744 ignominiam.

1257 1750 1417 1795 Cumque
1448 1750 1699 1793 Agamemnon
1732 1758 1946 1785 convocaret
1985 1751 2165 1796 principes
2198 1750 2244 1783 ad

1255 1802 1450 1835 sedandum
1470 1801 1710 1836 multitudinis
1733 1809 1893 1844 motum,
1926 1814 1971 1836 ne
1995 1809 2069 1836 tum
2097 1802 2243 1848 quidem

1256 1853 1345 1886 Aiax
1372 1851 1515 1892 habuit,
1559 1854 1655 1898 quod
1680 1853 1717 1887 in
1742 1854 1899 1887 medium
1927 1854 2146 1893 consuleret,
2187 1852 2245 1886 vel

1256 1905 1483 1938 solummodo
1511 1901 1672 1938 hisceret.
1740 1905 1816 1949 Ego
1844 1916 1929 1938 vero
1958 1916 2033 1937 non
2064 1903 2180 1938 solum
2204 1903 2244 1936 in

1258 1955 1406 1989 consilio
1422 1955 1515 1994 dixi,
1544 1968 1635 2001 quae
1662 1957 1888 1999 prodessent,
1916 1957 1976 1989 sed
2003 1962 2037 1989 et
2063 1954 2244 1988 clamosis-

1258 2008 1385 2040 simum
1410 2019 1587 2051 quemque
1614 2019 1654 2039 ex
1671 2007 1771 2049 plebe
1790 2007 2012 2051 compescui,
2039 2018 2103 2040 nec
2119 2018 2248 2051 passus>

1258 2071 1334 2091 sum
1346 2056 1536 2090 Thersiten
1553 2057 1698 2100 impune
1709 2058 1782 2101 regi
1794 2058 2013 2104 caeterisque
2023 2057 2243 2102 principibus

1259 2110 1371 2142 facere
1387 2107 1558 2141 convicia.
1611 2106 1831 2143 Exhortatus
1847 2122 1923 2143 sum
1947 2109 2062 2143 socios
2087 2109 2132 2142 ad
2155 2108 2244 2142 tole-

1258 2161 1390 2193 randos
1405 2172 1444 2192 ac
1461 2160 1690 2202 perferendos
1704 2160 1786 2193 belli
1808 2161 1966 2199 lal)ores;
2001 2160 2081 2194 acui
2103 2161 2149 2193 ad
2170 2159 2244 2204 pri-

1258 2211 1385 2244 stinam
1406 2210 1593 2249 virtutem,
1623 2223 1817 2257 eorumque
1837 2212 1975 2246 animos
1994 2211 2064 2245 iam
2089 2211 2247 2245 deiectos

1258 2262 1384 2295 iterum
1404 2261 1508 2294 erexi.
1553 2262 1673 2305 Quare
1693 2263 1820 2309 siquid
1842 2276 1882 2297 ex
1898 2276 1940 2297 eo
1956 2270 2118 2308 tempore
2135 2262 2243 2296 etiam

1259 2314 1322 2347 iste
1348 2312 1481 2345 utiliter
1505 2325 1705 2359 magnoque
1730 2315 1851 2348 animo
1875 2315 1999 2359 gessit,
2040 2311 2129 2347 mihi
2159 2313 2246 2346 inde

1258 2364 1375 2409 aliqua
1394 2363 1505 2405 gratia
1525 2365 1691 2404 debetur,
1720 2366 1781 2412 qui
1797 2379 1876 2400 eum
1897 2379 1937 2400 ex
1953 2367 2033 2410 suga
2049 2362 2213 2399 retraxi.''

1307 2439 1367 2474 Vs.
1389 2440 1474 2474 238.
1517 2443 1672 2487 Denique
1698 2445 1739 2477 de
1762 2446 1899 2477 Danais
1929 2445 2004 2489 quis
2032 2448 2063 2476 ie
2088 2443 2248 2476 laudatve

1565 2493 1712 2536 potisve?

1322 2548 1479 2584 lnvcrsio
1508 2552 1728 2595 argmnenti,
1756 2554 1851 2599 quod
1868 2552 1958 2587 Aiax
1977 2552 2098 2587 obiicit
2113 2551 2251 2598 Ulyssi,

1232 2645 1233 2654 ἵ
1259 2614 1338 2635 cum
1357 2602 1471 2647 inquit
1501 2602 1577 2648 (Vs.
1598 2604 1714 2648 100.):

1312 2664 1400 2695 Luce
1426 2664 1514 2696 nihil
1528 2669 1657 2706 yestum
1667 2690 1677 2705 ,
1707 2666 1794 2698 nihil
1808 2670 1856 2699 est
1873 2667 2032 2699 Diomede
2048 2670 2187 2700 remoto,
