2341 2973
190 69 237 105 27
781 58 903 94 PHIL.
932 59 1044 94 MEL.
1072 58 1273 96 SCRIPTA
1301 60 1636 98 PHILOLOGICA.
2184 67 2233 102 28

294 149 478 188 Tentabo‚
505 158 592 180 num
610 145 700 177 forte
717 150 751 177 et
768 146 875 189 pedes
891 145 1015 180 vinum
1036 144 1186 187 habeat,
1239 146 1315 183 535
1345 149 1539 195 Nunquam
1557 149 1684 184 servile
1703 156 1808 194 caput
1824 156 1960 184 rectum
1984 158 2107 185 natum
2128 158 2198 192 est,

243 204 288 237 Et
310 208 466 235 mentem
490 199 527 231 in
551 195 771 242 pectoribus;
815 197 924 231 timeo
956 204 1074 231 autem
1089 223 1098 237 ,
1140 210 1185 231 ne
1342 201 1410 234 Sed
1425 213 1565 246 semper
1581 202 1786 247 obliquum,
1813 208 1847 235 et
1862 202 2033 236 cervicem
2051 203 2234 250 obliquam

605 247 692 293 quid
706 248 852 281 stultum
1663 251 1781 287 habet.

293 303 436 337 Faciam
455 300 592 339 ebrius,
617 305 652 332 et
666 311 836 343 magnum
855 300 1006 334 dedecus
1023 297 1186 335 habeam.
1292 303 1415 348 Neque
1444 303 1536 336 enim
1563 315 1603 336 ex
1629 304 1725 337 scilla
1749 315 1851 338 rosae
1876 311 2091 346 nascuntur,
2119 318 2234 351 neque

243 356 373 388 Vinum
410 358 571 396 potatum
596 351 738 394 copiose
764 352 899 385 malum
934 357 1000 389 est3
1042 351 1071 385 si
1101 364 1186 385 vero
1649 353 1879 400 hyacinthus,

601 402 680 447 quis
696 401 813 446 ipsum
1343 405 1466 451 Neque
1483 417 1641 450 unquam
1659 418 1700 439 ex
1715 407 1842 439 ancilla
1861 405 1952 439 filius
1973 406 2159 450 ingenuus.

192 461 264 496 510
292 457 397 491 Bibat
417 454 608 499 sapienter,
635 465 710 486 non
728 454 861 487 malum
879 459 939 494 esi,
963 454 1023 487 sed
1038 454 1187 488 bonum.
1293 455 1420 491 Nullus
1449 457 1522 497 vir,
1563 456 1674 490 amice
1697 457 1834 502 Cyrne,
1876 459 2063 503 compedes
2086 457 2236 491 fabricat

239 507 378 544 Venisti
401 518 504 546 sane,
533 519 550 539 ο
566 504 754 544 Cleariste‚
790 505 1010 549 profundum
1035 512 1187 550 pontum
1655 508 1742 547 sibi,

603 567 812 600 permensus
1243 556 1317 592 540
1346 558 1382 592 Si
1399 570 1473 592 non
1491 571 1608 592 meam
1629 566 1783 593 mentem
1801 559 1983 604 decipiunt
1998 558 2070 593 Dii.

297 612 374 645 Huc
392 610 436 642 ad
452 605 543 641 nihil
558 605 771 647 habentem,
805 619 826 639 ο
853 607 980 648 miser,
1014 606 1104 642 nihil
1127 606 1189 641 ha-
1294 610 1443 650 Timeo,
1471 623 1515 644 ne
1538 609 1630 644 hanc
1656 611 1857 651 civitatem,
1892 623 1910 644 ο
1925 610 2150 655 Polypeeda,
2184 610 2237 642 in-

617 659 715 692 bens.
784 690 787 693 ,
1654 661 1759 702 iuria,

242 716 351 752 Navis
368 724 451 747 sane
469 709 640 743 lateribus
658 710 723 743 sub
741 715 896 744 transtra
913 723 1089 755 ponemus
1113 723 1190 750 nos,
1346 712 1447 757 Quae
1465 713 1662 747 Centauros
1681 713 1910 752 crudivoros,
1937 714 2074 757 perdat.

296 770 322 801 Ο
348 762 537 801 Cleariste‚
581 772 672 806 quae
703 758 894 801 habemus,
940 770 973 795 et
1004 775 1093 808 quae
1129 763 1190 796 tri·
1295 762 1447 807 Oportet
1464 777 1520 797 me
1541 765 1585 797 ad
1610 765 1798 804 amussim,
1833 770 1866 797 et
1891 770 2023 797 rectam
2048 763 2239 803 rationem,

597 813 712 845 buunt
734 811 807 846 Dii.
1663 814 1753 849 hanc
1771 816 1948 856 iudicare,

195 871 266 908 515
295 870 431 905 Eorum
457 870 596 903 autem,
624 875 716 908 quae
736 870 818 897 sunt
848 865 1017 909 nobis-4²),
1055 864 1189 909 optima
1348 866 1484 911 Cyrne,
1512 879 1653 901 causam
1667 895 1675 908 ‚
1703 879 1930 914 aequumque
1946 867 2105 912 utrisque
2122 867 2227 906 dare,

584 915 767 953 dabimus;
795 916 823 949 si
843 928 927 949 vero
946 917 1025 961 quis
1043 916 1192 956 venerit,
1246 916 1319 952 545
1347 917 1515 959 Vatibus,
1543 919 1738 965 avibusque
1755 926 1790 952 et
1804 918 2011 952 ardentibus
2027 917 2205 952 sacrificiis
2217 946 2224 958 ‚

298 976 324 1008 O
340 969 485 1015 Iupiter,
504 967 638 1000 amicus
653 966 715 1011 qui
731 966 788 1006 sit,
809 968 919 1001 dicam
935 970 984 1001 ei:
1012 968 1192 1007 recumbe,
1351 969 1396 1002 Ut
1415 982 1490 1002 non
1508 970 1640 1004 erroris
1655 977 1758 1015 turpe
1776 972 1926 1004 dedecus
1943 968 2107 1003 habeam.

611 1023 651 1050 ut
665 1017 861 1051 amicitiam
879 1017 1005 1057 habes;
1296 1020 1485 1054 Neminem
1504 1034 1664 1067 unquam
1684 1023 1778 1054 malo
1792 1021 1836 1067 ²¹⁴)
1853 1033 1958 1065 urge,
1985 1022 2045 1055 sed
2064 1022 2169 1055 iusto.

247 1077 370 1121 Neque
387 1073 474 1119 quid
492 1070 701 1104 facultatum
718 1081 880 1102 mearum
907 1071 1028 1102 celabo
1054 1076 1084 1103 te
1096 1096 1104 1110 ,
1133 1082 1193 1102 ne·
1348 1071 1587 1105 Beneficentia
1605 1071 1694 1105 nihil
1708 1079 1757 1108 est
1775 1073 1912 1106 melius.

611 1131 679 1164 que
700 1120 787 1164 quid
805 1120 921 1154 maius
1296 1122 1451 1156 Nuntius
1471 1130 1589 1157 mutus
1605 1124 1736 1156 bellum
1757 1124 2059 1169 multilacrymum
2079 1123 2226 1162 excitat,

299 1176 371 1210 Tui
390 1185 495 1208 causa
513 1170 661 1216 hospitii
678 1171 822 1205 aliunde
840 1171 1040 1206 afferemus.
1247 1171 1322 1207 550
1351 1173 1485 1219 Cyrne,
1528 1187 1569 1207 ex
1600 1176 1725 1218 procul
1747 1175 1937 1219 conspicua
1965 1187 2142 1219 apparens
2166 1187 2243 1218 spe-

247 1230 284 1263 Si
309 1239 393 1261 vero
420 1225 498 1271 quis
522 1228 752 1268 percontetur
773 1224 814 1256 de
838 1235 917 1256 mea
943 1224 1035 1263 vita,
1070 1224 1118 1257 sic
1144 1223 1194 1255 illi
1659 1226 1748 1259 cula.

612 1273 737 1306 dicito:
1299 1276 1397 1320 Quin
1415 1276 1515 1321 equis
1535 1276 1640 1309 iniice
1660 1278 1840 1310 velocibus
1857 1278 1976 1315 srena;

199 1332 272 1368 520
302 1331 406 1375 Quod
426 1329 515 1361 bene
531 1325 676 1372 quidem
694 1324 883 1358 difficulter
895 1352 904 1365 ,
933 1326 1030 1370 quod
1047 1324 1194 1358 difficul-
1352 1327 1548 1361 Hostilibus
1566 1328 1660 1360 enim
1680 1328 1775 1372 ipsos
1794 1328 1879 1361 viris
1896 1340 2105 1361 occursuros
2128 1326 2244 1360 video.

606 1383 660 1409 ter
679 1387 765 1408 vero
777 1402 786 1415 ,
814 1376 968 1409 maxime
984 1377 1073 1409 bene
1085 1403 1094 1415 ,
1298 1379 1381 1413 Non
1401 1379 1513 1411 multo
1532 1379 1647 1422 spatio
1665 1380 1933 1422 pertransibunt
1948 1379 2111 1412 semitam
2124 1405 2133 1418 ‚

248 1435 323 1474 Sic,
349 1438 389 1466 ut
404 1442 515 1465 unum
534 1428 677 1474 quidem
695 1425 873 1471 hospitem
889 1428 1047 1472 patrium
1057 1427 1103 1474 ²²³)
1122 1439 1194 1460 non
1352 1430 1429 1465 Nisi
1448 1442 1565 1463 meam
1582 1437 1737 1463 mentem
1755 1431 1882 1463 fallunt
1898 1430 1969 1465 Dii.

611 1477 779 1518 reficere,
1251 1481 1325 1517 555
1353 1482 1507 1526 Oportet
1524 1482 1608 1514 forti
1626 1494 1698 1516 esse
1717 1482 1837 1515 animo
1862 1482 2028 1526 gravibus
2053 1482 2090 1514 in
2113 1480 2248 1514 dolori-

301 1535 415 1570 Xenia
433 1545 517 1566 vero
535 1531 637 1576 plura
657 1537 708 1563 est
723 1542 797 1563 non
815 1535 941 1573 potens
957 1531 1138 1574 praebere.
1222 1559 1226 1611 1
1659 1534 1724 1567 bus
1743 1534 1973 1567 constitutum
1992 1533 2131 1572 virum,

248 1590 330 1624 Non
346 1595 379 1621 te
402 1587 552 1623 frustra,
585 1596 602 1616 ο
622 1581 746 1621 Plute,
782 1582 953 1615 mortales
976 1583 1097 1615 colunt
1122 1593 1196 1614 ma-
1353 1585 1454 1630 Aque
1481 1584 1613 1631 Diis‘ffi)
1645 1591 1764 1629 petere
1788 1585 2038 1618 liberationem
2062 1585 2248 1616 immorta-

613 1632 724 1670 xime;
1665 1637 1768 1670 libus.

306 1691 355 1723 Pte
373 1698 455 1720 vera
474 1685 568 1719 essim
587 1684 688 1717 simile
707 1683 946 1716 calamitatem
964 1685 1043 1718 sers-
1303 1687 1511 1728 Considera,
1535 1687 1734 1731 periculum
1753 1687 1898 1733 quidem
1915 1687 1952 1720 in
1968 1686 2164 1720 novaculae
2183 1691 2251 1720 stat

202 1742 275 1779 525
300 1739 441 1775 Etenim
455 1737 597 1771 divitias
613 1735 756 1781 quidem
773 1734 904 1768 habere
919 1736 1034 1770 bonos
1051 1747 1114 1779 par
1131 1741 1197 1772 esu
1663 1739 1737 1772 acie
1750 1765 1760 1779 ²

304 1794 501 1836 Paupertas
520 1801 606 1822 vero
623 1787 719 1819 malo
736 1788 927 1820 COlanda
946 1787 1023 1821 Viro
1038 1787 1143 1820 ferre·
1355 1791 1560 1836 Aliquando
1593 1791 1705 1824 multa
1742 1788 1888 1823 habebis
1901 1816 1910 1829 ‚
1944 1789 2138 1834 aliquando
2165 1800 2251 1832 pau—

256 1847 332 1879 Heu
367 1854 483 1876 meam
522 1841 768 1885 pubertatem,
810 1845 844 1871 et
879 1845 1094 1873 senectutem
1130 1837 1199 1871 exi·
1665 1842 1779 1875 cim-33

613 1890 733 1923 tiflleffl
746 1916 755 1930 ²
1306 1892 1356 1925 lta
1392 1900 1431 1926 ut
1461 1900 1498 1927 tu
1532 1906 1648 1939 neque
1678 1893 1780 1925 valde
1812 1892 1997 1924 abundans
2021 1890 2253 1935 possessioni-

309 1946 408 1978 Hanc
426 1943 570 1988 quidem
589 1942 852 1981 imminentem,
873 1941 969 1974 illam
988 1953 1073 1973 vero
1092 1940 1200 1973 disce-
1671 1944 1737 1977 bus
1759 1944 1840 1982 fias,

619 1995 776 2026 dentem·
1256 1994 1330 2029 560
1359 1995 1481 2040 Neque
1501 2002 1539 2028 tu
1557 1995 1593 2027 in
1610 1995 1760 2027 multam
1778 1993 1999 2037 opulentiam
2016 1994 2158 2027 evadas.

258 2049 380 2093 Neque
400 2056 617 2091 quemquam
639 2044 783 2089 prodidi
803 2042 975 2083 amicum,
1005 2050 1038 2076 θῖ
1063 2042 1199 2074 fidelem
1307 2047 1359 2080 Sit
1391 2045 1479 2079 mihi
1511 2046 1579 2078 alia
1615 2045 1759 2091 quidem
1790 2057 1846 2077 me
1872 2042 2022 2085 habere,
2065 2045 2134 2078 alia
2169 2056 2252 2077 vero

617 2096 752 2129 socium
764 2122 774 2135 ,
1665 2097 1776 2130 inulta
1796 2097 1930 2129 donare
1943 2123 1951 2135 ,

209 2152 283 2186 530
311 2149 433 2194 Neque
451 2147 488 2180 in
505 2158 584 2179 meo
601 2147 721 2179 animo
739 2144 903 2180 dolosum
922 2142 1012 2177 nihil
1027 2144 1129 2177 inest.
1360 2146 1455 2191 Opes
1474 2145 1630 2180 hostium
1650 2148 1772 2181 amicis
1788 2146 1932 2186 habere.

259 2205 406 2246 Semper
423 2197 511 2232 mihi
529 2196 675 2232 charum
700 2210 760 2231 cor
784 2196 936 2236 exultat,
972 2196 1117 2241 quando
1144 2208 1202 2227 au-
1308 2198 1439 2232 Vocari
1456 2211 1541 2232 vero
1559 2201 1603 2232 ad
1620 2200 1824 2233 convivium
1838 2227 1845 2240 ,
1880 2201 2000 2234 sedere
2020 2205 2138 2233 autem
2156 2198 2252 2233 iuxta

614 2249 714 2281 diem
1668 2252 1802 2285 boumn

312 2302 436 2335 Tibias
453 2307 621 2335 sonantes
639 2299 910 2333 desiderabilem
930 2310 1071 2332 sonum·
1361 2301 1486 2335 Virum
1499 2329 1507 2342 ,
1536 2302 1658 2335 utilem
1678 2303 1889 2347 sapientiam
1910 2314 2053 2336 omnem
2071 2301 2255 2339 scientem,

264 2355 392 2387 Laetor
411 2365 494 2386 vero
511 2353 600 2385 bene
619 2351 762 2390 bibens,
789 2356 823 2383 et
841 2350 1023 2383 tibicinem
1041 2348 1204 2383 audiens;
1260 2351 1335 2386 565
1364 2355 1473 2388 Causa
1497 2350 1739 2398 intelligendi,
1780 2356 1925 2401 quando
1958 2353 2093 2399 aliquid
2127 2351 2256 2385 dixerit

315 2404 442 2438 Laetor
468 2416 552 2438 vero
574 2405 793 2437 benesonam
826 2402 990 2435 manibus
1018 2401 1133 2446 lyram
1159 2406 1206 2432 te·
1672 2407 1832 2451 sapiens*
1861 2412 1898 2439 „t
1923 2405 2104 2443 docem-53,

624 2467 728 2488 nens:
1263 2483 1345 2487 „vv
1366 2484 1467 2487 „—

1107 2570 1109 2572 ,
1235 2532 1238 2552 l
1298 2548 1344 2576 ⁴4)
1369 2547 1453 2574 malo!
1480 2545 1519 2568 sic
1546 2546 1590 2575 (z
1618 2547 1736 2575 'rt-cogn.
1763 2544 1903 2573 κιικόιηιι)
1931 2545 2012 2568 Editt.
2036 2545 2097 2568 1561
2119 2543 2257 2573 -157o.;

250 2591 297 2618 42)
318 2588 412 2620 nobis]
432 2588 458 2612 iu
479 2588 526 2611 Ed.
545 2587 617 2611 1563.
638 2587 726 2610 deest.
1236 2593 1239 2619 3
1333 2581 1381 2605 Ed.
1400 2581 1471 2604 1551.
1492 2581 1570 2604 male.

247 2643 296 2669 43)
316 2640 448 2671 patrium]
470 2639 511 2661 sic
530 2640 576 2666 (z
591 2639 710 2668 Theogn.
731 2634 889 2667 πατρώϊον)
902 2636 985 2661 Editt.
1000 2637 1084 2663 1561„
1107 2636 1211 2660 156⁴—
1298 2632 1441 2674 ⁴5).A.‘¹¹¹e
1462 2631 1534 2673 piis]
1554 2633 1593 2673 εἰς
1621 2634 1666 2660 (z
1688 2633 1806 2672 ᾘιεοςξιι.
1828 2630 1901 2662 Πρός
1922 2638 1947 2655 τε
1967 2630 2054 2670 Quint)
2076 2630 2260 2659 Edit-¹:1¹5>qu

287 2676 377 2703 ‘5314
403 2674 450 2698 Ed.
468 2672 542 2696 1563.
562 2673 659 2696 mendo
680 2674 806 2702 typogr.:
834 2670 959 2700 partium.
1338 2667 1426 2696 lomi,
1449 2667 1653 2696 ¹;›7⁰-1081.;
1682 2667 1730 2690 hd.
1747 2666 1821 2691 156⁴.
1842 2668 1930 2696 Atque
1951 2666 2020 2690 Dus.
