<?xml version="1.0" encoding="UTF-8"?>
<!DOCTYPE html PUBLIC "-//W3C//DTD XHTML 1.0 Transitional//EN"
    "http://www.w3.org/TR/xhtml1/DTD/xhtml1-transitional.dtd">
<html xmlns="http://www.w3.org/1999/xhtml" xml:lang="en" lang="en">
 <head>
  <title>
</title>
<meta http-equiv="Content-Type" content="text/html;charset=utf-8" />
  <meta name='ocr-system' content='tesseract 3.04.00' />
  <meta name='ocr-capabilities' content='ocr_page ocr_carea ocr_par ocr_line ocrx_word'/>
</head>
<body>
  <div class='ocr_page' id='page_1' title='image "./operaquaesupersu19melauoft_0325.png"; bbox 0 0 2421 3005; ppageno 0'>
   <div class='ocr_carea' id='block_1_1' title="bbox 99 75 513 114">
    <p class='ocr_par' dir='ltr' id='par_1_1' title="bbox 99 75 513 114">
     <span class='ocr_line' id='line_1_1' title="bbox 99 75 513 114; baseline -0.002 -2"><span class='ocrx_word' id='word_1_1' title='bbox 99 75 175 114; x_wconf 77' lang='lat'><strong>625</strong></span> <span class='ocrx_word' id='word_1_2' title='bbox 425 75 513 111; x_wconf 85' lang='lat' dir='ltr'><strong>XCI.</strong></span> 
     </span>
    </p>
   </div>
   <div class='ocr_carea' id='block_1_2' title="bbox 101 164 1102 209">
    <p class='ocr_par' dir='ltr' id='par_1_2' title="bbox 101 164 1102 209">
     <span class='ocr_line' id='line_1_2' title="bbox 101 164 1102 209; baseline 0 -11"><span class='ocrx_word' id='word_1_3' title='bbox 101 171 165 198; x_wconf 81' lang='lat' dir='ltr'><strong>aut</strong></span> <span class='ocrx_word' id='word_1_4' title='bbox 181 164 370 197; x_wconf 88' lang='lat' dir='ltr'><strong>commode</strong></span> <span class='ocrx_word' id='word_1_5' title='bbox 390 164 539 198; x_wconf 90' lang='lat' dir='ltr'><strong>refutari</strong></span> <span class='ocrx_word' id='word_1_6' title='bbox 561 170 756 209; x_wconf 77' lang='lat' dir='ltr'><strong>nequeant,</strong></span> <span class='ocrx_word' id='word_1_7' title='bbox 781 177 855 198; x_wconf 85' lang='lat' dir='ltr'><strong>esse</strong></span> <span class='ocrx_word' id='word_1_8' title='bbox 873 164 1102 198; x_wconf 87' lang='lat' dir='ltr'><strong>dissimulan-</strong></span> 
     </span>
    </p>
   </div>
   <div class='ocr_carea' id='block_1_3' title="bbox 95 214 1130 250">
    <p class='ocr_par' dir='ltr' id='par_1_3' title="bbox 95 214 1130 262">
     <span class='ocr_line' id='line_1_3' title="bbox 95 214 1130 250; baseline 0.001 -2"><span class='ocrx_word' id='word_1_9' title='bbox 95 217 141 248; x_wconf 87' lang='lat' dir='ltr'><strong>da</strong></span> <span class='ocrx_word' id='word_1_10' title='bbox 162 215 322 249; x_wconf 89' lang='lat' dir='ltr'><strong>silentio:</strong></span> <span class='ocrx_word' id='word_1_11' title='bbox 345 216 601 250; x_wconf 85' lang='lat' dir='ltr'><strong>confutationis</strong></span> <span class='ocrx_word' id='word_1_12' title='bbox 619 223 741 249; x_wconf 87' lang='lat' dir='ltr'><strong>tamen</strong></span> <span class='ocrx_word' id='word_1_13' title='bbox 759 216 838 249; x_wconf 92' lang='lat' dir='ltr'><strong>loco</strong></span> <span class='ocrx_word' id='word_1_14' title='bbox 855 216 1020 250; x_wconf 87' lang='lat' dir='ltr'><strong>similiter</strong></span> <span class='ocrx_word' id='word_1_15' title='bbox 1037 217 1102 249; x_wconf 91' lang='lat' dir='ltr'><strong>ali-</strong></span> <span class='ocrx_word' id='word_1_16' title='bbox 1128 214 1130 249; x_wconf 62' lang='lat' dir='ltr'><strong>,l</strong></span> 
     </span>
    </p>
   </div>
   <div class='ocr_carea' id='block_1_4' title="bbox 95 267 1099 315">
    <p class='ocr_par' dir='ltr' id='par_1_4' title="bbox 95 267 1099 315">
     <span class='ocr_line' id='line_1_4' title="bbox 95 267 1099 315; baseline 0.001 -14"><span class='ocrx_word' id='word_1_17' title='bbox 95 267 183 313; x_wconf 88' lang='lat' dir='ltr'><strong>quid</strong></span> <span class='ocrx_word' id='word_1_18' title='bbox 209 267 336 312; x_wconf 82' lang='lat' dir='ltr'>probri</span> <span class='ocrx_word' id='word_1_19' title='bbox 368 269 576 302; x_wconf 88' lang='lat' dir='ltr'><strong>adversario</strong></span> <span class='ocrx_word' id='word_1_20' title='bbox 605 267 869 309; x_wconf 89' lang='lat' dir='ltr'><strong>obiiciendum,</strong></span> <span class='ocrx_word' id='word_1_21' title='bbox 899 270 997 315; x_wconf 89' lang='lat' dir='ltr'><strong>quod</strong></span> <span class='ocrx_word' id='word_1_22' title='bbox 1018 281 1099 302; x_wconf 91' lang='lat' dir='ltr'><strong>eum</strong></span> 
     </span>
    </p>
   </div>
   <div class='ocr_carea' id='block_1_5' title="bbox 93 319 1127 365">
    <p class='ocr_par' dir='ltr' id='par_1_5' title="bbox 93 319 1127 365">
     <span class='ocr_line' id='line_1_5' title="bbox 93 319 1127 365; baseline 0.002 -13"><span class='ocrx_word' id='word_1_23' title='bbox 93 331 218 354; x_wconf 89' lang='lat' dir='ltr'><strong>rursus</strong></span> <span class='ocrx_word' id='word_1_24' title='bbox 242 327 381 364; x_wconf 87' lang='lat' dir='ltr'><strong>pungat</strong></span> <span class='ocrx_word' id='word_1_25' title='bbox 402 319 465 363; x_wconf 87' lang='lat'>¹⁰),</span> <span class='ocrx_word' id='word_1_26' title='bbox 501 326 534 353; x_wconf 92' lang='lat' dir='ltr'><strong>et</strong></span> <span class='ocrx_word' id='word_1_27' title='bbox 554 322 650 365; x_wconf 89' lang='lat' dir='ltr'><strong>apud</strong></span> <span class='ocrx_word' id='word_1_28' title='bbox 673 320 856 355; x_wconf 79' lang='lat' dir='ltr'>auditores</span> <span class='ocrx_word' id='word_1_29' title='bbox 876 321 914 353; x_wconf 92' lang='lat' dir='ltr'><strong>in</strong></span> <span class='ocrx_word' id='word_1_30' title='bbox 940 327 1101 355; x_wconf 85' lang='lat' dir='ltr'><strong>contem-</strong></span> <span class='ocrx_word' id='word_1_31' title='bbox 1125 355 1127 365; x_wconf 57' lang='lat'>&lt;</span> 
     </span>
    </p>
   </div>
   <div class='ocr_carea' id='block_1_6' title="bbox 93 372 605 468">
    <p class='ocr_par' dir='ltr' id='par_1_6' title="bbox 93 372 605 468">
     <span class='ocr_line' id='line_1_6' title="bbox 93 372 388 416; baseline -0.003 -11"><span class='ocrx_word' id='word_1_32' title='bbox 93 377 196 416; x_wconf 88' lang='lat' dir='ltr'><strong>ptum</strong></span> <span class='ocrx_word' id='word_1_33' title='bbox 221 372 388 405; x_wconf 85' lang='lat' dir='ltr'><strong>adducat.</strong></span> 
     </span>
     <span class='ocr_line' id='line_1_7' title="bbox 197 421 605 468; baseline 0 -12"><span class='ocrx_word' id='word_1_34' title='bbox 197 423 352 465; x_wconf 79' lang='lat' dir='ltr'><strong>„Liceat</strong></span> <span class='ocrx_word' id='word_1_35' title='bbox 368 423 478 468; x_wconf 89' lang='lat' dir='ltr'><strong>igitur</strong></span> <span class='ocrx_word' id='word_1_36' title='bbox 496 421 585 457; x_wconf 90' lang='lat' dir='ltr'><strong>mihi</strong></span> <span class='ocrx_word' id='word_1_37' title='bbox 597 451 605 464; x_wconf 93' lang='lat'>‚</span> 
     </span>
    </p>
   </div>
   <div class='ocr_carea' id='block_1_7' title="bbox 90 474 1125 521">
    <p class='ocr_par' dir='ltr' id='par_1_7' title="bbox 90 474 1125 521">
     <span class='ocr_line' id='line_1_8' title="bbox 90 474 1125 521; baseline 0.001 -13"><span class='ocrx_word' id='word_1_38' title='bbox 90 475 160 516; x_wconf 86' lang='lat' dir='ltr'><strong>lat,</strong></span> <span class='ocrx_word' id='word_1_39' title='bbox 205 487 519 516; x_wconf 89' lang='lat' dir='ltr'><strong>commemorare,</strong></span> <span class='ocrx_word' id='word_1_40' title='bbox 562 476 692 521; x_wconf 90' lang='lat' dir='ltr'><strong>quibus</strong></span> <span class='ocrx_word' id='word_1_41' title='bbox 724 478 829 511; x_wconf 90' lang='lat' dir='ltr'><strong>rebus</strong></span> <span class='ocrx_word' id='word_1_42' title='bbox 870 478 961 510; x_wconf 89' lang='lat' dir='ltr'><strong>alter</strong></span> <span class='ocrx_word' id='word_1_43' title='bbox 993 474 1125 511; x_wconf 60' lang='lat' dir='ltr'><strong>alteri}</strong></span> 
     </span>
    </p>
   </div>
   <div class='ocr_carea' id='block_1_8' title="bbox 91 528 1123 575">
    <p class='ocr_par' dir='ltr' id='par_1_8' title="bbox 91 528 1123 575">
     <span class='ocr_line' id='line_1_9' title="bbox 91 528 1123 575; baseline 0.002 -15"><span class='ocrx_word' id='word_1_44' title='bbox 91 533 267 572; x_wconf 87' lang='lat' dir='ltr'><strong>praestet,</strong></span> <span class='ocrx_word' id='word_1_45' title='bbox 294 534 328 561; x_wconf 92' lang='lat' dir='ltr'><strong>et</strong></span> <span class='ocrx_word' id='word_1_46' title='bbox 354 528 487 574; x_wconf 82' lang='lat' dir='ltr'><strong>absque</strong></span> <span class='ocrx_word' id='word_1_47' title='bbox 514 528 649 562; x_wconf 76' lang='lat' dir='ltr'><strong>invidia</strong></span> <span class='ocrx_word' id='word_1_48' title='bbox 675 529 826 573; x_wconf 86' lang='lat' dir='ltr'><strong>gloriari</strong></span> <span class='ocrx_word' id='word_1_49' title='bbox 848 529 974 569; x_wconf 90' lang='lat' dir='ltr'><strong>bonis,</strong></span> <span class='ocrx_word' id='word_1_50' title='bbox 1003 541 1095 575; x_wconf 87' lang='lat' dir='ltr'><strong>quae</strong></span> <span class='ocrx_word' id='word_1_51' title='bbox 1122 549 1123 562; x_wconf 61' lang='lat' dir='ltr'><strong>i</strong></span> 
     </span>
    </p>
   </div>
   <div class='ocr_carea' id='block_1_9' title="bbox 82 579 1095 991">
    <p class='ocr_par' dir='ltr' id='par_1_9' title="bbox 82 579 1095 991">
     <span class='ocr_line' id='line_1_10' title="bbox 90 579 1095 624; baseline 0.002 -12"><span class='ocrx_word' id='word_1_52' title='bbox 90 579 238 624; x_wconf 85' lang='lat' dir='ltr'><strong>proprie</strong></span> <span class='ocrx_word' id='word_1_53' title='bbox 256 586 380 613; x_wconf 83' lang='lat' dir='ltr'><strong>nostra</strong></span> <span class='ocrx_word' id='word_1_54' title='bbox 405 580 587 614; x_wconf 89' lang='lat' dir='ltr'><strong>dicuntur.</strong></span> <span class='ocrx_word' id='word_1_55' title='bbox 640 580 733 615; x_wconf 76' lang='lat' dir='ltr'><strong>Nam</strong></span> <span class='ocrx_word' id='word_1_56' title='bbox 752 581 862 621; x_wconf 84' lang='lat' dir='ltr'><strong>Aiax,</strong></span> <span class='ocrx_word' id='word_1_57' title='bbox 891 583 975 614; x_wconf 82' lang='lat' dir='ltr'><strong>(lum</strong></span> <span class='ocrx_word' id='word_1_58' title='bbox 992 587 1095 614; x_wconf 86' lang='lat' dir='ltr'><strong>nata-</strong></span> 
     </span>
     <span class='ocr_line' id='line_1_11' title="bbox 87 631 1093 677; baseline 0.003 -13"><span class='ocrx_word' id='word_1_59' title='bbox 87 631 182 665; x_wconf 89' lang='lat' dir='ltr'><strong>libus</strong></span> <span class='ocrx_word' id='word_1_60' title='bbox 202 638 236 665; x_wconf 91' lang='lat' dir='ltr'><strong>et</strong></span> <span class='ocrx_word' id='word_1_61' title='bbox 255 631 436 666; x_wconf 88' lang='lat' dir='ltr'><strong>maiorum</strong></span> <span class='ocrx_word' id='word_1_62' title='bbox 454 632 671 676; x_wconf 84' lang='lat' dir='ltr'><strong>imaginibus</strong></span> <span class='ocrx_word' id='word_1_63' title='bbox 691 633 887 677; x_wconf 82' lang='lat' dir='ltr'><strong>gloriatur,</strong></span> <span class='ocrx_word' id='word_1_64' title='bbox 916 645 990 666; x_wconf 91' lang='lat' dir='ltr'><strong>non</strong></span> <span class='ocrx_word' id='word_1_65' title='bbox 1009 633 1093 673; x_wconf 89' lang='lat' dir='ltr'><strong>suis,</strong></span> 
     </span>
     <span class='ocr_line' id='line_1_12' title="bbox 87 683 1093 730; baseline 0.002 -14"><span class='ocrx_word' id='word_1_66' title='bbox 87 684 149 717; x_wconf 85' lang='lat' dir='ltr'><strong>sed</strong></span> <span class='ocrx_word' id='word_1_67' title='bbox 173 683 341 717; x_wconf 74' lang='lat' dir='ltr'><strong>fortunae</strong></span> <span class='ocrx_word' id='word_1_68' title='bbox 366 685 472 718; x_wconf 90' lang='lat' dir='ltr'><strong>bonis</strong></span> <span class='ocrx_word' id='word_1_69' title='bbox 489 697 526 718; x_wconf 88' lang='lat' dir='ltr'><strong>se</strong></span> <span class='ocrx_word' id='word_1_70' title='bbox 548 685 666 718; x_wconf 87' lang='lat' dir='ltr'><strong>iactat.</strong></span> <span class='ocrx_word' id='word_1_71' title='bbox 721 685 757 718; x_wconf 88' lang='lat' dir='ltr'><strong>Si</strong></span> <span class='ocrx_word' id='word_1_72' title='bbox 784 685 870 730; x_wconf 91' lang='lat' dir='ltr'><strong>quid</strong></span> <span class='ocrx_word' id='word_1_73' title='bbox 887 691 1010 717; x_wconf 88' lang='lat' dir='ltr'><strong>tamen</strong></span> <span class='ocrx_word' id='word_1_74' title='bbox 1028 697 1093 718; x_wconf 91' lang='lat' dir='ltr'><strong>no-</strong></span> 
     </span>
     <span class='ocr_line' id='line_1_13' title="bbox 86 734 1092 780; baseline 0.002 -12"><span class='ocrx_word' id='word_1_75' title='bbox 86 735 225 768; x_wconf 85' lang='lat' dir='ltr'><strong>bilitate</strong></span> <span class='ocrx_word' id='word_1_76' title='bbox 243 736 402 780; x_wconf 84' lang='lat' dir='ltr'><strong>generis,</strong></span> <span class='ocrx_word' id='word_1_77' title='bbox 431 738 526 770; x_wconf 89' lang='lat' dir='ltr'><strong>unde</strong></span> <span class='ocrx_word' id='word_1_78' title='bbox 543 734 634 769; x_wconf 88' lang='lat' dir='ltr'><strong>nibil</strong></span> <span class='ocrx_word' id='word_1_79' title='bbox 651 737 786 770; x_wconf 84' lang='lat' dir='ltr'><strong>solidae</strong></span> <span class='ocrx_word' id='word_1_80' title='bbox 803 743 837 769; x_wconf 88' lang='lat' dir='ltr'><strong>et</strong></span> <span class='ocrx_word' id='word_1_81' title='bbox 853 748 959 769; x_wconf 84' lang='lat' dir='ltr'><strong>verae</strong></span> <span class='ocrx_word' id='word_1_82' title='bbox 975 737 1092 770; x_wconf 88' lang='lat' dir='ltr'><strong>laudis</strong></span> 
     </span>
     <span class='ocr_line' id='line_1_14' title="bbox 86 787 1091 834; baseline 0.001 -14"><span class='ocrx_word' id='word_1_83' title='bbox 86 787 192 822; x_wconf 89' lang='lat' dir='ltr'><strong>nobis</strong></span> <span class='ocrx_word' id='word_1_84' title='bbox 209 788 367 830; x_wconf 87' lang='lat' dir='ltr'><strong>accedit,</strong></span> <span class='ocrx_word' id='word_1_85' title='bbox 396 789 626 833; x_wconf 87' lang='lat' dir='ltr'><strong>gloriandum</strong></span> <span class='ocrx_word' id='word_1_86' title='bbox 651 795 721 828; x_wconf 91' lang='lat' dir='ltr'><strong>est,</strong></span> <span class='ocrx_word' id='word_1_87' title='bbox 759 801 824 833; x_wconf 85' lang='lat' dir='ltr'><strong>ego</strong></span> <span class='ocrx_word' id='word_1_88' title='bbox 847 801 992 834; x_wconf 88' lang='lat' dir='ltr'><strong>quoque</strong></span> <span class='ocrx_word' id='word_1_89' title='bbox 1016 790 1091 833; x_wconf 89' lang='lat' dir='ltr'><strong>glo-</strong></span> 
     </span>
     <span class='ocr_line' id='line_1_15' title="bbox 84 839 1091 885; baseline 0.003 -14"><span class='ocrx_word' id='word_1_90' title='bbox 84 839 174 872; x_wconf 87' lang='lat' dir='ltr'><strong>riari</strong></span> <span class='ocrx_word' id='word_1_91' title='bbox 191 852 337 884; x_wconf 91' lang='lat' dir='ltr'><strong>possum</strong></span> <span class='ocrx_word' id='word_1_92' title='bbox 350 868 360 881; x_wconf 87' lang='lat'><strong>,</strong></span> <span class='ocrx_word' id='word_1_93' title='bbox 388 853 445 874; x_wconf 90' lang='lat' dir='ltr'><strong>me</strong></span> <span class='ocrx_word' id='word_1_94' title='bbox 463 839 557 874; x_wconf 88' lang='lat' dir='ltr'><strong>Iovis</strong></span> <span class='ocrx_word' id='word_1_95' title='bbox 576 847 815 885; x_wconf 81' lang='lat' dir='ltr'><strong>pronepotem</strong></span> <span class='ocrx_word' id='word_1_96' title='bbox 841 853 926 875; x_wconf 87' lang='lat' dir='ltr'><strong>esse.</strong></span> <span class='ocrx_word' id='word_1_97' title='bbox 980 840 1091 876; x_wconf 74' lang='lat' dir='ltr'><strong>Laer-</strong></span> 
     </span>
     <span class='ocr_line' id='line_1_16' title="bbox 84 890 1090 938; baseline 0.001 -13"><span class='ocrx_word' id='word_1_98' title='bbox 84 897 159 925; x_wconf 88' lang='lat' dir='ltr'><strong>tem</strong></span> <span class='ocrx_word' id='word_1_99' title='bbox 187 892 283 925; x_wconf 90' lang='lat' dir='ltr'><strong>enim</strong></span> <span class='ocrx_word' id='word_1_100' title='bbox 313 899 452 938; x_wconf 89' lang='lat' dir='ltr'><strong>patrem</strong></span> <span class='ocrx_word' id='word_1_101' title='bbox 473 890 611 933; x_wconf 89' lang='lat' dir='ltr'><strong>habeo,</strong></span> <span class='ocrx_word' id='word_1_102' title='bbox 636 891 784 928; x_wconf 72' lang='lat' dir='ltr'><strong>Laertes</strong></span> <span class='ocrx_word' id='word_1_103' title='bbox 798 893 1007 933; x_wconf 72' lang='lat' dir='ltr'><strong>Arce-sium,</strong></span> <span class='ocrx_word' id='word_1_104' title='bbox 1032 890 1090 926; x_wconf 91' lang='lat' dir='ltr'><strong>hic</strong></span> 
     </span>
     <span class='ocr_line' id='line_1_17' title="bbox 82 941 1089 991; baseline 0.002 -15"><span class='ocrx_word' id='word_1_105' title='bbox 82 941 217 979; x_wconf 82' lang='lat' dir='ltr'><strong>Iovem.</strong></span> <span class='ocrx_word' id='word_1_106' title='bbox 269 944 395 991; x_wconf 86' lang='lat' dir='ltr'><strong>Neque</strong></span> <span class='ocrx_word' id='word_1_107' title='bbox 412 945 504 978; x_wconf 90' lang='lat' dir='ltr'><strong>ullus</strong></span> <span class='ocrx_word' id='word_1_108' title='bbox 519 945 650 978; x_wconf 83' lang='lat' dir='ltr'><strong>scelere</strong></span> <span class='ocrx_word' id='word_1_109' title='bbox 675 945 963 985; x_wconf 82' lang='lat' dir='ltr'><strong>contaminatus,</strong></span> <span class='ocrx_word' id='word_1_110' title='bbox 991 951 1025 978; x_wconf 92' lang='lat' dir='ltr'><strong>et</strong></span> <span class='ocrx_word' id='word_1_111' title='bbox 1052 945 1089 978; x_wconf 89' lang='lat' dir='ltr'><strong>in</strong></span> 
     </span>
    </p>
   </div>
   <div class='ocr_carea' id='block_1_10' title="bbox 84 995 1116 1041">
    <p class='ocr_par' dir='ltr' id='par_1_10' title="bbox 84 995 1116 1041">
     <span class='ocr_line' id='line_1_18' title="bbox 84 995 1116 1041; baseline 0 -12"><span class='ocrx_word' id='word_1_112' title='bbox 84 995 231 1030; x_wconf 78' lang='lat' dir='ltr'><strong>exilium</strong></span> <span class='ocrx_word' id='word_1_113' title='bbox 257 996 390 1030; x_wconf 87' lang='lat' dir='ltr'><strong>eiectus</strong></span> <span class='ocrx_word' id='word_1_114' title='bbox 408 996 589 1041; x_wconf 84' lang='lat' dir='ltr'><strong>reperitur</strong></span> <span class='ocrx_word' id='word_1_115' title='bbox 613 997 650 1029; x_wconf 90' lang='lat' dir='ltr'><strong>in</strong></span> <span class='ocrx_word' id='word_1_116' title='bbox 668 1010 746 1030; x_wconf 84' lang='lat' dir='ltr'><strong>mea</strong></span> <span class='ocrx_word' id='word_1_117' title='bbox 766 997 903 1030; x_wconf 83' lang='lat' dir='ltr'><strong>familia</strong></span> <span class='ocrx_word' id='word_1_118' title='bbox 924 1003 1087 1041; x_wconf 78' lang='lat' dir='ltr'><strong>paterna,</strong></span> <span class='ocrx_word' id='word_1_119' title='bbox 1114 1012 1116 1022; x_wconf 89' lang='lat'><em>·</em></span> 
     </span>
    </p>
   </div>
   <div class='ocr_carea' id='block_1_11' title="bbox 78 1047 1087 1510">
    <p class='ocr_par' dir='ltr' id='par_1_11' title="bbox 78 1047 1087 1510">
     <span class='ocr_line' id='line_1_19' title="bbox 82 1047 1087 1094; baseline 0.001 -14"><span class='ocrx_word' id='word_1_120' title='bbox 82 1053 123 1081; x_wconf 89' lang='lat' dir='ltr'><strong>ut</strong></span> <span class='ocrx_word' id='word_1_121' title='bbox 144 1047 182 1081; x_wconf 85' lang='lat' dir='ltr'><strong>in</strong></span> <span class='ocrx_word' id='word_1_122' title='bbox 207 1048 339 1082; x_wconf 90' lang='lat' dir='ltr'><strong>Aiacis.</strong></span> <span class='ocrx_word' id='word_1_123' title='bbox 400 1050 518 1093; x_wconf 85' lang='lat' dir='ltr'><strong>Auget</strong></span> <span class='ocrx_word' id='word_1_124' title='bbox 543 1061 687 1094; x_wconf 91' lang='lat' dir='ltr'><strong>quoque</strong></span> <span class='ocrx_word' id='word_1_125' title='bbox 715 1050 943 1083; x_wconf 78' lang='lat' dir='ltr'><strong>nobilitatem</strong></span> <span class='ocrx_word' id='word_1_126' title='bbox 969 1061 1087 1082; x_wconf 85' lang='lat' dir='ltr'><strong>meam</strong></span> 
     </span>
     <span class='ocr_line' id='line_1_20' title="bbox 81 1099 1086 1146; baseline 0.005 -15"><span class='ocrx_word' id='word_1_127' title='bbox 81 1099 159 1144; x_wconf 89' lang='lat' dir='ltr'><strong>ipsa</strong></span> <span class='ocrx_word' id='word_1_128' title='bbox 186 1107 321 1140; x_wconf 81' lang='lat' dir='ltr'><strong>mater,</strong></span> <span class='ocrx_word' id='word_1_129' title='bbox 350 1113 459 1145; x_wconf 84' lang='lat' dir='ltr'><strong>quam</strong></span> <span class='ocrx_word' id='word_1_130' title='bbox 477 1100 650 1135; x_wconf 82' lang='lat' dir='ltr'><strong>Mercurii</strong></span> <span class='ocrx_word' id='word_1_131' title='bbox 671 1108 817 1146; x_wconf 81' lang='lat' dir='ltr'><strong>neptem</strong></span> <span class='ocrx_word' id='word_1_132' title='bbox 842 1114 915 1135; x_wconf 86' lang='lat' dir='ltr'><strong>esse</strong></span> <span class='ocrx_word' id='word_1_133' title='bbox 935 1107 1086 1136; x_wconf 86' lang='lat' dir='ltr'><strong>constat.</strong></span> 
     </span>
     <span class='ocr_line' id='line_1_21' title="bbox 80 1150 1085 1198; baseline 0.002 -14"><span class='ocrx_word' id='word_1_134' title='bbox 80 1150 199 1198; x_wconf 87' lang='lat' dir='ltr'><strong>Atque</strong></span> <span class='ocrx_word' id='word_1_135' title='bbox 222 1152 271 1185; x_wconf 88' lang='lat' dir='ltr'><strong>ita</strong></span> <span class='ocrx_word' id='word_1_136' title='bbox 296 1159 492 1198; x_wconf 87' lang='lat' dir='ltr'><strong>utrumque</strong></span> <span class='ocrx_word' id='word_1_137' title='bbox 516 1160 706 1197; x_wconf 86' lang='lat' dir='ltr'><strong>parentem</strong></span> <span class='ocrx_word' id='word_1_138' title='bbox 734 1153 811 1187; x_wconf 92' lang='lat' dir='ltr'><strong>Diis</strong></span> <span class='ocrx_word' id='word_1_139' title='bbox 833 1153 993 1197; x_wconf 86' lang='lat' dir='ltr'><strong>genitum</strong></span> <span class='ocrx_word' id='word_1_140' title='bbox 1022 1151 1085 1186; x_wconf 83' lang='lat' dir='ltr'><strong>ha-</strong></span> 
     </span>
     <span class='ocr_line' id='line_1_22' title="bbox 78 1203 1085 1252; baseline 0 -15"><span class='ocrx_word' id='word_1_141' title='bbox 78 1204 161 1238; x_wconf 87' lang='lat' dir='ltr'><strong>beo.</strong></span> <span class='ocrx_word' id='word_1_142' title='bbox 213 1204 283 1238; x_wconf 93' lang='lat' dir='ltr'><strong>Sed</strong></span> <span class='ocrx_word' id='word_1_143' title='bbox 301 1205 477 1250; x_wconf 89' lang='lat' dir='ltr'><strong>quoniam</strong></span> <span class='ocrx_word' id='word_1_144' title='bbox 499 1207 555 1247; x_wconf 88' lang='lat' dir='ltr'><strong>(ut</strong></span> <span class='ocrx_word' id='word_1_145' title='bbox 573 1205 664 1252; x_wconf 84' lang='lat' dir='ltr'><strong>dixi)</strong></span> <span class='ocrx_word' id='word_1_146' title='bbox 691 1203 779 1239; x_wconf 87' lang='lat' dir='ltr'><strong>haec</strong></span> <span class='ocrx_word' id='word_1_147' title='bbox 796 1206 892 1239; x_wconf 87' lang='lat' dir='ltr'><strong>bona</strong></span> <span class='ocrx_word' id='word_1_148' title='bbox 918 1206 1085 1239; x_wconf 76' lang='lat' dir='ltr'><strong>fortunae</strong></span> 
     </span>
     <span class='ocr_line' id='line_1_23' title="bbox 78 1256 1086 1302; baseline 0.001 -13"><span class='ocrx_word' id='word_1_149' title='bbox 78 1256 221 1300; x_wconf 88' lang='lat' dir='ltr'><strong>potius,</strong></span> <span class='ocrx_word' id='word_1_150' title='bbox 249 1268 358 1302; x_wconf 90' lang='lat' dir='ltr'><strong>quam</strong></span> <span class='ocrx_word' id='word_1_151' title='bbox 378 1263 501 1290; x_wconf 85' lang='lat' dir='ltr'><strong>nostra</strong></span> <span class='ocrx_word' id='word_1_152' title='bbox 520 1264 621 1297; x_wconf 89' lang='lat' dir='ltr'><strong>sunt,</strong></span> <span class='ocrx_word' id='word_1_153' title='bbox 648 1256 740 1291; x_wconf 81' lang='lat' dir='ltr'><strong>nihil</strong></span> <span class='ocrx_word' id='word_1_154' title='bbox 759 1258 794 1290; x_wconf 89' lang='lat' dir='ltr'><strong>in</strong></span> <span class='ocrx_word' id='word_1_155' title='bbox 813 1256 879 1291; x_wconf 88' lang='lat' dir='ltr'><strong>hac</strong></span> <span class='ocrx_word' id='word_1_156' title='bbox 895 1270 1000 1292; x_wconf 78' lang='lat' dir='ltr'><strong>causa</strong></span> <span class='ocrx_word' id='word_1_157' title='bbox 1026 1269 1086 1290; x_wconf 70' lang='lat' dir='ltr'><strong>va-</strong></span> 
     </span>
     <span class='ocr_line' id='line_1_24' title="bbox 78 1307 1085 1355; baseline 0.002 -15"><span class='ocrx_word' id='word_1_158' title='bbox 78 1307 172 1348; x_wconf 88' lang='lat' dir='ltr'><strong>leat,</strong></span> <span class='ocrx_word' id='word_1_159' title='bbox 201 1309 300 1354; x_wconf 87' lang='lat' dir='ltr'><strong>quod</strong></span> <span class='ocrx_word' id='word_1_160' title='bbox 325 1315 491 1341; x_wconf 88' lang='lat' dir='ltr'><strong>materno</strong></span> <span class='ocrx_word' id='word_1_161' title='bbox 515 1321 644 1353; x_wconf 84' lang='lat' dir='ltr'><strong>genere</strong></span> <span class='ocrx_word' id='word_1_162' title='bbox 672 1322 750 1343; x_wconf 89' lang='lat' dir='ltr'><strong>sum</strong></span> <span class='ocrx_word' id='word_1_163' title='bbox 777 1310 956 1342; x_wconf 80' lang='lat' dir='ltr'><strong>nobilior:</strong></span> <span class='ocrx_word' id='word_1_164' title='bbox 987 1310 1085 1355; x_wconf 89' lang='lat' dir='ltr'><strong>quod</strong></span> 
     </span>
     <span class='ocr_line' id='line_1_25' title="bbox 78 1359 1085 1404; baseline 0.002 -12"><span class='ocrx_word' id='word_1_165' title='bbox 78 1359 118 1392; x_wconf 88' lang='lat' dir='ltr'><strong>in</strong></span> <span class='ocrx_word' id='word_1_166' title='bbox 140 1371 220 1393; x_wconf 86' lang='lat' dir='ltr'><strong>mea</strong></span> <span class='ocrx_word' id='word_1_167' title='bbox 244 1360 380 1393; x_wconf 87' lang='lat' dir='ltr'><strong>familia</strong></span> <span class='ocrx_word' id='word_1_168' title='bbox 407 1366 558 1404; x_wconf 85' lang='lat' dir='ltr'><strong>paterna</strong></span> <span class='ocrx_word' id='word_1_169' title='bbox 583 1361 702 1395; x_wconf 83' lang='lat' dir='ltr'><strong>nullus</strong></span> <span class='ocrx_word' id='word_1_170' title='bbox 718 1362 900 1394; x_wconf 73' lang='lat' dir='ltr'><strong>fratricida</strong></span> <span class='ocrx_word' id='word_1_171' title='bbox 919 1359 1085 1394; x_wconf 85' lang='lat' dir='ltr'><strong>habetur.</strong></span> 
     </span>
     <span class='ocr_line' id='line_1_26' title="bbox 79 1411 1086 1457; baseline 0.001 -13"><span class='ocrx_word' id='word_1_172' title='bbox 79 1411 202 1457; x_wconf 90' lang='lat' dir='ltr'><strong>Quare</strong></span> <span class='ocrx_word' id='word_1_173' title='bbox 228 1412 330 1444; x_wconf 90' lang='lat' dir='ltr'><strong>omni</strong></span> <span class='ocrx_word' id='word_1_174' title='bbox 354 1412 543 1445; x_wconf 86' lang='lat' dir='ltr'><strong>nobilitate</strong></span> <span class='ocrx_word' id='word_1_175' title='bbox 570 1413 710 1456; x_wconf 81' lang='lat' dir='ltr'><strong>generis</strong></span> <span class='ocrx_word' id='word_1_176' title='bbox 739 1414 899 1453; x_wconf 81' lang='lat' dir='ltr'><strong>exclusa,</strong></span> <span class='ocrx_word' id='word_1_177' title='bbox 936 1413 1020 1447; x_wconf 81' lang='lat' dir='ltr'><strong>solis</strong></span> <span class='ocrx_word' id='word_1_178' title='bbox 1048 1413 1086 1445; x_wconf 91' lang='lat' dir='ltr'><strong>in</strong></span> 
     </span>
     <span class='ocr_line' id='line_1_27' title="bbox 78 1463 911 1510; baseline 0.002 -13"><span class='ocrx_word' id='word_1_179' title='bbox 78 1463 340 1508; x_wconf 86' lang='lat' dir='ltr'><strong>rempublicam</strong></span> <span class='ocrx_word' id='word_1_180' title='bbox 359 1463 497 1498; x_wconf 87' lang='lat' dir='ltr'><strong>meritis</strong></span> <span class='ocrx_word' id='word_1_181' title='bbox 517 1477 661 1498; x_wconf 80' lang='lat' dir='ltr'><strong>causam</strong></span> <span class='ocrx_word' id='word_1_182' title='bbox 682 1466 883 1510; x_wconf 76' lang='lat' dir='ltr'><strong>expendite.</strong></span> <span class='ocrx_word' id='word_1_183' title='bbox 896 1463 911 1471; x_wconf 58' lang='lat'><strong>&#39;⁴</strong></span> 
     </span>
    </p>
   </div>
   <div class='ocr_carea' id='block_1_12' title="bbox 131 1524 1085 1624">
    <p class='ocr_par' dir='ltr' id='par_1_12' title="bbox 131 1524 1085 1624">
     <span class='ocr_line' id='line_1_28' title="bbox 131 1524 1085 1572; baseline 0.001 -14"><span class='ocrx_word' id='word_1_184' title='bbox 131 1524 190 1559; x_wconf 87' lang='lat' dir='ltr'><strong>Vs.</strong></span> <span class='ocrx_word' id='word_1_185' title='bbox 210 1525 294 1559; x_wconf 86' lang='grc'><strong>151.</strong></span> <span class='ocrx_word' id='word_1_186' title='bbox 322 1528 513 1560; x_wconf 76' lang='lat' dir='ltr'><strong>Dummodo</strong></span> <span class='ocrx_word' id='word_1_187' title='bbox 527 1529 613 1572; x_wconf 75' lang='lat' dir='ltr'><strong>qnod</strong></span> <span class='ocrx_word' id='word_1_188' title='bbox 625 1526 756 1570; x_wconf 49' lang='lat' dir='ltr'><strong>fratres</strong></span> <span class='ocrx_word' id='word_1_189' title='bbox 776 1528 935 1561; x_wconf 77' lang='lat' dir='ltr'><strong>Telamon</strong></span> <span class='ocrx_word' id='word_1_190' title='bbox 952 1527 1085 1560; x_wconf 76' lang='lat' dir='ltr'><strong>Peleus-</strong></span> 
     </span>
     <span class='ocr_line' id='line_1_29' title="bbox 392 1578 624 1624; baseline 0.009 -15"><span class='ocrx_word' id='word_1_191' title='bbox 392 1591 452 1624; x_wconf 79' lang='lat' dir='ltr'><strong>que</strong></span> <span class='ocrx_word' id='word_1_192' title='bbox 470 1578 624 1621; x_wconf 68' lang='lat' dir='ltr'><strong>fecerum.</strong></span> 
     </span>
    </p>
   </div>
   <div class='ocr_carea' id='block_1_13' title="bbox 75 1634 1085 2307">
    <p class='ocr_par' dir='ltr' id='par_1_13' title="bbox 77 1634 1085 1722">
     <span class='ocr_line' id='line_1_30' title="bbox 78 1634 1085 1682; baseline 0.003 -14"><span class='ocrx_word' id='word_1_193' title='bbox 78 1634 266 1669; x_wconf 84' lang='lat' dir='ltr'><strong>Refutatio</strong></span> <span class='ocrx_word' id='word_1_194' title='bbox 285 1638 490 1680; x_wconf 84' lang='lat' dir='ltr'><strong>argumenti</strong></span> <span class='ocrx_word' id='word_1_195' title='bbox 504 1638 548 1671; x_wconf 87' lang='lat' dir='ltr'><strong>de</strong></span> <span class='ocrx_word' id='word_1_196' title='bbox 566 1637 782 1682; x_wconf 79' lang='lat' dir='ltr'><strong>cognatione</strong></span> <span class='ocrx_word' id='word_1_197' title='bbox 809 1645 844 1671; x_wconf 88' lang='lat' dir='ltr'><strong>et</strong></span> <span class='ocrx_word' id='word_1_198' title='bbox 865 1638 941 1671; x_wconf 88' lang='lat' dir='ltr'><strong>iure</strong></span> <span class='ocrx_word' id='word_1_199' title='bbox 959 1635 1085 1671; x_wconf 87' lang='lat' dir='ltr'><strong>haere-</strong></span> 
     </span>
     <span class='ocr_line' id='line_1_31' title="bbox 77 1687 223 1722; baseline 0 0"><span class='ocrx_word' id='word_1_200' title='bbox 77 1687 223 1722; x_wconf 77' lang='lat' dir='ltr'><strong>ditatio.</strong></span> 
     </span>
    </p>

    <p class='ocr_par' dir='ltr' id='par_1_14' title="bbox 75 1738 1084 2307">
     <span class='ocr_line' id='line_1_32' title="bbox 181 1738 1084 1786; baseline 0.002 -13"><span class='ocrx_word' id='word_1_201' title='bbox 181 1739 355 1780; x_wconf 91' lang='lat' dir='ltr'><strong>„Deinde</strong></span> <span class='ocrx_word' id='word_1_202' title='bbox 374 1740 403 1774; x_wconf 91' lang='lat' dir='ltr'><strong>si</strong></span> <span class='ocrx_word' id='word_1_203' title='bbox 421 1740 459 1774; x_wconf 87' lang='lat' dir='ltr'><strong>in</strong></span> <span class='ocrx_word' id='word_1_204' title='bbox 477 1738 547 1774; x_wconf 93' lang='lat' dir='ltr'><strong>hoc</strong></span> <span class='ocrx_word' id='word_1_205' title='bbox 562 1741 721 1786; x_wconf 88' lang='lat' dir='ltr'><strong>negotio,</strong></span> <span class='ocrx_word' id='word_1_206' title='bbox 749 1741 811 1774; x_wconf 90' lang='lat' dir='ltr'><strong>ubi</strong></span> <span class='ocrx_word' id='word_1_207' title='bbox 828 1754 903 1775; x_wconf 90' lang='lat' dir='ltr'><strong>non</strong></span> <span class='ocrx_word' id='word_1_208' title='bbox 920 1743 963 1775; x_wconf 94' lang='lat' dir='ltr'><strong>de</strong></span> <span class='ocrx_word' id='word_1_209' title='bbox 981 1748 1084 1775; x_wconf 88' lang='lat' dir='ltr'><strong>nata-</strong></span> 
     </span>
     <span class='ocr_line' id='line_1_33' title="bbox 76 1791 1082 1840; baseline 0.001 -15"><span class='ocrx_word' id='word_1_210' title='bbox 76 1791 190 1833; x_wconf 88' lang='lat' dir='ltr'><strong>libus,</strong></span> <span class='ocrx_word' id='word_1_211' title='bbox 216 1793 279 1826; x_wconf 91' lang='lat' dir='ltr'><strong>sed</strong></span> <span class='ocrx_word' id='word_1_212' title='bbox 303 1794 346 1826; x_wconf 90' lang='lat' dir='ltr'><strong>de</strong></span> <span class='ocrx_word' id='word_1_213' title='bbox 371 1793 508 1827; x_wconf 87' lang='lat' dir='ltr'><strong>meritis</strong></span> <span class='ocrx_word' id='word_1_214' title='bbox 534 1793 719 1827; x_wconf 87' lang='lat' dir='ltr'><strong>contentio</strong></span> <span class='ocrx_word' id='word_1_215' title='bbox 745 1800 816 1833; x_wconf 85' lang='lat' dir='ltr'><strong>est,</strong></span> <span class='ocrx_word' id='word_1_216' title='bbox 844 1800 1018 1840; x_wconf 89' lang='lat' dir='ltr'><strong>tanquam</strong></span> <span class='ocrx_word' id='word_1_217' title='bbox 1045 1795 1082 1826; x_wconf 91' lang='lat' dir='ltr'><strong>in</strong></span> 
     </span>
     <span class='ocr_line' id='line_1_34' title="bbox 80 1842 1084 1892; baseline 0.002 -16"><span class='ocrx_word' id='word_1_218' title='bbox 80 1844 248 1878; x_wconf 87' lang='lat' dir='ltr'><strong>adeunda</strong></span> <span class='ocrx_word' id='word_1_219' title='bbox 276 1842 502 1879; x_wconf 86' lang='lat' dir='ltr'><strong>haereditate</strong></span> <span class='ocrx_word' id='word_1_220' title='bbox 530 1845 785 1892; x_wconf 83' lang='lat' dir='ltr'><strong>propinquitas</strong></span> <span class='ocrx_word' id='word_1_221' title='bbox 815 1846 970 1886; x_wconf 76' lang='lat' dir='ltr'><strong>valeret,</strong></span> <span class='ocrx_word' id='word_1_222' title='bbox 996 1843 1084 1879; x_wconf 87' lang='lat' dir='ltr'><strong>haec</strong></span> 
     </span>
     <span class='ocr_line' id='line_1_35' title="bbox 77 1896 1082 1943; baseline 0.003 -15"><span class='ocrx_word' id='word_1_223' title='bbox 77 1907 179 1929; x_wconf 84' lang='lat' dir='ltr'><strong>arma</strong></span> <span class='ocrx_word' id='word_1_224' title='bbox 196 1908 272 1930; x_wconf 88' lang='lat' dir='ltr'><strong>non</strong></span> <span class='ocrx_word' id='word_1_225' title='bbox 292 1897 414 1938; x_wconf 90' lang='lat' dir='ltr'><strong>Aiaci,</strong></span> <span class='ocrx_word' id='word_1_226' title='bbox 442 1898 505 1932; x_wconf 90' lang='lat' dir='ltr'><strong>sed</strong></span> <span class='ocrx_word' id='word_1_227' title='bbox 521 1896 664 1943; x_wconf 88' lang='lat' dir='ltr'><strong>Pyrrho</strong></span> <span class='ocrx_word' id='word_1_228' title='bbox 678 1925 686 1938; x_wconf 92' lang='lat'><strong>,</strong></span> <span class='ocrx_word' id='word_1_229' title='bbox 715 1898 788 1931; x_wconf 88' lang='lat' dir='ltr'><strong>filio</strong></span> <span class='ocrx_word' id='word_1_230' title='bbox 811 1896 980 1938; x_wconf 85' lang='lat' dir='ltr'><strong>Achillis,</strong></span> <span class='ocrx_word' id='word_1_231' title='bbox 1005 1897 1082 1931; x_wconf 89' lang='lat' dir='ltr'><strong>iure</strong></span> 
     </span>
     <span class='ocr_line' id='line_1_36' title="bbox 77 1948 1082 1990; baseline 0.004 -10"><span class='ocrx_word' id='word_1_232' title='bbox 77 1948 308 1983; x_wconf 86' lang='lat' dir='ltr'><strong>deberentur.</strong></span> <span class='ocrx_word' id='word_1_233' title='bbox 363 1949 401 1983; x_wconf 92' lang='lat' dir='ltr'><strong>Si</strong></span> <span class='ocrx_word' id='word_1_234' title='bbox 419 1962 505 1983; x_wconf 86' lang='lat' dir='ltr'><strong>vero</strong></span> <span class='ocrx_word' id='word_1_235' title='bbox 530 1950 558 1983; x_wconf 94' lang='lat' dir='ltr'><strong>is</strong></span> <span class='ocrx_word' id='word_1_236' title='bbox 580 1962 655 1983; x_wconf 90' lang='lat' dir='ltr'><strong>non</strong></span> <span class='ocrx_word' id='word_1_237' title='bbox 671 1950 816 1984; x_wconf 86' lang='lat' dir='ltr'><strong>relictus</strong></span> <span class='ocrx_word' id='word_1_238' title='bbox 835 1957 924 1984; x_wconf 87' lang='lat' dir='ltr'><strong>esset</strong></span> <span class='ocrx_word' id='word_1_239' title='bbox 943 1948 1082 1990; x_wconf 87' lang='lat' dir='ltr'><strong>haeres,</strong></span> 
     </span>
     <span class='ocr_line' id='line_1_37' title="bbox 76 1999 1082 2048; baseline 0.003 -15"><span class='ocrx_word' id='word_1_240' title='bbox 76 1999 205 2041; x_wconf 88' lang='lat' dir='ltr'><strong>Peleo,</strong></span> <span class='ocrx_word' id='word_1_241' title='bbox 229 1999 378 2035; x_wconf 87' lang='lat' dir='ltr'><strong>Achillis</strong></span> <span class='ocrx_word' id='word_1_242' title='bbox 394 2002 510 2046; x_wconf 87' lang='lat' dir='ltr'><strong>patri,</strong></span> <span class='ocrx_word' id='word_1_243' title='bbox 533 2002 596 2048; x_wconf 88' lang='lat' dir='ltr'><strong>qui</strong></span> <span class='ocrx_word' id='word_1_244' title='bbox 615 2000 732 2036; x_wconf 88' lang='lat' dir='ltr'><strong>adhuc</strong></span> <span class='ocrx_word' id='word_1_245' title='bbox 749 2002 849 2042; x_wconf 82' lang='lat' dir='ltr'><strong>vivit,</strong></span> <span class='ocrx_word' id='word_1_246' title='bbox 878 2000 1082 2036; x_wconf 77' lang='lat' dir='ltr'><strong>haereditas</strong></span> 
     </span>
     <span class='ocr_line' id='line_1_38' title="bbox 78 2051 1083 2100; baseline 0.002 -15"><span class='ocrx_word' id='word_1_247' title='bbox 78 2051 278 2087; x_wconf 88' lang='lat' dir='ltr'><strong>obveniret.</strong></span> <span class='ocrx_word' id='word_1_248' title='bbox 328 2052 457 2087; x_wconf 89' lang='lat' dir='ltr'><strong>Videte</strong></span> <span class='ocrx_word' id='word_1_249' title='bbox 476 2066 574 2098; x_wconf 90' lang='lat' dir='ltr'><strong>ergo,</strong></span> <span class='ocrx_word' id='word_1_250' title='bbox 601 2067 710 2100; x_wconf 85' lang='lat' dir='ltr'><strong>quam</strong></span> <span class='ocrx_word' id='word_1_251' title='bbox 729 2055 959 2099; x_wconf 88' lang='lat' dir='ltr'><strong>impudenter</strong></span> <span class='ocrx_word' id='word_1_252' title='bbox 974 2054 1083 2088; x_wconf 88' lang='lat' dir='ltr'><strong>faciat</strong></span> 
     </span>
     <span class='ocr_line' id='line_1_39' title="bbox 75 2103 1081 2151; baseline 0.001 -14"><span class='ocrx_word' id='word_1_253' title='bbox 75 2103 185 2145; x_wconf 82' lang='lat' dir='ltr'><strong>Aiax,</strong></span> <span class='ocrx_word' id='word_1_254' title='bbox 214 2105 297 2150; x_wconf 91' lang='lat' dir='ltr'><strong>qui,</strong></span> <span class='ocrx_word' id='word_1_255' title='bbox 325 2117 407 2138; x_wconf 90' lang='lat' dir='ltr'><strong>cum</strong></span> <span class='ocrx_word' id='word_1_256' title='bbox 429 2117 505 2139; x_wconf 88' lang='lat' dir='ltr'><strong>non</strong></span> <span class='ocrx_word' id='word_1_257' title='bbox 522 2106 568 2140; x_wconf 88' lang='lat' dir='ltr'><strong>sit</strong></span> <span class='ocrx_word' id='word_1_258' title='bbox 592 2107 707 2150; x_wconf 89' lang='lat' dir='ltr'><strong>gradu</strong></span> <span class='ocrx_word' id='word_1_259' title='bbox 725 2107 930 2151; x_wconf 84' lang='lat' dir='ltr'><strong>proximus,</strong></span> <span class='ocrx_word' id='word_1_260' title='bbox 958 2113 1081 2140; x_wconf 85' lang='lat' dir='ltr'><strong>tamen</strong></span> 
     </span>
     <span class='ocr_line' id='line_1_40' title="bbox 77 2154 1081 2204; baseline 0.002 -15"><span class='ocrx_word' id='word_1_261' title='bbox 77 2154 322 2190; x_wconf 86' lang='lat' dir='ltr'><strong>haereditario</strong></span> <span class='ocrx_word' id='word_1_262' title='bbox 350 2156 428 2190; x_wconf 90' lang='lat' dir='ltr'><strong>iure</strong></span> <span class='ocrx_word' id='word_1_263' title='bbox 452 2159 560 2191; x_wconf 87' lang='lat' dir='ltr'><strong>audet</strong></span> <span class='ocrx_word' id='word_1_264' title='bbox 587 2170 687 2191; x_wconf 88' lang='lat' dir='ltr'><strong>arma</strong></span> <span class='ocrx_word' id='word_1_265' title='bbox 718 2159 913 2204; x_wconf 85' lang='lat' dir='ltr'><strong>postulare.</strong></span> <span class='ocrx_word' id='word_1_266' title='bbox 982 2158 1081 2203; x_wconf 86' lang='lat' dir='ltr'><strong>Quid</strong></span> 
     </span>
     <span class='ocr_line' id='line_1_41' title="bbox 78 2208 1081 2255; baseline 0.002 -13"><span class='ocrx_word' id='word_1_267' title='bbox 78 2208 195 2242; x_wconf 85' lang='lat' dir='ltr'><strong>dicam</strong></span> <span class='ocrx_word' id='word_1_268' title='bbox 216 2210 260 2242; x_wconf 91' lang='lat' dir='ltr'><strong>de</strong></span> <span class='ocrx_word' id='word_1_269' title='bbox 286 2208 451 2249; x_wconf 77' lang='lat' dir='ltr'><strong>Teucro,</strong></span> <span class='ocrx_word' id='word_1_270' title='bbox 491 2209 602 2254; x_wconf 90' lang='lat' dir='ltr'><strong>ipsius</strong></span> <span class='ocrx_word' id='word_1_271' title='bbox 624 2211 735 2244; x_wconf 88' lang='lat' dir='ltr'><strong>fratre</strong></span> <span class='ocrx_word' id='word_1_272' title='bbox 763 2210 962 2255; x_wconf 82' lang='lat' dir='ltr'><strong>germano?</strong></span> <span class='ocrx_word' id='word_1_273' title='bbox 1008 2210 1081 2244; x_wconf 91' lang='lat' dir='ltr'><strong>Cur</strong></span> 
     </span>
     <span class='ocr_line' id='line_1_42' title="bbox 79 2258 1079 2307; baseline 0.002 -14"><span class='ocrx_word' id='word_1_274' title='bbox 79 2261 232 2294; x_wconf 82' lang='lat' dir='ltr'><strong>eandem</strong></span> <span class='ocrx_word' id='word_1_275' title='bbox 249 2258 511 2295; x_wconf 89' lang='lat' dir='ltr'><strong>haereditatem</strong></span> <span class='ocrx_word' id='word_1_276' title='bbox 528 2273 603 2295; x_wconf 92' lang='lat' dir='ltr'><strong>non</strong></span> <span class='ocrx_word' id='word_1_277' title='bbox 619 2262 734 2307; x_wconf 80' lang='lat' dir='ltr'><strong>petit?</strong></span> <span class='ocrx_word' id='word_1_278' title='bbox 762 2263 827 2297; x_wconf 88' lang='lat' dir='ltr'><strong>Est</strong></span> <span class='ocrx_word' id='word_1_279' title='bbox 843 2263 936 2297; x_wconf 91' lang='lat' dir='ltr'><strong>enim</strong></span> <span class='ocrx_word' id='word_1_280' title='bbox 947 2260 1079 2296; x_wconf 86' lang='lat' dir='ltr'><strong>Achilli</strong></span> 
     </span>
    </p>
   </div>
   <div class='ocr_carea' id='block_1_14' title="bbox 78 2417 1081 2689">
    <p class='ocr_par' dir='ltr' id='par_1_15' title="bbox 78 2417 1081 2689">
     <span class='ocr_line' id='line_1_43' title="bbox 78 2417 637 2463; baseline 0.005 -14"><span class='ocrx_word' id='word_1_281' title='bbox 78 2417 362 2463; x_wconf 83' lang='lat' dir='ltr'><strong>propinquitatis</strong></span> <span class='ocrx_word' id='word_1_282' title='bbox 382 2417 459 2451; x_wconf 89' lang='lat' dir='ltr'><strong>iure</strong></span> <span class='ocrx_word' id='word_1_283' title='bbox 476 2417 610 2452; x_wconf 86' lang='lat' dir='ltr'><strong>deberi.</strong></span> <span class='ocrx_word' id='word_1_284' title='bbox 622 2417 637 2425; x_wconf 57' lang='lat'><strong>⁴*</strong></span> 
     </span>
     <span class='ocr_line' id='line_1_44' title="bbox 128 2475 1078 2525; baseline 0 -13"><span class='ocrx_word' id='word_1_285' title='bbox 128 2476 190 2512; x_wconf 81' lang='lat' dir='ltr'><strong>Vs.</strong></span> <span class='ocrx_word' id='word_1_286' title='bbox 207 2475 293 2513; x_wconf 83' lang='lat'><strong>159.</strong></span> <span class='ocrx_word' id='word_1_287' title='bbox 323 2481 412 2523; x_wconf 75' lang='lat' dir='ltr'><strong>Eryv</strong></span> <span class='ocrx_word' id='word_1_288' title='bbox 429 2492 563 2522; x_wconf 74' lang='lat' dir='ltr'><strong>opernm</strong></span> <span class='ocrx_word' id='word_1_289' title='bbox 584 2482 739 2525; x_wconf 68' lang='lat' dir='ltr'><strong>quoniam</strong></span> <span class='ocrx_word' id='word_1_290' title='bbox 761 2482 886 2514; x_wconf 78' lang='lat' dir='ltr'><strong>nudum</strong></span> <span class='ocrx_word' id='word_1_291' title='bbox 910 2487 1078 2514; x_wconf 69' lang='lat' dir='ltr'><strong>certamen</strong></span> 
     </span>
     <span class='ocr_line' id='line_1_45' title="bbox 391 2533 543 2565; baseline -0.007 0"><span class='ocrx_word' id='word_1_292' title='bbox 391 2533 543 2565; x_wconf 76' lang='lat' dir='ltr'><strong>hahetur.</strong></span> 
     </span>
     <span class='ocr_line' id='line_1_46' title="bbox 80 2588 1081 2638; baseline 0.001 -14"><span class='ocrx_word' id='word_1_293' title='bbox 80 2588 294 2631; x_wconf 88' lang='lat' dir='ltr'><strong>Conclusio,</strong></span> <span class='ocrx_word' id='word_1_294' title='bbox 331 2604 423 2638; x_wconf 84' lang='lat' dir='ltr'><strong>quae</strong></span> <span class='ocrx_word' id='word_1_295' title='bbox 448 2599 641 2637; x_wconf 74' lang='lat' dir='ltr'><strong>praeparat</strong></span> <span class='ocrx_word' id='word_1_296' title='bbox 665 2593 802 2625; x_wconf 80' lang='lat' dir='ltr'><strong>aditum</strong></span> <span class='ocrx_word' id='word_1_297' title='bbox 831 2592 875 2625; x_wconf 89' lang='lat' dir='ltr'><strong>ad</strong></span> <span class='ocrx_word' id='word_1_298' title='bbox 901 2592 1081 2626; x_wconf 85' lang='lat' dir='ltr'><strong>narratio-</strong></span> 
     </span>
     <span class='ocr_line' id='line_1_47' title="bbox 79 2644 910 2689; baseline 0.005 -15"><span class='ocrx_word' id='word_1_299' title='bbox 79 2653 162 2675; x_wconf 89' lang='lat' dir='ltr'><strong>nem</strong></span> <span class='ocrx_word' id='word_1_300' title='bbox 181 2654 328 2676; x_wconf 84' lang='lat' dir='ltr'><strong>suorum</strong></span> <span class='ocrx_word' id='word_1_301' title='bbox 347 2645 559 2678; x_wconf 76' lang='lat' dir='ltr'><strong>meritorum</strong></span> <span class='ocrx_word' id='word_1_302' title='bbox 580 2645 616 2677; x_wconf 91' lang='lat' dir='ltr'><strong>in</strong></span> <span class='ocrx_word' id='word_1_303' title='bbox 637 2644 910 2689; x_wconf 76' lang='lat' dir='ltr'><strong>rempublicam.</strong></span> 
     </span>
    </p>
   </div>
   <div class='ocr_carea' id='block_1_15' title="bbox 81 2704 182 2710">
    <p class='ocr_par' dir='ltr' id='par_1_16' title="bbox 81 2704 182 2710">
     <span class='ocr_line' id='line_1_48' title="bbox 81 2704 182 2710; baseline 0 0"><span class='ocrx_word' id='word_1_304' title='bbox 81 2704 182 2710; x_wconf 95' lang='lat' dir='ltr'><strong> </strong></span> 
     </span>
    </p>
   </div>
   <div class='ocr_carea' id='block_1_16' title="bbox 221 2707 291 2710">
    <p class='ocr_par' dir='ltr' id='par_1_17' title="bbox 221 2707 291 2710">
     <span class='ocr_line' id='line_1_49' title="bbox 221 2707 291 2710; baseline 0 0"><span class='ocrx_word' id='word_1_305' title='bbox 221 2707 291 2710; x_wconf 95' lang='lat' dir='ltr'><strong> </strong></span> 
     </span>
    </p>
   </div>
   <div class='ocr_carea' id='block_1_17' title="bbox 80 2725 742 2803">
    <p class='ocr_par' dir='ltr' id='par_1_18' title="bbox 80 2725 742 2803">
     <span class='ocr_line' id='line_1_50' title="bbox 116 2725 742 2759; baseline 0.003 -9"><span class='ocrx_word' id='word_1_306' title='bbox 116 2725 162 2758; x_wconf 86' lang='lat'><strong>10)</strong></span> <span class='ocrx_word' id='word_1_307' title='bbox 182 2729 302 2759; x_wconf 80' lang='lat' dir='ltr'><strong>pungat]</strong></span> <span class='ocrx_word' id='word_1_308' title='bbox 322 2727 363 2751; x_wconf 74' lang='lat' dir='ltr'><strong>sic</strong></span> <span class='ocrx_word' id='word_1_309' title='bbox 383 2728 465 2752; x_wconf 73' lang='lat' dir='ltr'><strong>Editt.</strong></span> <span class='ocrx_word' id='word_1_310' title='bbox 483 2729 576 2757; x_wconf 79' lang='lat'><strong>2555.;</strong></span> <span class='ocrx_word' id='word_1_311' title='bbox 601 2729 650 2754; x_wconf 78' lang='lat' dir='ltr'><strong>Ed.</strong></span> <span class='ocrx_word' id='word_1_312' title='bbox 669 2729 742 2752; x_wconf 76' lang='lat'><strong>1559.</strong></span> 
     </span>
     <span class='ocr_line' id='line_1_51' title="bbox 80 2769 619 2803; baseline 0.007 -4"><span class='ocrx_word' id='word_1_313' title='bbox 80 2769 267 2800; x_wconf 70' lang='lat' dir='ltr'><strong>MELANTH.</strong></span> <span class='ocrx_word' id='word_1_314' title='bbox 291 2769 398 2801; x_wconf 63' lang='lat' dir='ltr'><strong>Ormi.</strong></span> <span class='ocrx_word' id='word_1_315' title='bbox 423 2771 506 2802; x_wconf 74' lang='lat' dir='ltr'><strong>Vox..</strong></span> <span class='ocrx_word' id='word_1_316' title='bbox 532 2771 619 2803; x_wconf 78' lang='lat' dir='ltr'><strong>XIX.</strong></span> 
     </span>
    </p>
   </div>
   <div class='ocr_carea' id='block_1_18' title="bbox 764 2731 873 2760">
    <p class='ocr_par' dir='ltr' id='par_1_19' title="bbox 764 2731 873 2760">
     <span class='ocr_line' id='line_1_52' title="bbox 764 2731 873 2760; baseline 0.009 -9"><span class='ocrx_word' id='word_1_317' title='bbox 764 2731 873 2760; x_wconf 74' lang='lat' dir='ltr'><strong>pugnat.</strong></span> 
     </span>
    </p>
   </div>
   <div class='ocr_carea' id='block_1_19' title="bbox 574 75 1838 117">
    <p class='ocr_par' dir='ltr' id='par_1_20' title="bbox 574 75 1838 117">
     <span class='ocr_line' id='line_1_53' title="bbox 574 75 1838 117; baseline 0.006 -7"><span class='ocrx_word' id='word_1_318' title='bbox 574 75 861 111; x_wconf 66' lang='lat' dir='ltr'>EMRRATIO</span> <span class='ocrx_word' id='word_1_319' title='bbox 891 77 1019 111; x_wconf 75' lang='lat' dir='ltr'>LIBRI</span> <span class='ocrx_word' id='word_1_320' title='bbox 1049 77 1136 112; x_wconf 89' lang='lat' dir='ltr'><strong>Xlll.</strong></span> <span class='ocrx_word' id='word_1_321' title='bbox 1166 79 1647 116; x_wconf 70' lang='lat' dir='ltr'><strong>METAMORPHOSEON</strong></span> <span class='ocrx_word' id='word_1_322' title='bbox 1677 82 1838 117; x_wconf 71' lang='lat' dir='ltr'><strong>OVIDII.</strong></span> 
     </span>
    </p>
   </div>
   <div class='ocr_carea' id='block_1_20' title="bbox 643 425 1125 470">
    <p class='ocr_par' dir='ltr' id='par_1_21' title="bbox 643 425 1125 470">
     <span class='ocr_line' id='line_1_54' title="bbox 643 425 1125 470; baseline 0 -12"><span class='ocrx_word' id='word_1_323' title='bbox 643 426 739 470; x_wconf 90' lang='lat' dir='ltr'><strong>quod</strong></span> <span class='ocrx_word' id='word_1_324' title='bbox 759 425 951 459; x_wconf 84' lang='lat' dir='ltr'><strong>necessitas</strong></span> <span class='ocrx_word' id='word_1_325' title='bbox 974 431 1098 469; x_wconf 88' lang='lat' dir='ltr'><strong>postu·</strong></span> <span class='ocrx_word' id='word_1_326' title='bbox 1123 459 1125 469; x_wconf 47' lang='grc' dir='ltr'>Ι</span> 
     </span>
    </p>
   </div>
   <div class='ocr_carea' id='block_1_21' title="bbox 2086 86 2158 122">
    <p class='ocr_par' dir='ltr' id='par_1_22' title="bbox 2086 86 2158 122">
     <span class='ocr_line' id='line_1_55' title="bbox 2086 86 2158 122; baseline -0.014 -1"><span class='ocrx_word' id='word_1_327' title='bbox 2086 86 2158 122; x_wconf 73' lang='grc'><strong>626</strong></span> 
     </span>
    </p>
   </div>
   <div class='ocr_carea' id='block_1_22' title="bbox 1126 166 2160 481">
    <p class='ocr_par' dir='ltr' id='par_1_23' title="bbox 1126 166 2160 421">
     <span class='ocr_line' id='line_1_56' title="bbox 1127 166 2157 217; baseline 0.007 -18"><span class='ocrx_word' id='word_1_328' title='bbox 1127 171 1130 210; x_wconf 59' lang='lat'>1</span> <span class='ocrx_word' id='word_1_329' title='bbox 1257 166 1410 214; x_wconf 87' lang='lat' dir='ltr'><strong>„Itaque</strong></span> <span class='ocrx_word' id='word_1_330' title='bbox 1440 180 1518 201; x_wconf 82' lang='lat' dir='ltr'><strong>cum</strong></span> <span class='ocrx_word' id='word_1_331' title='bbox 1549 168 1586 201; x_wconf 91' lang='lat' dir='ltr'><strong>in</strong></span> <span class='ocrx_word' id='word_1_332' title='bbox 1611 167 1677 202; x_wconf 85' lang='lat' dir='ltr'><strong>bac</strong></span> <span class='ocrx_word' id='word_1_333' title='bbox 1702 183 1805 204; x_wconf 90' lang='lat' dir='ltr'><strong>causa</strong></span> <span class='ocrx_word' id='word_1_334' title='bbox 1829 183 1946 217; x_wconf 91' lang='lat' dir='ltr'><strong>neque</strong></span> <span class='ocrx_word' id='word_1_335' title='bbox 1974 172 2157 211; x_wconf 67' lang='lat' dir='ltr'><strong>nobilitas,</strong></span> 
     </span>
     <span class='ocr_line' id='line_1_57' title="bbox 1153 220 2160 268; baseline 0.006 -18"><span class='ocrx_word' id='word_1_336' title='bbox 1153 231 1270 265; x_wconf 91' lang='lat' dir='ltr'><strong>neque</strong></span> <span class='ocrx_word' id='word_1_337' title='bbox 1296 220 1485 264; x_wconf 82' lang='lat' dir='ltr'><strong>cognatio,</strong></span> <span class='ocrx_word' id='word_1_338' title='bbox 1514 221 1576 254; x_wconf 89' lang='lat' dir='ltr'><strong>sed</strong></span> <span class='ocrx_word' id='word_1_339' title='bbox 1595 222 1670 254; x_wconf 89' lang='lat' dir='ltr'><strong>sola</strong></span> <span class='ocrx_word' id='word_1_340' title='bbox 1697 222 1884 268; x_wconf 86' lang='lat' dir='ltr'><strong>utriusque</strong></span> <span class='ocrx_word' id='word_1_341' title='bbox 1903 223 2015 258; x_wconf 73' lang='lat' dir='ltr'><strong>virtus</strong></span> <span class='ocrx_word' id='word_1_342' title='bbox 2034 230 2067 256; x_wconf 89' lang='lat' dir='ltr'><strong>et</strong></span> <span class='ocrx_word' id='word_1_343' title='bbox 2086 237 2160 257; x_wconf 91' lang='lat' dir='ltr'><strong>me-</strong></span> 
     </span>
     <span class='ocr_line' id='line_1_58' title="bbox 1126 270 2158 319; baseline 0.006 -16"><span class='ocrx_word' id='word_1_344' title='bbox 1126 290 1128 297; x_wconf 49' lang='grc' dir='ltr'><em>ι</em></span> <span class='ocrx_word' id='word_1_345' title='bbox 1153 270 1219 303; x_wconf 85' lang='lat' dir='ltr'><strong>rita</strong></span> <span class='ocrx_word' id='word_1_346' title='bbox 1239 273 1433 316; x_wconf 83' lang='lat' dir='ltr'><strong>spectanda</strong></span> <span class='ocrx_word' id='word_1_347' title='bbox 1451 272 1544 312; x_wconf 85' lang='lat' dir='ltr'><strong>sint,</strong></span> <span class='ocrx_word' id='word_1_348' title='bbox 1573 285 1637 316; x_wconf 80' lang='lat' dir='ltr'><strong>ego</strong></span> <span class='ocrx_word' id='word_1_349' title='bbox 1658 275 1780 317; x_wconf 83' lang='lat' dir='ltr'><strong>paucis</strong></span> <span class='ocrx_word' id='word_1_350' title='bbox 1796 276 1969 319; x_wconf 83' lang='lat' dir='ltr'><strong>attingam</strong></span> <span class='ocrx_word' id='word_1_351' title='bbox 1997 288 2062 309; x_wconf 88' lang='lat' dir='ltr'><strong>nec</strong></span> <span class='ocrx_word' id='word_1_352' title='bbox 2087 276 2158 309; x_wconf 90' lang='lat' dir='ltr'><strong>sin-</strong></span> 
     </span>
     <span class='ocr_line' id='line_1_59' title="bbox 1153 323 2158 371; baseline 0.005 -15"><span class='ocrx_word' id='word_1_353' title='bbox 1153 323 1256 366; x_wconf 81' lang='lat' dir='ltr'><strong>gula,</strong></span> <span class='ocrx_word' id='word_1_354' title='bbox 1285 325 1346 357; x_wconf 88' lang='lat' dir='ltr'><strong>sed</strong></span> <span class='ocrx_word' id='word_1_355' title='bbox 1362 324 1576 368; x_wconf 86' lang='lat' dir='ltr'><strong>praecipua,</strong></span> <span class='ocrx_word' id='word_1_356' title='bbox 1606 338 1697 371; x_wconf 86' lang='lat' dir='ltr'><strong>quae</strong></span> <span class='ocrx_word' id='word_1_357' title='bbox 1721 338 1788 370; x_wconf 90' lang='lat' dir='ltr'><strong>pro</strong></span> <span class='ocrx_word' id='word_1_358' title='bbox 1815 328 1999 361; x_wconf 90' lang='lat' dir='ltr'><strong>communi</strong></span> <span class='ocrx_word' id='word_1_359' title='bbox 2026 328 2158 361; x_wconf 80' lang='lat' dir='ltr'><strong>exerci-</strong></span> 
     </span>
     <span class='ocr_line' id='line_1_60' title="bbox 1153 374 1766 421; baseline 0.005 -14"><span class='ocrx_word' id='word_1_360' title='bbox 1153 380 1208 408; x_wconf 86' lang='lat' dir='ltr'><strong>tus</strong></span> <span class='ocrx_word' id='word_1_361' title='bbox 1224 375 1338 409; x_wconf 89' lang='lat' dir='ltr'><strong>salute</strong></span> <span class='ocrx_word' id='word_1_362' title='bbox 1354 376 1391 409; x_wconf 89' lang='lat' dir='ltr'><strong>in</strong></span> <span class='ocrx_word' id='word_1_363' title='bbox 1410 374 1478 410; x_wconf 91' lang='lat' dir='ltr'><strong>hoc</strong></span> <span class='ocrx_word' id='word_1_364' title='bbox 1494 377 1588 410; x_wconf 87' lang='lat' dir='ltr'><strong>bello</strong></span> <span class='ocrx_word' id='word_1_365' title='bbox 1609 378 1742 421; x_wconf 80' lang='lat' dir='ltr'><strong>peregi,</strong></span> <span class='ocrx_word' id='word_1_366' title='bbox 1752 376 1766 381; x_wconf 78' lang='grc'>”</span> 
     </span>
    </p>

    <p class='ocr_par' dir='ltr' id='par_1_24' title="bbox 1203 435 2111 481">
     <span class='ocr_line' id='line_1_61' title="bbox 1203 435 2111 481; baseline 0.006 -12"><span class='ocrx_word' id='word_1_367' title='bbox 1203 435 1233 465; x_wconf 51' lang='grc' dir='ltr'>ἶ</span> <span class='ocrx_word' id='word_1_368' title='bbox 1236 449 1262 469; x_wconf 89' lang='lat' dir='ltr'><strong>s.</strong></span> <span class='ocrx_word' id='word_1_369' title='bbox 1282 437 1365 472; x_wconf 78' lang='grc'><strong>162.</strong></span> <span class='ocrx_word' id='word_1_370' title='bbox 1400 439 1558 471; x_wconf 77' lang='lat' dir='ltr'><strong>Praescia</strong></span> <span class='ocrx_word' id='word_1_371' title='bbox 1576 440 1710 471; x_wconf 53' lang='lat' dir='ltr'><strong>v*entm</strong></span> <span class='ocrx_word' id='word_1_372' title='bbox 1700 451 1707 471; x_wconf 78' lang='grc' dir='ltr'><em>ι</em></span> <span class='ocrx_word' id='word_1_373' title='bbox 1722 441 1858 481; x_wconf 70' lang='lat' dir='ltr'><strong>yeniiri</strong></span> <span class='ocrx_word' id='word_1_374' title='bbox 1862 452 1880 472; x_wconf 96' lang='grc' dir='ltr'>Γ</span> <span class='ocrx_word' id='word_1_375' title='bbox 1896 442 2026 474; x_wconf 62' lang='lat' dir='ltr'><strong>Aerem</strong></span> <span class='ocrx_word' id='word_1_376' title='bbox 2044 442 2111 475; x_wconf 77' lang='lat' dir='ltr'><strong>leti.</strong></span> 
     </span>
    </p>
   </div>
   <div class='ocr_carea' id='block_1_23' title="bbox 1122 493 2156 753">
    <p class='ocr_par' dir='ltr' id='par_1_25' title="bbox 1122 493 2156 637">
     <span class='ocr_line' id='line_1_62' title="bbox 1122 493 2156 541; baseline 0.006 -12"><span class='ocrx_word' id='word_1_377' title='bbox 1122 495 1125 529; x_wconf 80' lang='grc' dir='ltr'>ἶ</span> <span class='ocrx_word' id='word_1_378' title='bbox 1149 493 1300 530; x_wconf 82' lang='lat' dir='ltr'><strong>Inchoat</strong></span> <span class='ocrx_word' id='word_1_379' title='bbox 1336 499 1585 531; x_wconf 65' lang='lat' dir='ltr'><strong>n122rraionem</strong></span> <span class='ocrx_word' id='word_1_380' title='bbox 1623 500 1668 531; x_wconf 88' lang='lat' dir='ltr'><strong>ab</strong></span> <span class='ocrx_word' id='word_1_381' title='bbox 1694 496 1834 532; x_wconf 83' lang='lat' dir='ltr'><strong>Achille</strong></span> <span class='ocrx_word' id='word_1_382' title='bbox 1871 501 2048 541; x_wconf 86' lang='lat' dir='ltr'><strong>adductO,</strong></span> <span class='ocrx_word' id='word_1_383' title='bbox 2085 504 2156 535; x_wconf 86' lang='lat' dir='ltr'><strong>col-</strong></span> 
     </span>
     <span class='ocr_line' id='line_1_63' title="bbox 1122 548 2155 592; baseline 0.006 -10"><span class='ocrx_word' id='word_1_384' title='bbox 1122 574 1123 582; x_wconf 61' lang='grc'>,</span> <span class='ocrx_word' id='word_1_385' title='bbox 1149 548 1262 592; x_wconf 89' lang='lat' dir='ltr'><strong>ligens</strong></span> <span class='ocrx_word' id='word_1_386' title='bbox 1289 550 1410 582; x_wconf 89' lang='lat' dir='ltr'><strong>omnia</strong></span> <span class='ocrx_word' id='word_1_387' title='bbox 1438 551 1512 584; x_wconf 90' lang='lat' dir='ltr'><strong>eius</strong></span> <span class='ocrx_word' id='word_1_388' title='bbox 1530 552 1620 584; x_wconf 80' lang='lat' dir='ltr'><strong>iacta</strong></span> <span class='ocrx_word' id='word_1_389' title='bbox 1647 551 1714 584; x_wconf 89' lang='lat' dir='ltr'><strong>sibi</strong></span> <span class='ocrx_word' id='word_1_390' title='bbox 1741 551 1978 586; x_wconf 82' lang='lat' dir='ltr'><strong>adscribenda</strong></span> <span class='ocrx_word' id='word_1_391' title='bbox 1998 566 2090 590; x_wconf 71' lang='lat' dir='ltr'><strong>esse:</strong></span> <span class='ocrx_word' id='word_1_392' title='bbox 2120 567 2155 588; x_wconf 84' lang='lat' dir='ltr'><strong>se</strong></span> 
     </span>
     <span class='ocr_line' id='line_1_64' title="bbox 1150 599 1694 637; baseline 0.004 -4"><span class='ocrx_word' id='word_1_393' title='bbox 1150 601 1245 633; x_wconf 90' lang='lat' dir='ltr'><strong>enim</strong></span> <span class='ocrx_word' id='word_1_394' title='bbox 1263 599 1394 635; x_wconf 89' lang='lat' dir='ltr'><strong>horum</strong></span> <span class='ocrx_word' id='word_1_395' title='bbox 1413 602 1518 636; x_wconf 81' lang='lat' dir='ltr'><strong>fuisse</strong></span> <span class='ocrx_word' id='word_1_396' title='bbox 1538 615 1694 637; x_wconf 86' lang='lat' dir='ltr'><strong>causam.</strong></span> 
     </span>
    </p>

    <p class='ocr_par' dir='ltr' id='par_1_26' title="bbox 1147 653 2154 753">
     <span class='ocr_line' id='line_1_65' title="bbox 1252 653 2154 699; baseline 0.003 -14"><span class='ocrx_word' id='word_1_397' title='bbox 1252 653 1335 693; x_wconf 81' lang='lat' dir='ltr'><strong>„Ac</strong></span> <span class='ocrx_word' id='word_1_398' title='bbox 1366 654 1525 698; x_wconf 85' lang='lat' dir='ltr'><strong>primum</strong></span> <span class='ocrx_word' id='word_1_399' title='bbox 1561 655 1617 699; x_wconf 79' lang='lat' dir='ltr'><strong>(ut</strong></span> <span class='ocrx_word' id='word_1_400' title='bbox 1652 656 1817 689; x_wconf 87' lang='lat' dir='ltr'><strong>ordinem</strong></span> <span class='ocrx_word' id='word_1_401' title='bbox 1849 668 1969 689; x_wconf 88' lang='lat' dir='ltr'><strong>rerum</strong></span> <span class='ocrx_word' id='word_1_402' title='bbox 2003 656 2039 688; x_wconf 88' lang='lat' dir='ltr'><strong>in</strong></span> <span class='ocrx_word' id='word_1_403' title='bbox 2072 667 2154 688; x_wconf 86' lang='lat' dir='ltr'><strong>nar-</strong></span> 
     </span>
     <span class='ocr_line' id='line_1_66' title="bbox 1147 705 2152 753; baseline 0.007 -18"><span class='ocrx_word' id='word_1_404' title='bbox 1147 705 1263 737; x_wconf 86' lang='lat' dir='ltr'><strong>rando</strong></span> <span class='ocrx_word' id='word_1_405' title='bbox 1282 706 1430 752; x_wconf 85' lang='lat' dir='ltr'><strong>sequar)</strong></span> <span class='ocrx_word' id='word_1_406' title='bbox 1454 706 1568 745; x_wconf 87' lang='lat' dir='ltr'><strong>scitis,</strong></span> <span class='ocrx_word' id='word_1_407' title='bbox 1600 714 1734 753; x_wconf 83' lang='lat' dir='ltr'><strong>quanta</strong></span> <span class='ocrx_word' id='word_1_408' title='bbox 1757 721 1839 741; x_wconf 84' lang='lat' dir='ltr'><strong>cura</strong></span> <span class='ocrx_word' id='word_1_409' title='bbox 1860 715 1892 741; x_wconf 89' lang='lat' dir='ltr'><strong>et</strong></span> <span class='ocrx_word' id='word_1_410' title='bbox 1911 708 2152 742; x_wconf 85' lang='lat' dir='ltr'><strong>sollicitudine</strong></span> 
     </span>
    </p>
   </div>
   <div class='ocr_carea' id='block_1_24' title="bbox 1147 753 2151 800">
    <p class='ocr_par' dir='ltr' id='par_1_27' title="bbox 1147 753 2151 800">
     <span class='ocr_line' id='line_1_67' title="bbox 1147 753 2151 800; baseline 0.004 -11"><span class='ocrx_word' id='word_1_411' title='bbox 1147 753 1273 791; x_wconf 87' lang='lat' dir='ltr'><strong>Thetis</strong></span> <span class='ocrx_word' id='word_1_412' title='bbox 1299 764 1416 791; x_wconf 88' lang='lat' dir='ltr'><strong>mater</strong></span> <span class='ocrx_word' id='word_1_413' title='bbox 1439 756 1613 791; x_wconf 86' lang='lat' dir='ltr'><strong>Achillem</strong></span> <span class='ocrx_word' id='word_1_414' title='bbox 1639 760 1750 793; x_wconf 81' lang='lat' dir='ltr'><strong>filium</strong></span> <span class='ocrx_word' id='word_1_415' title='bbox 1778 760 2006 800; x_wconf 88' lang='lat' dir='ltr'><strong>custodierit,</strong></span> <span class='ocrx_word' id='word_1_416' title='bbox 2043 772 2088 793; x_wconf 89' lang='lat' dir='ltr'><strong>ne</strong></span> <span class='ocrx_word' id='word_1_417' title='bbox 2114 760 2151 793; x_wconf 91' lang='lat' dir='ltr'><strong>in</strong></span> 
     </span>
    </p>
   </div>
   <div class='ocr_carea' id='block_1_25' title="bbox 1117 808 2152 858">
    <p class='ocr_par' dir='ltr' id='par_1_28' title="bbox 1117 808 2152 858">
     <span class='ocr_line' id='line_1_68' title="bbox 1117 808 2152 858; baseline 0.006 -18"><span class='ocrx_word' id='word_1_418' title='bbox 1117 824 1119 849; x_wconf 56' lang='lat' dir='ltr'><em>g</em></span> <span class='ocrx_word' id='word_1_419' title='bbox 1146 809 1411 852; x_wconf 84' lang='lat' dir='ltr'><strong>expeditionem</strong></span> <span class='ocrx_word' id='word_1_420' title='bbox 1432 808 1524 843; x_wconf 77' lang='lat' dir='ltr'><strong>hanc</strong></span> <span class='ocrx_word' id='word_1_421' title='bbox 1542 811 1848 853; x_wconf 82' lang='lat' dir='ltr'><strong>proficisceretur,</strong></span> <span class='ocrx_word' id='word_1_422' title='bbox 1878 825 1985 858; x_wconf 82' lang='lat' dir='ltr'><strong>quam</strong></span> <span class='ocrx_word' id='word_1_423' title='bbox 2013 824 2054 845; x_wconf 82' lang='lat' dir='ltr'><strong>ex</strong></span> <span class='ocrx_word' id='word_1_424' title='bbox 2072 824 2152 846; x_wconf 85' lang='lat' dir='ltr'><strong>ora-</strong></span> 
     </span>
    </p>
   </div>
   <div class='ocr_carea' id='block_1_26' title="bbox 1140 861 2151 1378">
    <p class='ocr_par' dir='ltr' id='par_1_29' title="bbox 1140 861 2151 1378">
     <span class='ocr_line' id='line_1_69' title="bbox 1145 861 2148 906; baseline 0.006 -14"><span class='ocrx_word' id='word_1_425' title='bbox 1145 861 1225 893; x_wconf 92' lang='lat' dir='ltr'><strong>culo</strong></span> <span class='ocrx_word' id='word_1_426' title='bbox 1252 869 1496 906; x_wconf 83' lang='lat' dir='ltr'><strong>praenoverat</strong></span> <span class='ocrx_word' id='word_1_427' title='bbox 1522 862 1553 895; x_wconf 90' lang='lat' dir='ltr'><strong>ei</strong></span> <span class='ocrx_word' id='word_1_428' title='bbox 1581 863 1725 896; x_wconf 86' lang='lat' dir='ltr'><strong>fatalem</strong></span> <span class='ocrx_word' id='word_1_429' title='bbox 1753 876 1838 897; x_wconf 82' lang='lat' dir='ltr'><strong>esse.</strong></span> <span class='ocrx_word' id='word_1_430' title='bbox 1893 864 2043 897; x_wconf 71' lang='lat' dir='ltr'><strong>Abdidit</strong></span> <span class='ocrx_word' id='word_1_431' title='bbox 2067 877 2148 898; x_wconf 90' lang='lat' dir='ltr'><strong>eum</strong></span> 
     </span>
     <span class='ocr_line' id='line_1_70' title="bbox 1145 911 2149 960; baseline 0.006 -17"><span class='ocrx_word' id='word_1_432' title='bbox 1145 911 1181 944; x_wconf 92' lang='lat' dir='ltr'><strong>in</strong></span> <span class='ocrx_word' id='word_1_433' title='bbox 1200 915 1412 958; x_wconf 72' lang='lat' dir='ltr'><strong>gynaecium</strong></span> <span class='ocrx_word' id='word_1_434' title='bbox 1440 914 1534 958; x_wconf 87' lang='lat' dir='ltr'><strong>regis</strong></span> <span class='ocrx_word' id='word_1_435' title='bbox 1552 913 1766 959; x_wconf 71' lang='lat' dir='ltr'><strong>Lycomedis</strong></span> <span class='ocrx_word' id='word_1_436' title='bbox 1779 943 1788 955; x_wconf 86' lang='lat'>‚</span> <span class='ocrx_word' id='word_1_437' title='bbox 1822 915 1885 949; x_wconf 91' lang='lat' dir='ltr'><strong>ubi</strong></span> <span class='ocrx_word' id='word_1_438' title='bbox 1902 916 1995 949; x_wconf 87' lang='lat' dir='ltr'><strong>inter</strong></span> <span class='ocrx_word' id='word_1_439' title='bbox 2013 916 2149 960; x_wconf 83' lang='lat' dir='ltr'><strong>puellas</strong></span> 
     </span>
     <span class='ocr_line' id='line_1_71' title="bbox 1144 965 2150 1001; baseline 0.004 -5"><span class='ocrx_word' id='word_1_440' title='bbox 1144 965 1274 999; x_wconf 72' lang='lat' dir='ltr'><strong>vestitu</strong></span> <span class='ocrx_word' id='word_1_441' title='bbox 1291 967 1459 1000; x_wconf 84' lang='lat' dir='ltr'><strong>muliebri</strong></span> <span class='ocrx_word' id='word_1_442' title='bbox 1476 967 1613 1000; x_wconf 86' lang='lat' dir='ltr'><strong>lateret.</strong></span> <span class='ocrx_word' id='word_1_443' title='bbox 1670 967 1760 1001; x_wconf 91' lang='lat' dir='ltr'><strong>Cum</strong></span> <span class='ocrx_word' id='word_1_444' title='bbox 1782 980 1867 1001; x_wconf 76' lang='lat' dir='ltr'><strong>vero</strong></span> <span class='ocrx_word' id='word_1_445' title='bbox 1892 980 1911 1001; x_wconf 84' lang='lat' dir='ltr'><strong>a</strong></span> <span class='ocrx_word' id='word_1_446' title='bbox 1937 968 2039 1001; x_wconf 73' lang='lat' dir='ltr'><strong>vobis</strong></span> <span class='ocrx_word' id='word_1_447' title='bbox 2059 969 2150 1001; x_wconf 89' lang='lat' dir='ltr'><strong>desi-</strong></span> 
     </span>
     <span class='ocr_line' id='line_1_72' title="bbox 1142 1016 2151 1065; baseline 0.004 -16"><span class='ocrx_word' id='word_1_448' title='bbox 1142 1016 1357 1059; x_wconf 88' lang='lat' dir='ltr'><strong>deraretur,</strong></span> <span class='ocrx_word' id='word_1_449' title='bbox 1409 1025 1570 1065; x_wconf 89' lang='lat' dir='ltr'><strong>essetque</strong></span> <span class='ocrx_word' id='word_1_450' title='bbox 1603 1019 1795 1053; x_wconf 90' lang='lat' dir='ltr'><strong>obscurum</strong></span> <span class='ocrx_word' id='word_1_451' title='bbox 1815 1047 1823 1060; x_wconf 85' lang='lat'><strong>,</strong></span> <span class='ocrx_word' id='word_1_452' title='bbox 1879 1020 2029 1053; x_wconf 90' lang='lat' dir='ltr'><strong>ubinam</strong></span> <span class='ocrx_word' id='word_1_453' title='bbox 2063 1020 2151 1053; x_wconf 85' lang='lat' dir='ltr'><strong>deli-</strong></span> 
     </span>
     <span class='ocr_line' id='line_1_73' title="bbox 1142 1072 2150 1117; baseline 0.002 -15"><span class='ocrx_word' id='word_1_454' title='bbox 1142 1075 1309 1111; x_wconf 87' lang='lat' dir='ltr'><strong>tesceret,</strong></span> <span class='ocrx_word' id='word_1_455' title='bbox 1338 1083 1453 1117; x_wconf 74' lang='lat' dir='ltr'><strong>quave</strong></span> <span class='ocrx_word' id='word_1_456' title='bbox 1470 1072 1612 1104; x_wconf 85' lang='lat' dir='ltr'><strong>ratione</strong></span> <span class='ocrx_word' id='word_1_457' title='bbox 1630 1078 1749 1116; x_wconf 86' lang='lat' dir='ltr'><strong>posset</strong></span> <span class='ocrx_word' id='word_1_458' title='bbox 1766 1072 1939 1105; x_wconf 79' lang='lat' dir='ltr'><strong>inveniri:</strong></span> <span class='ocrx_word' id='word_1_459' title='bbox 1978 1085 2042 1116; x_wconf 82' lang='lat' dir='ltr'><strong>ego</strong></span> <span class='ocrx_word' id='word_1_460' title='bbox 2067 1072 2150 1105; x_wconf 86' lang='lat' dir='ltr'><strong>dedi</strong></span> 
     </span>
     <span class='ocr_line' id='line_1_74' title="bbox 1143 1123 2149 1167; baseline 0.002 -13"><span class='ocrx_word' id='word_1_461' title='bbox 1143 1133 1310 1166; x_wconf 86' lang='lat' dir='ltr'><strong>operam,</strong></span> <span class='ocrx_word' id='word_1_462' title='bbox 1336 1129 1375 1156; x_wconf 92' lang='lat' dir='ltr'><strong>ut</strong></span> <span class='ocrx_word' id='word_1_463' title='bbox 1395 1123 1671 1167; x_wconf 80' lang='lat' dir='ltr'><strong>investigarem,</strong></span> <span class='ocrx_word' id='word_1_464' title='bbox 1699 1124 1762 1157; x_wconf 89' lang='lat' dir='ltr'><strong>ubi</strong></span> <span class='ocrx_word' id='word_1_465' title='bbox 1779 1130 1996 1158; x_wconf 76' lang='lat' dir='ltr'><strong>versaretur.</strong></span> <span class='ocrx_word' id='word_1_466' title='bbox 2040 1124 2149 1158; x_wconf 85' lang='lat' dir='ltr'><strong>Cum-</strong></span> 
     </span>
     <span class='ocr_line' id='line_1_75' title="bbox 1141 1175 2147 1222; baseline 0.001 -15"><span class='ocrx_word' id='word_1_467' title='bbox 1141 1186 1211 1219; x_wconf 91' lang='lat' dir='ltr'><strong>que</strong></span> <span class='ocrx_word' id='word_1_468' title='bbox 1234 1175 1474 1219; x_wconf 85' lang='lat' dir='ltr'><strong>explorassem</strong></span> <span class='ocrx_word' id='word_1_469' title='bbox 1512 1187 1593 1208; x_wconf 89' lang='lat' dir='ltr'><strong>eum</strong></span> <span class='ocrx_word' id='word_1_470' title='bbox 1622 1176 1794 1209; x_wconf 88' lang='lat' dir='ltr'><strong>occultari</strong></span> <span class='ocrx_word' id='word_1_471' title='bbox 1818 1176 1855 1208; x_wconf 90' lang='lat' dir='ltr'><strong>in</strong></span> <span class='ocrx_word' id='word_1_472' title='bbox 1883 1176 1993 1222; x_wconf 69' lang='lat' dir='ltr'><strong>Scyro</strong></span> <span class='ocrx_word' id='word_1_473' title='bbox 2019 1176 2147 1214; x_wconf 78' lang='lat' dir='ltr'><strong>insula,</strong></span> 
     </span>
     <span class='ocr_line' id='line_1_76' title="bbox 1141 1226 2146 1272; baseline 0.003 -15"><span class='ocrx_word' id='word_1_474' title='bbox 1141 1226 1231 1258; x_wconf 88' lang='lat' dir='ltr'><strong>clam</strong></span> <span class='ocrx_word' id='word_1_475' title='bbox 1259 1227 1343 1261; x_wconf 91' lang='lat' dir='ltr'><strong>illuc</strong></span> <span class='ocrx_word' id='word_1_476' title='bbox 1375 1228 1555 1272; x_wconf 88' lang='lat' dir='ltr'><strong>profectus</strong></span> <span class='ocrx_word' id='word_1_477' title='bbox 1580 1241 1680 1268; x_wconf 89' lang='lat' dir='ltr'><strong>sum,</strong></span> <span class='ocrx_word' id='word_1_478' title='bbox 1723 1228 1839 1262; x_wconf 84' lang='lat' dir='ltr'><strong>allatis</strong></span> <span class='ocrx_word' id='word_1_479' title='bbox 1869 1241 2010 1261; x_wconf 87' lang='lat' dir='ltr'><strong>mecum</strong></span> <span class='ocrx_word' id='word_1_480' title='bbox 2037 1228 2146 1261; x_wconf 71' lang='lat' dir='ltr'><strong>variis</strong></span> 
     </span>
     <span class='ocr_line' id='line_1_77' title="bbox 1141 1279 2147 1325; baseline 0.003 -15"><span class='ocrx_word' id='word_1_481' title='bbox 1141 1279 1338 1319; x_wconf 84' lang='lat' dir='ltr'><strong>mercibus,</strong></span> <span class='ocrx_word' id='word_1_482' title='bbox 1368 1280 1498 1325; x_wconf 91' lang='lat' dir='ltr'><strong>quibus</strong></span> <span class='ocrx_word' id='word_1_483' title='bbox 1525 1286 1558 1313; x_wconf 87' lang='lat' dir='ltr'><strong>et</strong></span> <span class='ocrx_word' id='word_1_484' title='bbox 1583 1281 1724 1324; x_wconf 87' lang='lat' dir='ltr'><strong>puellae</strong></span> <span class='ocrx_word' id='word_1_485' title='bbox 1751 1287 1785 1313; x_wconf 92' lang='lat' dir='ltr'><strong>et</strong></span> <span class='ocrx_word' id='word_1_486' title='bbox 1803 1281 1950 1314; x_wconf 80' lang='lat' dir='ltr'><strong>iuvenes</strong></span> <span class='ocrx_word' id='word_1_487' title='bbox 1967 1281 2147 1313; x_wconf 82' lang='lat' dir='ltr'><strong>delectan-</strong></span> 
     </span>
     <span class='ocr_line' id='line_1_78' title="bbox 1140 1330 2147 1378; baseline 0.003 -16"><span class='ocrx_word' id='word_1_488' title='bbox 1140 1335 1210 1364; x_wconf 88' lang='lat' dir='ltr'><strong>tur.</strong></span> <span class='ocrx_word' id='word_1_489' title='bbox 1265 1330 1328 1365; x_wconf 93' lang='lat' dir='ltr'><strong>His</strong></span> <span class='ocrx_word' id='word_1_490' title='bbox 1349 1331 1518 1376; x_wconf 74' lang='lat' dir='ltr'><strong>expositis</strong></span> <span class='ocrx_word' id='word_1_491' title='bbox 1540 1333 1584 1364; x_wconf 88' lang='lat' dir='ltr'><strong>ad</strong></span> <span class='ocrx_word' id='word_1_492' title='bbox 1604 1332 1817 1378; x_wconf 70' lang='lat' dir='ltr'><strong>gynaecium</strong></span> <span class='ocrx_word' id='word_1_493' title='bbox 1845 1332 1957 1377; x_wconf 86' lang='lat' dir='ltr'><strong>regis,</strong></span> <span class='ocrx_word' id='word_1_494' title='bbox 1986 1345 2066 1366; x_wconf 88' lang='lat' dir='ltr'><strong>cum</strong></span> <span class='ocrx_word' id='word_1_495' title='bbox 2091 1344 2147 1365; x_wconf 86' lang='lat' dir='ltr'><strong>ac-</strong></span> 
     </span>
    </p>
   </div>
   <div class='ocr_carea' id='block_1_27' title="bbox 1112 1382 2148 1429">
    <p class='ocr_par' dir='ltr' id='par_1_30' title="bbox 1112 1382 2148 1429">
     <span class='ocr_line' id='line_1_79' title="bbox 1112 1382 2148 1429; baseline 0.002 -15"><span class='ocrx_word' id='word_1_496' title='bbox 1112 1416 1113 1420; x_wconf 52' lang='grc'>,</span> <span class='ocrx_word' id='word_1_497' title='bbox 1140 1382 1305 1416; x_wconf 81' lang='lat' dir='ltr'><strong>cedentes</strong></span> <span class='ocrx_word' id='word_1_498' title='bbox 1332 1385 1471 1428; x_wconf 82' lang='lat' dir='ltr'><strong>puellae</strong></span> <span class='ocrx_word' id='word_1_499' title='bbox 1501 1385 1854 1429; x_wconf 83' lang='lat' dir='ltr'><strong>contemplarentur,</strong></span> <span class='ocrx_word' id='word_1_500' title='bbox 1899 1391 1933 1418; x_wconf 89' lang='lat' dir='ltr'><strong>et</strong></span> <span class='ocrx_word' id='word_1_501' title='bbox 1963 1390 2148 1429; x_wconf 87' lang='lat' dir='ltr'><strong>cuperent,</strong></span> 
     </span>
    </p>
   </div>
   <div class='ocr_carea' id='block_1_28' title="bbox 1138 1434 2147 1795">
    <p class='ocr_par' dir='ltr' id='par_1_31' title="bbox 1138 1434 2147 1795">
     <span class='ocr_line' id='line_1_80' title="bbox 1638 1434 2147 1471; baseline -0.004 -1"><span class='ocrx_word' id='word_1_502' title='bbox 1638 1434 1795 1471; x_wconf 87' lang='lat' dir='ltr'><strong>Achilles</strong></span> <span class='ocrx_word' id='word_1_503' title='bbox 1826 1434 1943 1470; x_wconf 89' lang='lat' dir='ltr'><strong>adhuc</strong></span> <span class='ocrx_word' id='word_1_504' title='bbox 1976 1436 2147 1470; x_wconf 84' lang='lat' dir='ltr'><strong>muliebri</strong></span> 
     </span>
     <span class='ocr_line' id='line_1_81' title="bbox 1141 1487 2145 1533; baseline 0.002 -14"><span class='ocrx_word' id='word_1_505' title='bbox 1141 1493 1236 1520; x_wconf 77' lang='lat' dir='ltr'><strong>veste</strong></span> <span class='ocrx_word' id='word_1_506' title='bbox 1262 1487 1427 1529; x_wconf 88' lang='lat' dir='ltr'><strong>indutus,</strong></span> <span class='ocrx_word' id='word_1_507' title='bbox 1456 1488 1585 1532; x_wconf 87' lang='lat' dir='ltr'><strong>arripit</strong></span> <span class='ocrx_word' id='word_1_508' title='bbox 1609 1501 1774 1533; x_wconf 89' lang='lat' dir='ltr'><strong>parmam</strong></span> <span class='ocrx_word' id='word_1_509' title='bbox 1802 1495 1837 1522; x_wconf 86' lang='lat' dir='ltr'><strong>et</strong></span> <span class='ocrx_word' id='word_1_510' title='bbox 1853 1487 2012 1523; x_wconf 87' lang='lat' dir='ltr'><strong>hastam:</strong></span> <span class='ocrx_word' id='word_1_511' title='bbox 2050 1490 2145 1522; x_wconf 92' lang='lat' dir='ltr'><strong>unde</strong></span> 
     </span>
     <span class='ocr_line' id='line_1_82' title="bbox 1140 1538 2144 1585; baseline 0.003 -15"><span class='ocrx_word' id='word_1_512' title='bbox 1140 1539 1386 1573; x_wconf 86' lang='lat' dir='ltr'><strong>coniecturam</strong></span> <span class='ocrx_word' id='word_1_513' title='bbox 1407 1541 1486 1581; x_wconf 83' lang='lat' dir='ltr'><strong>feci,</strong></span> <span class='ocrx_word' id='word_1_514' title='bbox 1507 1538 1602 1573; x_wconf 91' lang='lat' dir='ltr'><strong>hunc</strong></span> <span class='ocrx_word' id='word_1_515' title='bbox 1620 1541 1737 1585; x_wconf 87' lang='lat' dir='ltr'><strong>ipsum</strong></span> <span class='ocrx_word' id='word_1_516' title='bbox 1758 1553 1831 1575; x_wconf 84' lang='lat' dir='ltr'><strong>esse</strong></span> <span class='ocrx_word' id='word_1_517' title='bbox 1848 1539 2038 1574; x_wconf 82' lang='lat' dir='ltr'><strong>Achillem.</strong></span> <span class='ocrx_word' id='word_1_518' title='bbox 2076 1539 2144 1573; x_wconf 77' lang='lat' dir='ltr'><strong>Ita-</strong></span> 
     </span>
     <span class='ocr_line' id='line_1_83' title="bbox 1140 1591 2144 1638; baseline 0 -13"><span class='ocrx_word' id='word_1_519' title='bbox 1140 1604 1208 1638; x_wconf 87' lang='lat' dir='ltr'><strong>que</strong></span> <span class='ocrx_word' id='word_1_520' title='bbox 1235 1605 1316 1626; x_wconf 87' lang='lat' dir='ltr'><strong>eum</strong></span> <span class='ocrx_word' id='word_1_521' title='bbox 1351 1593 1527 1627; x_wconf 85' lang='lat' dir='ltr'><strong>allocutus</strong></span> <span class='ocrx_word' id='word_1_522' title='bbox 1553 1599 1587 1626; x_wconf 88' lang='lat' dir='ltr'><strong>et</strong></span> <span class='ocrx_word' id='word_1_523' title='bbox 1610 1591 1776 1627; x_wconf 85' lang='lat' dir='ltr'><strong>hortatus</strong></span> <span class='ocrx_word' id='word_1_524' title='bbox 1801 1605 1902 1633; x_wconf 84' lang='lat' dir='ltr'><strong>sum,</strong></span> <span class='ocrx_word' id='word_1_525' title='bbox 1938 1606 1982 1626; x_wconf 89' lang='lat' dir='ltr'><strong>ne</strong></span> <span class='ocrx_word' id='word_1_526' title='bbox 2006 1593 2144 1626; x_wconf 85' lang='lat' dir='ltr'><strong>subter-</strong></span> 
     </span>
     <span class='ocr_line' id='line_1_84' title="bbox 1138 1644 2144 1688; baseline 0 -11"><span class='ocrx_word' id='word_1_527' title='bbox 1138 1644 1277 1688; x_wconf 81' lang='lat' dir='ltr'><strong>fugeret</strong></span> <span class='ocrx_word' id='word_1_528' title='bbox 1302 1645 1490 1685; x_wconf 80' lang='lat' dir='ltr'><strong>militiam,</strong></span> <span class='ocrx_word' id='word_1_529' title='bbox 1532 1657 1621 1678; x_wconf 71' lang='lat' dir='ltr'><strong>neve</strong></span> <span class='ocrx_word' id='word_1_530' title='bbox 1653 1645 1836 1678; x_wconf 86' lang='lat' dir='ltr'><strong>dubitaret</strong></span> <span class='ocrx_word' id='word_1_531' title='bbox 1861 1645 2048 1679; x_wconf 90' lang='lat' dir='ltr'><strong>nobiscum</strong></span> <span class='ocrx_word' id='word_1_532' title='bbox 2078 1656 2144 1688; x_wconf 91' lang='lat' dir='ltr'><strong>op-</strong></span> 
     </span>
     <span class='ocr_line' id='line_1_85' title="bbox 1139 1696 2143 1742; baseline -0.001 -12"><span class='ocrx_word' id='word_1_533' title='bbox 1139 1709 1300 1742; x_wconf 81' lang='lat' dir='ltr'><strong>pugnare</strong></span> <span class='ocrx_word' id='word_1_534' title='bbox 1327 1697 1500 1737; x_wconf 82' lang='lat' dir='ltr'><strong>Troiam,</strong></span> <span class='ocrx_word' id='word_1_535' title='bbox 1533 1699 1578 1730; x_wconf 86' lang='lat' dir='ltr'><strong>ad</strong></span> <span class='ocrx_word' id='word_1_536' title='bbox 1604 1697 1702 1731; x_wconf 87' lang='lat' dir='ltr'><strong>cuius</strong></span> <span class='ocrx_word' id='word_1_537' title='bbox 1727 1696 1914 1731; x_wconf 87' lang='lat' dir='ltr'><strong>interitum</strong></span> <span class='ocrx_word' id='word_1_538' title='bbox 1939 1697 2013 1742; x_wconf 89' lang='lat' dir='ltr'><strong>ipse</strong></span> <span class='ocrx_word' id='word_1_539' title='bbox 2039 1702 2143 1730; x_wconf 88' lang='lat' dir='ltr'><strong>natus</strong></span> 
     </span>
     <span class='ocr_line' id='line_1_86' title="bbox 1292 1747 2144 1795; baseline -0.002 -13"><span class='ocrx_word' id='word_1_540' title='bbox 1292 1749 1597 1795; x_wconf 85' lang='lat' dir='ltr'><strong>Effecidenique,</strong></span> <span class='ocrx_word' id='word_1_541' title='bbox 1625 1756 1663 1783; x_wconf 92' lang='lat' dir='ltr'><strong>ut</strong></span> <span class='ocrx_word' id='word_1_542' title='bbox 1689 1761 1830 1782; x_wconf 90' lang='lat' dir='ltr'><strong>mecum</strong></span> <span class='ocrx_word' id='word_1_543' title='bbox 1856 1747 1926 1782; x_wconf 91' lang='lat' dir='ltr'><strong>huc</strong></span> <span class='ocrx_word' id='word_1_544' title='bbox 1944 1748 2144 1794; x_wconf 85' lang='lat' dir='ltr'><strong>proficisce-</strong></span> 
     </span>
    </p>
   </div>
   <div class='ocr_carea' id='block_1_29' title="bbox 1141 1435 1594 1481">
    <p class='ocr_par' dir='ltr' id='par_1_32' title="bbox 1141 1435 1594 1481">
     <span class='ocr_line' id='line_1_87' title="bbox 1141 1435 1594 1481; baseline 0.004 -14"><span class='ocrx_word' id='word_1_545' title='bbox 1141 1446 1230 1480; x_wconf 88' lang='lat' dir='ltr'><strong>quae</strong></span> <span class='ocrx_word' id='word_1_546' title='bbox 1268 1435 1354 1479; x_wconf 85' lang='lat' dir='ltr'><strong>ipsis</strong></span> <span class='ocrx_word' id='word_1_547' title='bbox 1385 1436 1594 1481; x_wconf 82' lang='lat' dir='ltr'><strong>placebant:</strong></span> 
     </span>
    </p>
   </div>
   <div class='ocr_carea' id='block_1_30' title="bbox 1139 1756 1239 1784">
    <p class='ocr_par' dir='ltr' id='par_1_33' title="bbox 1139 1756 1239 1784">
     <span class='ocr_line' id='line_1_88' title="bbox 1139 1756 1239 1784; baseline 0.02 -2"><span class='ocrx_word' id='word_1_548' title='bbox 1139 1756 1239 1784; x_wconf 88' lang='lat' dir='ltr'><strong>esset.</strong></span> 
     </span>
    </p>
   </div>
   <div class='ocr_carea' id='block_1_31' title="bbox 1109 1799 2142 1845">
    <p class='ocr_par' dir='ltr' id='par_1_34' title="bbox 1109 1799 2142 1845">
     <span class='ocr_line' id='line_1_89' title="bbox 1109 1799 2142 1845; baseline -0.003 -10"><span class='ocrx_word' id='word_1_549' title='bbox 1109 1799 1113 1830; x_wconf 79' lang='lat' dir='ltr'><strong>l</strong></span> <span class='ocrx_word' id='word_1_550' title='bbox 1138 1808 1256 1842; x_wconf 87' lang='lat' dir='ltr'><strong>retur,</strong></span> <span class='ocrx_word' id='word_1_551' title='bbox 1284 1808 1317 1835; x_wconf 91' lang='lat' dir='ltr'><strong>et</strong></span> <span class='ocrx_word' id='word_1_552' title='bbox 1342 1802 1380 1834; x_wconf 90' lang='lat' dir='ltr'><strong>in</strong></span> <span class='ocrx_word' id='word_1_553' title='bbox 1406 1802 1499 1835; x_wconf 92' lang='lat' dir='ltr'><strong>bello</strong></span> <span class='ocrx_word' id='word_1_554' title='bbox 1525 1802 1705 1845; x_wconf 86' lang='lat' dir='ltr'><strong>egregiam</strong></span> <span class='ocrx_word' id='word_1_555' title='bbox 1732 1801 1834 1834; x_wconf 66' lang='lat' dir='ltr'><strong>vobis</strong></span> <span class='ocrx_word' id='word_1_556' title='bbox 1857 1813 2006 1845; x_wconf 89' lang='lat' dir='ltr'><strong>operam</strong></span> <span class='ocrx_word' id='word_1_557' title='bbox 2033 1812 2142 1833; x_wconf 70' lang='lat' dir='ltr'><strong>nava-</strong></span> 
     </span>
    </p>
   </div>
   <div class='ocr_carea' id='block_1_32' title="bbox 1136 1852 2142 2003">
    <p class='ocr_par' dir='ltr' id='par_1_35' title="bbox 1136 1852 2142 2003">
     <span class='ocr_line' id='line_1_90' title="bbox 1138 1852 2141 1900; baseline -0.002 -14"><span class='ocrx_word' id='word_1_558' title='bbox 1138 1861 1204 1888; x_wconf 88' lang='lat' dir='ltr'><strong>ret.</strong></span> <span class='ocrx_word' id='word_1_559' title='bbox 1271 1852 1368 1898; x_wconf 86' lang='lat' dir='ltr'><strong>Ergo</strong></span> <span class='ocrx_word' id='word_1_560' title='bbox 1386 1854 1559 1900; x_wconf 79' lang='lat' dir='ltr'><strong>qulequid</strong></span> <span class='ocrx_word' id='word_1_561' title='bbox 1585 1853 1629 1885; x_wconf 86' lang='lat' dir='ltr'><strong>ab</strong></span> <span class='ocrx_word' id='word_1_562' title='bbox 1661 1865 1702 1885; x_wconf 92' lang='lat' dir='ltr'><strong>eo</strong></span> <span class='ocrx_word' id='word_1_563' title='bbox 1731 1853 1933 1896; x_wconf 85' lang='lat' dir='ltr'><strong>praeclare,</strong></span> <span class='ocrx_word' id='word_1_564' title='bbox 1970 1852 2141 1898; x_wconf 90' lang='lat' dir='ltr'><strong>quicquid</strong></span> 
     </span>
     <span class='ocr_line' id='line_1_91' title="bbox 1138 1902 2142 1950; baseline -0.002 -11"><span class='ocrx_word' id='word_1_565' title='bbox 1138 1906 1275 1940; x_wconf 84' lang='lat' dir='ltr'><strong>utiliter</strong></span> <span class='ocrx_word' id='word_1_566' title='bbox 1292 1904 1350 1939; x_wconf 86' lang='lat' dir='ltr'><strong>hic</strong></span> <span class='ocrx_word' id='word_1_567' title='bbox 1368 1913 1505 1950; x_wconf 84' lang='lat' dir='ltr'><strong>gestum</strong></span> <span class='ocrx_word' id='word_1_568' title='bbox 1519 1932 1527 1944; x_wconf 89' lang='lat'><strong>,</strong></span> <span class='ocrx_word' id='word_1_569' title='bbox 1558 1902 1647 1938; x_wconf 88' lang='lat' dir='ltr'><strong>mihi</strong></span> <span class='ocrx_word' id='word_1_570' title='bbox 1664 1917 1748 1938; x_wconf 87' lang='lat' dir='ltr'><strong>sane</strong></span> <span class='ocrx_word' id='word_1_571' title='bbox 1766 1905 1926 1938; x_wconf 87' lang='lat' dir='ltr'><strong>debetur.</strong></span> <span class='ocrx_word' id='word_1_572' title='bbox 1977 1904 2053 1948; x_wconf 88' lang='lat' dir='ltr'><strong>Ego</strong></span> <span class='ocrx_word' id='word_1_573' title='bbox 2073 1903 2142 1937; x_wconf 88' lang='lat' dir='ltr'><strong>Te-</strong></span> 
     </span>
     <span class='ocr_line' id='line_1_92' title="bbox 1136 1956 2141 2003; baseline -0.004 -12"><span class='ocrx_word' id='word_1_574' title='bbox 1136 1956 1284 2003; x_wconf 90' lang='lat' dir='ltr'><strong>lephum</strong></span> <span class='ocrx_word' id='word_1_575' title='bbox 1306 1958 1449 1996; x_wconf 88' lang='lat' dir='ltr'><strong>domui;</strong></span> <span class='ocrx_word' id='word_1_576' title='bbox 1485 1970 1549 2000; x_wconf 83' lang='lat' dir='ltr'><strong>ego</strong></span> <span class='ocrx_word' id='word_1_577' title='bbox 1567 1957 1702 1991; x_wconf 86' lang='lat' dir='ltr'><strong>insulas</strong></span> <span class='ocrx_word' id='word_1_578' title='bbox 1721 1964 1755 1990; x_wconf 90' lang='lat' dir='ltr'><strong>et</strong></span> <span class='ocrx_word' id='word_1_579' title='bbox 1776 1957 1882 1991; x_wconf 86' lang='lat' dir='ltr'><strong>urbes</strong></span> <span class='ocrx_word' id='word_1_580' title='bbox 1901 1956 2036 1989; x_wconf 79' lang='lat' dir='ltr'><strong>Troiae</strong></span> <span class='ocrx_word' id='word_1_581' title='bbox 2057 1956 2141 1989; x_wconf 88' lang='lat' dir='ltr'><strong>vici-</strong></span> 
     </span>
    </p>
   </div>
   <div class='ocr_carea' id='block_1_33' title="bbox 1108 530 1124 2078">
    <p class='ocr_par' dir='ltr' id='par_1_36' title="bbox 1108 530 1124 2078">
     <span class='ocr_line' id='line_1_93' title="bbox 1108 530 1124 2078; baseline 0 0"><span class='ocrx_word' id='word_1_582' title='bbox 1108 530 1124 2078; x_wconf 95' lang='lat' dir='ltr'><strong> </strong></span> 
     </span>
    </p>
   </div>
   <div class='ocr_carea' id='block_1_34' title="bbox 1105 2277 1655 2746">
    <p class='ocr_par' dir='ltr' id='par_1_37' title="bbox 1107 2277 1109 2304">
     <span class='ocr_line' id='line_1_94' title="bbox 1107 2277 1109 2304; baseline 0 0"><span class='ocrx_word' id='word_1_583' title='bbox 1107 2277 1109 2304; x_wconf 75' lang='lat' dir='ltr'><strong>l</strong></span> 
     </span>
    </p>

    <p class='ocr_par' dir='ltr' id='par_1_38' title="bbox 1106 2321 1109 2348">
     <span class='ocr_line' id='line_1_95' title="bbox 1106 2321 1109 2348; baseline 0 0"><span class='ocrx_word' id='word_1_584' title='bbox 1106 2321 1109 2348; x_wconf 90' lang='grc' dir='ltr'>Ι</span> 
     </span>
    </p>

    <p class='ocr_par' dir='ltr' id='par_1_39' title="bbox 1105 2378 1655 2648">
     <span class='ocr_line' id='line_1_96' title="bbox 1105 2378 1655 2512; baseline -0.009 -31"><span class='ocrx_word' id='word_1_585' title='bbox 1105 2378 1109 2512; x_wconf 62' lang='grc' dir='ltr'><em>ἕ</em></span> <span class='ocrx_word' id='word_1_586' title='bbox 1135 2448 1244 2494; x_wconf 88' lang='lat' dir='ltr'><strong>Quod</strong></span> <span class='ocrx_word' id='word_1_587' title='bbox 1274 2458 1349 2479; x_wconf 90' lang='lat' dir='ltr'><strong>rem</strong></span> <span class='ocrx_word' id='word_1_588' title='bbox 1384 2443 1655 2483; x_wconf 78' lang='lat' dir='ltr'><strong>difficillimam,</strong></span> 
     </span>
     <span class='ocr_line' id='line_1_97' title="bbox 1105 2500 1276 2548; baseline -0.012 -14"><span class='ocrx_word' id='word_1_589' title='bbox 1105 2513 1110 2548; x_wconf 55' lang='grc' dir='ltr'>ξ</span> <span class='ocrx_word' id='word_1_590' title='bbox 1135 2500 1276 2539; x_wconf 73' lang='lat' dir='ltr'><strong>lecerit,</strong></span> 
     </span>
     <span class='ocr_line' id='line_1_98' title="bbox 1106 2550 1110 2648; baseline 0 0"><span class='ocrx_word' id='word_1_591' title='bbox 1106 2550 1110 2648; x_wconf 72' lang='lat' dir='ltr'><strong>l</strong></span> 
     </span>
    </p>

    <p class='ocr_par' dir='ltr' id='par_1_40' title="bbox 1107 2669 1111 2746">
     <span class='ocr_line' id='line_1_99' title="bbox 1107 2669 1111 2746; baseline 0 0"><span class='ocrx_word' id='word_1_592' title='bbox 1107 2669 1111 2746; x_wconf 82' lang='grc' dir='ltr'>ἰ</span> 
     </span>
    </p>
   </div>
   <div class='ocr_carea' id='block_1_35' title="bbox 1135 2009 2141 2263">
    <p class='ocr_par' dir='ltr' id='par_1_41' title="bbox 1135 2009 2141 2263">
     <span class='ocr_line' id='line_1_100' title="bbox 1137 2009 2141 2055; baseline -0.003 -11"><span class='ocrx_word' id='word_1_593' title='bbox 1137 2023 1200 2045; x_wconf 86' lang='lat' dir='ltr'><strong>nas</strong></span> <span class='ocrx_word' id='word_1_594' title='bbox 1228 2010 1449 2055; x_wconf 83' lang='lat' dir='ltr'><strong>expugnavi;</strong></span> <span class='ocrx_word' id='word_1_595' title='bbox 1485 2022 1550 2054; x_wconf 86' lang='lat' dir='ltr'><strong>ego</strong></span> <span class='ocrx_word' id='word_1_596' title='bbox 1576 2009 1731 2055; x_wconf 89' lang='lat' dir='ltr'><strong>denique</strong></span> <span class='ocrx_word' id='word_1_597' title='bbox 1765 2009 1947 2053; x_wconf 83' lang='lat' dir='ltr'><strong>praestiti,</strong></span> <span class='ocrx_word' id='word_1_598' title='bbox 1977 2015 2015 2042; x_wconf 89' lang='lat' dir='ltr'><strong>ut</strong></span> <span class='ocrx_word' id='word_1_599' title='bbox 2039 2015 2141 2047; x_wconf 85' lang='lat' dir='ltr'><strong>esset,</strong></span> 
     </span>
     <span class='ocr_line' id='line_1_101' title="bbox 1136 2060 2140 2110; baseline -0.005 -13"><span class='ocrx_word' id='word_1_600' title='bbox 1136 2063 1199 2110; x_wconf 89' lang='lat' dir='ltr'><strong>qui</strong></span> <span class='ocrx_word' id='word_1_601' title='bbox 1223 2075 1370 2097; x_wconf 77' lang='lat' dir='ltr'><strong>saevum</strong></span> <span class='ocrx_word' id='word_1_602' title='bbox 1398 2069 1432 2095; x_wconf 92' lang='lat' dir='ltr'><strong>et</strong></span> <span class='ocrx_word' id='word_1_603' title='bbox 1459 2062 1628 2096; x_wconf 89' lang='lat' dir='ltr'><strong>omnibus</strong></span> <span class='ocrx_word' id='word_1_604' title='bbox 1654 2061 1920 2094; x_wconf 85' lang='lat' dir='ltr'><strong>formidabilem</strong></span> <span class='ocrx_word' id='word_1_605' title='bbox 1949 2060 2140 2094; x_wconf 88' lang='lat' dir='ltr'><strong>Hectorem</strong></span> 
     </span>
     <span class='ocr_line' id='line_1_102' title="bbox 1136 2110 2140 2160; baseline -0.004 -12"><span class='ocrx_word' id='word_1_606' title='bbox 1136 2121 1380 2160; x_wconf 87' lang='lat' dir='ltr'><strong>compesceret</strong></span> <span class='ocrx_word' id='word_1_607' title='bbox 1403 2121 1511 2160; x_wconf 87' lang='lat' dir='ltr'><strong>atque</strong></span> <span class='ocrx_word' id='word_1_608' title='bbox 1534 2119 1792 2158; x_wconf 89' lang='lat' dir='ltr'><strong>prosterneret.</strong></span> <span class='ocrx_word' id='word_1_609' title='bbox 1856 2113 1978 2159; x_wconf 83' lang='lat' dir='ltr'><strong>Quare</strong></span> <span class='ocrx_word' id='word_1_610' title='bbox 2002 2110 2058 2146; x_wconf 90' lang='lat' dir='ltr'><strong>his</strong></span> <span class='ocrx_word' id='word_1_611' title='bbox 2085 2124 2140 2144; x_wconf 83' lang='lat' dir='ltr'><strong>ar-</strong></span> 
     </span>
     <span class='ocr_line' id='line_1_103' title="bbox 1136 2163 2138 2213; baseline -0.006 -12"><span class='ocrx_word' id='word_1_612' title='bbox 1136 2168 1223 2209; x_wconf 88' lang='lat' dir='ltr'><strong>mis,</strong></span> <span class='ocrx_word' id='word_1_613' title='bbox 1265 2167 1394 2213; x_wconf 88' lang='lat' dir='ltr'><strong>quibus</strong></span> <span class='ocrx_word' id='word_1_614' title='bbox 1426 2178 1491 2210; x_wconf 89' lang='lat' dir='ltr'><strong>ego</strong></span> <span class='ocrx_word' id='word_1_615' title='bbox 1516 2163 1691 2199; x_wconf 83' lang='lat' dir='ltr'><strong>Achillem</strong></span> <span class='ocrx_word' id='word_1_616' title='bbox 1717 2171 1802 2198; x_wconf 88' lang='lat' dir='ltr'><strong>tunc</strong></span> <span class='ocrx_word' id='word_1_617' title='bbox 1829 2165 1952 2205; x_wconf 89' lang='lat' dir='ltr'><strong>indui,</strong></span> <span class='ocrx_word' id='word_1_618' title='bbox 1990 2177 2046 2197; x_wconf 90' lang='lat' dir='ltr'><strong>me</strong></span> <span class='ocrx_word' id='word_1_619' title='bbox 2073 2176 2138 2209; x_wconf 86' lang='lat' dir='ltr'><strong>pro</strong></span> 
     </span>
     <span class='ocr_line' id='line_1_104' title="bbox 1135 2217 2139 2263; baseline -0.005 -10"><span class='ocrx_word' id='word_1_620' title='bbox 1135 2226 1236 2253; x_wconf 84' lang='lat' dir='ltr'><strong>tanto</strong></span> <span class='ocrx_word' id='word_1_621' title='bbox 1260 2219 1299 2252; x_wconf 91' lang='lat' dir='ltr'><strong>in</strong></span> <span class='ocrx_word' id='word_1_622' title='bbox 1322 2218 1585 2263; x_wconf 90' lang='lat' dir='ltr'><strong>rempublicam</strong></span> <span class='ocrx_word' id='word_1_623' title='bbox 1612 2217 1742 2250; x_wconf 86' lang='lat' dir='ltr'><strong>merito</strong></span> <span class='ocrx_word' id='word_1_624' title='bbox 1768 2229 1865 2251; x_wconf 89' lang='lat' dir='ltr'><strong>nunc</strong></span> <span class='ocrx_word' id='word_1_625' title='bbox 1884 2217 2014 2251; x_wconf 84' lang='lat' dir='ltr'><strong>donari</strong></span> <span class='ocrx_word' id='word_1_626' title='bbox 2032 2222 2139 2261; x_wconf 88' lang='lat' dir='ltr'><strong>atque</strong></span> 
     </span>
    </p>
   </div>
   <div class='ocr_carea' id='block_1_36' title="bbox 77 2271 1787 2412">
    <p class='ocr_par' dir='ltr' id='par_1_42' title="bbox 77 2271 1787 2412">
     <span class='ocr_line' id='line_1_105' title="bbox 1106 2271 1787 2317; baseline -0.006 -11"><span class='ocrx_word' id='word_1_627' title='bbox 1106 2309 1108 2317; x_wconf 41' lang='lat'>¹</span> <span class='ocrx_word' id='word_1_628' title='bbox 1136 2273 1259 2306; x_wconf 88' lang='lat' dir='ltr'><strong>ornari</strong></span> <span class='ocrx_word' id='word_1_629' title='bbox 1278 2283 1354 2304; x_wconf 92' lang='lat' dir='ltr'><strong>non</strong></span> <span class='ocrx_word' id='word_1_630' title='bbox 1370 2271 1535 2316; x_wconf 89' lang='lat' dir='ltr'><strong>iniquum</strong></span> <span class='ocrx_word' id='word_1_631' title='bbox 1557 2282 1630 2304; x_wconf 87' lang='lat' dir='ltr'><strong>esse</strong></span> <span class='ocrx_word' id='word_1_632' title='bbox 1648 2281 1787 2303; x_wconf 88' lang='lat' dir='ltr'><strong>censeo.</strong></span> 
     </span>
     <span class='ocr_line' id='line_1_106' title="bbox 77 2313 1108 2362; baseline 0.003 -17"><span class='ocrx_word' id='word_1_633' title='bbox 77 2324 154 2346; x_wconf 90' lang='lat' dir='ltr'><strong>non</strong></span> <span class='ocrx_word' id='word_1_634' title='bbox 170 2313 290 2347; x_wconf 86' lang='lat' dir='ltr'><strong>minus</strong></span> <span class='ocrx_word' id='word_1_635' title='bbox 307 2313 522 2358; x_wconf 85' lang='lat' dir='ltr'><strong>cognatione</strong></span> <span class='ocrx_word' id='word_1_636' title='bbox 539 2315 730 2359; x_wconf 88' lang='lat' dir='ltr'><strong>patruelis,</strong></span> <span class='ocrx_word' id='word_1_637' title='bbox 754 2328 863 2361; x_wconf 88' lang='lat' dir='ltr'><strong>quam</strong></span> <span class='ocrx_word' id='word_1_638' title='bbox 883 2315 958 2360; x_wconf 89' lang='lat' dir='ltr'><strong>ipse</strong></span> <span class='ocrx_word' id='word_1_639' title='bbox 975 2315 1078 2349; x_wconf 85' lang='lat' dir='ltr'><strong>Aiax.</strong></span> <span class='ocrx_word' id='word_1_640' title='bbox 1106 2352 1108 2362; x_wconf 49' lang='grc' dir='ltr'>Ι</span> 
     </span>
     <span class='ocr_line' id='line_1_107' title="bbox 78 2364 1108 2412; baseline 0.002 -14"><span class='ocrx_word' id='word_1_641' title='bbox 78 2364 149 2398; x_wconf 91' lang='lat' dir='ltr'><strong>Sed</strong></span> <span class='ocrx_word' id='word_1_642' title='bbox 173 2365 255 2398; x_wconf 90' lang='lat' dir='ltr'><strong>ideo</strong></span> <span class='ocrx_word' id='word_1_643' title='bbox 285 2377 361 2398; x_wconf 91' lang='lat' dir='ltr'><strong>non</strong></span> <span class='ocrx_word' id='word_1_644' title='bbox 383 2365 491 2410; x_wconf 91' lang='lat' dir='ltr'><strong>petit,</strong></span> <span class='ocrx_word' id='word_1_645' title='bbox 521 2366 604 2412; x_wconf 88' lang='lat' dir='ltr'><strong>quia</strong></span> <span class='ocrx_word' id='word_1_646' title='bbox 629 2366 796 2412; x_wconf 86' lang='lat' dir='ltr'><strong>intelligit</strong></span> <span class='ocrx_word' id='word_1_647' title='bbox 819 2380 860 2401; x_wconf 83' lang='lat' dir='ltr'><strong>ea</strong></span> <span class='ocrx_word' id='word_1_648' title='bbox 886 2367 955 2402; x_wconf 86' lang='lat' dir='ltr'><strong>sibi</strong></span> <span class='ocrx_word' id='word_1_649' title='bbox 978 2367 1079 2401; x_wconf 87' lang='lat' dir='ltr'><strong>nullo</strong></span> <span class='ocrx_word' id='word_1_650' title='bbox 1106 2370 1108 2375; x_wconf 48' lang='lat'>⁸</span> 
     </span>
    </p>
   </div>
   <div class='ocr_carea' id='block_1_37' title="bbox 1407 2331 2137 2417">
    <p class='ocr_par' dir='ltr' id='par_1_43' title="bbox 1407 2331 2137 2417">
     <span class='ocr_line' id='line_1_108' title="bbox 1407 2331 2137 2373; baseline -0.004 -8"><span class='ocrx_word' id='word_1_651' title='bbox 1407 2335 1447 2365; x_wconf 74' lang='grc' dir='ltr'><strong>[Ἰ</strong></span> <span class='ocrx_word' id='word_1_652' title='bbox 1486 2332 1559 2364; x_wconf 77' lang='lat' dir='ltr'><strong>dolo</strong></span> <span class='ocrx_word' id='word_1_653' title='bbox 1598 2333 1699 2364; x_wconf 59' lang='lat' dir='ltr'><strong>tunicas</strong></span> <span class='ocrx_word' id='word_1_654' title='bbox 1731 2333 1873 2364; x_wconf 69' lang='lat' dir='ltr'><strong>Danaos·</strong></span> <span class='ocrx_word' id='word_1_655' title='bbox 1905 2332 2058 2373; x_wconf 62' lang='lat' dir='ltr'><strong>perrem&#39;!</strong></span> <span class='ocrx_word' id='word_1_656' title='bbox 2095 2331 2137 2362; x_wconf 74' lang='lat' dir='ltr'><strong>ud</strong></span> 
     </span>
     <span class='ocr_line' id='line_1_109' title="bbox 1448 2395 1572 2417; baseline -0.016 0"><span class='ocrx_word' id='word_1_657' title='bbox 1448 2395 1572 2417; x_wconf 80' lang='lat' dir='ltr'><strong>omnes.</strong></span> 
     </span>
    </p>
   </div>
   <div class='ocr_carea' id='block_1_38' title="bbox 1187 2333 1356 2367">
    <p class='ocr_par' dir='ltr' id='par_1_44' title="bbox 1187 2333 1356 2367">
     <span class='ocr_line' id='line_1_110' title="bbox 1187 2333 1356 2367; baseline -0.012 0"><span class='ocrx_word' id='word_1_658' title='bbox 1187 2333 1245 2367; x_wconf 53' lang='lat' dir='ltr'><strong>Vs.</strong></span> <span class='ocrx_word' id='word_1_659' title='bbox 1272 2334 1356 2367; x_wconf 85' lang='grc'><strong>181.</strong></span> 
     </span>
    </p>
   </div>
   <div class='ocr_carea' id='block_1_39' title="bbox 1108 2440 2138 2657">
    <p class='ocr_par' dir='ltr' id='par_1_45' title="bbox 1108 2440 2138 2657">
     <span class='ocr_line' id='line_1_111' title="bbox 1697 2440 2138 2477; baseline -0.009 0"><span class='ocrx_word' id='word_1_660' title='bbox 1697 2444 1757 2477; x_wconf 88' lang='lat' dir='ltr'><strong>sed</strong></span> <span class='ocrx_word' id='word_1_661' title='bbox 1790 2440 2015 2475; x_wconf 87' lang='lat' dir='ltr'><strong>utilissimam</strong></span> <span class='ocrx_word' id='word_1_662' title='bbox 2055 2452 2138 2473; x_wconf 88' lang='lat' dir='ltr'><strong>con-</strong></span> 
     </span>
     <span class='ocr_line' id='line_1_112' title="bbox 1311 2492 2137 2542; baseline -0.008 -12"><span class='ocrx_word' id='word_1_663' title='bbox 1311 2508 1482 2542; x_wconf 87' lang='lat' dir='ltr'><strong>persuaso</strong></span> <span class='ocrx_word' id='word_1_664' title='bbox 1517 2497 1813 2540; x_wconf 82' lang='lat' dir='ltr'><strong>Agamemnone,</strong></span> <span class='ocrx_word' id='word_1_665' title='bbox 1848 2499 1885 2526; x_wconf 83' lang='lat' dir='ltr'><strong>ut</strong></span> <span class='ocrx_word' id='word_1_666' title='bbox 1921 2492 2032 2525; x_wconf 88' lang='lat' dir='ltr'><strong>filiam</strong></span> <span class='ocrx_word' id='word_1_667' title='bbox 2071 2504 2137 2536; x_wconf 90' lang='lat' dir='ltr'><strong>pro</strong></span> 
     </span>
     <span class='ocr_line' id='line_1_113' title="bbox 1135 2543 2138 2590; baseline -0.011 -3"><span class='ocrx_word' id='word_1_668' title='bbox 1135 2553 1248 2588; x_wconf 79' lang='lat' dir='ltr'><strong>salute</strong></span> <span class='ocrx_word' id='word_1_669' title='bbox 1272 2550 1495 2584; x_wconf 87' lang='lat' dir='ltr'><strong>Graecorum</strong></span> <span class='ocrx_word' id='word_1_670' title='bbox 1522 2548 1728 2581; x_wconf 88' lang='lat' dir='ltr'><strong>immolaret</strong></span> <span class='ocrx_word' id='word_1_671' title='bbox 1751 2546 1797 2578; x_wconf 89' lang='lat' dir='ltr'><strong>ad</strong></span> <span class='ocrx_word' id='word_1_672' title='bbox 1813 2545 2028 2590; x_wconf 89' lang='lat' dir='ltr'><strong>placandam</strong></span> <span class='ocrx_word' id='word_1_673' title='bbox 2052 2543 2138 2577; x_wconf 79' lang='lat' dir='ltr'><strong>Dia-</strong></span> 
     </span>
     <span class='ocr_line' id='line_1_114' title="bbox 1108 2617 1233 2657; baseline 0.008 -18"><span class='ocrx_word' id='word_1_674' title='bbox 1108 2650 1109 2657; x_wconf 18' lang='lat'><em>*</em></span> <span class='ocrx_word' id='word_1_675' title='bbox 1136 2617 1233 2640; x_wconf 82' lang='lat' dir='ltr'><strong>nam.</strong></span> 
     </span>
    </p>
   </div>
   <div class='ocr_carea' id='block_1_40' title="bbox 1240 2646 2137 2750">
    <p class='ocr_par' dir='ltr' id='par_1_46' title="bbox 1240 2646 2137 2750">
     <span class='ocr_line' id='line_1_115' title="bbox 1240 2646 2137 2697; baseline -0.011 -8"><span class='ocrx_word' id='word_1_676' title='bbox 1240 2656 1434 2697; x_wconf 88' lang='lat' dir='ltr'><strong>„Alterum</strong></span> <span class='ocrx_word' id='word_1_677' title='bbox 1463 2651 1531 2687; x_wconf 88' lang='lat' dir='ltr'><strong>hoc</strong></span> <span class='ocrx_word' id='word_1_678' title='bbox 1559 2650 1773 2685; x_wconf 89' lang='lat' dir='ltr'><strong>beneficium</strong></span> <span class='ocrx_word' id='word_1_679' title='bbox 1800 2646 1891 2682; x_wconf 89' lang='lat' dir='ltr'><strong>mihi</strong></span> <span class='ocrx_word' id='word_1_680' title='bbox 1915 2659 2061 2694; x_wconf 90' lang='lat' dir='ltr'><strong>quoque</strong></span> <span class='ocrx_word' id='word_1_681' title='bbox 2080 2659 2137 2680; x_wconf 85' lang='lat' dir='ltr'><strong>ac-</strong></span> 
     </span>
     <span class='ocr_line' id='line_1_116' title="bbox 1564 2701 2136 2750; baseline -0.009 -13"><span class='ocrx_word' id='word_1_682' title='bbox 1564 2704 1681 2750; x_wconf 89' lang='lat' dir='ltr'><strong>quod,</strong></span> <span class='ocrx_word' id='word_1_683' title='bbox 1717 2714 1797 2736; x_wconf 90' lang='lat' dir='ltr'><strong>cum</strong></span> <span class='ocrx_word' id='word_1_684' title='bbox 1823 2701 2010 2735; x_wconf 87' lang='lat' dir='ltr'><strong>universus</strong></span> <span class='ocrx_word' id='word_1_685' title='bbox 2039 2710 2136 2733; x_wconf 86' lang='lat' dir='ltr'><strong>exer·</strong></span> 
     </span>
    </p>
   </div>
   <div class='ocr_carea' id='block_1_41' title="bbox 1617 2754 1665 2789">
    <p class='ocr_par' dir='ltr' id='par_1_47' title="bbox 1617 2754 1665 2789">
     <span class='ocr_line' id='line_1_117' title="bbox 1617 2754 1665 2789; baseline -0.021 0"><span class='ocrx_word' id='word_1_686' title='bbox 1617 2754 1665 2789; x_wconf 83' lang='lat'><strong>40</strong></span> 
     </span>
    </p>
   </div>
   <div class='ocr_carea' id='block_1_42' title="bbox 1138 2707 1535 2754">
    <p class='ocr_par' dir='ltr' id='par_1_48' title="bbox 1138 2707 1535 2754">
     <span class='ocr_line' id='line_1_118' title="bbox 1138 2707 1535 2754; baseline -0.01 -12"><span class='ocrx_word' id='word_1_687' title='bbox 1138 2715 1279 2754; x_wconf 84' lang='lat' dir='ltr'><strong>ceptum</strong></span> <span class='ocrx_word' id='word_1_688' title='bbox 1300 2707 1386 2741; x_wconf 84' lang='lat' dir='ltr'><strong>ferri</strong></span> <span class='ocrx_word' id='word_1_689' title='bbox 1411 2707 1535 2745; x_wconf 89' lang='lat' dir='ltr'><strong>debet,</strong></span> 
     </span>
    </p>
   </div>
  </div>
 </body>
</html>
