2341 2973
171 60 247 97 487

277 145 336 179 Vs.
356 144 440 177 793.
476 144 585 178 Stella
609 145 837 187 Lycaoniam]
873 144 989 177 Milvii
1013 145 1169 189 appella-
1193 155 1198 179 1

171 198 223 230 tio
243 197 336 229 inter
356 195 506 228 nomina
527 195 711 228 stellarum
734 208 829 229 nunc
853 209 926 228 non
952 203 1170 236 recensetur,

172 261 236 281 nec
256 248 350 292 apud
370 247 618 280 Ptolemaeum
637 246 777 290 legitur.
832 247 921 280 Sunt
940 253 1058 280 autem
1071 274 1080 287 ‚
1109 247 1171 293 qui

173 299 377 332 existimant
403 311 479 331 eam
506 310 598 338 csse,
633 310 724 343 quae
752 310 848 332 nunc
874 304 1024 332 vocatur
1039 298 1172 332 Vultur
1195 306 1200 331 *1

173 351 321 390 cadens,
351 361 443 395 quae
463 351 586 383 eadem
608 357 658 382 est
679 362 757 382 curn
775 349 889 395 Lyra;
923 351 983 383 scd
1012 362 1171 383 commo-

174 402 253 435 dius
281 407 331 435 est
354 401 525 446 Aquilam
551 400 766 444 intelligere,
811 401 969 434 vicinum
995 401 1171 448 Aquario.

171 452 330 497 Iungunt
356 453 471 492 enim,
509 452 591 497 quia
615 452 754 494 fingunt
772 451 972 498 Aquarium
993 453 1173 499 Ganyme—

173 506 253 538 dem
275 516 348 538 esse
374 505 417 536 ab
443 503 561 549 aquila
586 509 743 546 raptum.
807 504 896 537 Cum
922 504 1032 548 igitur
1055 505 1108 539 sol
1136 506 1173 537 in
1199 510 1201 515 '

171 556 290 590 Pisces
309 555 500 599 processit,
528 566 668 587 necesse
687 561 738 588 est
756 555 943 601 aliquanto
963 563 1044 590 ante
1060 557 1172 590 solem

173 607 314 652 praeire
351 607 542 652 Aquilam,
598 617 705 651 quam
751 608 946 641 comitatur
980 608 1202 656 Aquarius.3

173 659 349 693 Naturam
367 658 492 691 sideris
510 657 679 691 describit
696 657 868 692 Manilius
879 658 963 705 ⁴⁰²):
1200 663 1202 670 ’

276 718 333 740 Nec
353 723 447 747 pacem
467 722 483 740 a
504 717 592 747 bello,
619 716 707 740 civem
727 717 860 742 discernit
880 719 913 742 ab
933 719 1028 748 lioste3

276 761 341 790 lpse
361 760 413 783 sibi
431 761 477 784 lex
498 762 558 790 est,
588 760 615 783 et
633 759 705 790 fert,
731 767 892 792 quocunque
915 762 1047 786 vquutas

276 802 445 832 Praecipitat
464 802 552 827 vii-23.

171 849 384 892 Lycaoniam.
413 848 571 892 Arcton]
606 847 761 888 Ursam,
802 848 885 893 quia
918 847 1010 881 Ursa
1041 847 1174 881 Calisto

173 899 321 942 fingitur
344 898 414 931 filia
439 898 639 943 Lycaonis,
676 905 710 932 et
736 899 819 944 quia
839 900 998 933 Arcades
1025 899 1176 933 studiosi

173 956 277 983 erant
295 950 499 983 coelestium
520 963 653 983 rerum.

277 1000 338 1035 Vs.
356 999 442 1036 825.
472 1004 516 1036 Et
542 1003 618 1036 licet
640 1002 759 1045 Epeo]
790 1001 862 1046 Qui
887 1002 955 1035 suit
981 1002 1176 1035 fabricator

174 1052 257 1098 equi
277 1052 441 1086 Troiani.

275 1103 336 1138 Vs.
361 1104 447 1139 826.
480 1106 587 1138 Ρνίον
610 1102 797 1151 manibus]
836 1104 1067 1138 excellentior
1091 1104 1176 1137 arti-

171 1156 264 1189 ficio.

275 1205 336 1240 Vs.
360 1206 446 1241 837.
491 1209 624 1247 Parva,
660 1206 768 1254 licet]
805 1206 854 1240 Ita
881 1208 973 1241 dicta
1001 1214 1071 1247 est,
1114 1214 1176 1241 aut

173 1259 271 1305 quod
286 1259 393 1292 suerit
409 1265 511 1304 capta
528 1271 569 1292 ex
589 1256 751 1293 hostibus
761 1259 827 1306 4¹),
863 1266 924 1293 aut
949 1261 1046 1305 quod
1068 1259 1176 1292 suerit

174 1317 298 1355 capta,
326 1310 362 1343 id
381 1317 452 1351 est,
489 1317 708 1344 consecrata.

277 1361 337 1396 Vs.
356 1360 441 1396 851.
469 1364 572 1397 Nunc
586 1360 696 1410 poles]
725 1365 786 1397 22.
811 1362 868 1395 die
894 1361 1064 1395 introitus
1092 1361 1176 1395 solis

763 56 886 94 PHIL.
914 57 1027 93 MEL.
1055 57 1260 94 SCRIPTA
1286 56 1626 95 PHILOLOGICA.

173 1413 212 1445 in
230 1413 385 1447 Arietem
400 1440 409 1455 ,
438 1414 501 1459 qui
517 1415 556 1447 fit
572 1421 697 1448 nostro
715 1420 878 1459 ternpore
895 1415 951 1447 die
970 1413 1176 1453 11.Martii,

173 1464 282 1510 idque
303 1472 356 1500 est
371 1477 524 1499 vernum
535 1466 582 1512 42)
602 1466 870 1511 aequinoctium
883 1493 892 1506 ‚
929 1466 1070 1499 etiamsi
1087 1465 1176 1498 alius

175 1517 250 1550 dies
275 1517 371 1550 civili
393 1517 651 1552 consuetudine
675 1518 895 1563 aequinoctii
925 1518 999 1551 dies
1024 1517 1177 1550 vocaba-

176 1574 254 1608 tur,
295 1575 336 1602 ut
359 1571 454 1613 apud
477 1582 543 1603 nos
571 1569 646 1603 dies
674 1570 854 1613 Gregorii.
923 1570 1030 1614 Quod
1056 1575 1175 1602 autem

174 1626 262 1653 tunc
280 1620 441 1654 tardiora
455 1621 590 1654 suerint
605 1621 844 1666 aequinoctia,
862 1621 1054 1664 praecipua
1072 1632 1175 1653 causa

175 1678 246 1712 est,
284 1673 382 1716 quod
416 1670 483 1705 hoc
514 1679 677 1716 tempore
711 1672 935 1705 intercalatio
976 1684 1050 1705 non
1093 1671 1205 1719 satis}

176 1723 368 1756 emendata
406 1731 468 1758 est.
539 1723 702 1769 Cumque
736 1724 822 1756 anni
848 1724 989 1757 usuales
1022 1722 1205 1773 maiores}

176 1775 248 1808 sint
280 1775 477 1816 solaribus,
518 1788 659 1809 necesse
685 1782 736 1809 cst
759 1775 1072 1821 aequinoctiorum
1103 1775 1176 1808 dies
1202 1774 1205 1849 ἱ

175 1838 373 1861 recurrere.

278 1878 338 1912 Vs.
358 1877 443 1914 852,
469 1877 590 1926 Here]
620 1879 726 1919 Heri,
762 1885 892 1924 quarto
917 1879 974 1911 die
999 1877 1176 1923 quinqua·
1202 1854 1205 1908 l

176 1930 285 1963 trium
306 1930 503 1965 Minervae.

283 1980 342 2015 Vs.
369 1981 455 2016 853.
493 1980 720 2030 Seminibus]

180 2033 318 2066 coelum
338 2035 524 2069 translato.
630 2031 829 2081 Novercaa]
857 2032 939 2067 lnus
958 2046 1038 2066 cum
1054 2045 1176 2066 corru-

180 2084 290 2128 pisset
313 2085 449 2118 semina
474 2086 546 2119 sive
572 2093 685 2127 tosta,
729 2087 802 2120 sive
828 2085 963 2131 alioqui
988 2084 1176 2125 medicata,

177 2148 251 2169 non
268 2144 515 2181 provenerunt
529 2138 659 2182 fruges.

1202 1917 1205 1945 l

758 1981 894 2015 Fabula
924 1982 966 2014 de
990 1980 1111 2014 Ariete
1139 1981 1175 2013 in

368 2238 417 2272 In
444 2239 693 2273 Fastorum
722 2240 894 2273 librum
924 2238 981 2274 IV.

282 2316 485 2362 Descriptio
502 2316 632 2350 mensis
643 2317 796 2361 Aprilis,
825 2317 861 2349 in
880 2329 949 2362 qua
970 2322 1053 2350 sunt
1070 2316 1172 2361 plura

178 2367 370 2410 historica,
398 2369 453 2401 vel
473 2368 656 2408 sabulosa,
691 2382 796 2414 quam
816 2368 1071 2402 astronomica.

217 2514 250 2538 40
261 2514 288 2545 a)
311 2513 417 2538 Mamm
438 2514 553 2537 Astron.
573 2513 609 2536 v,
629 2512 788 2536 495—497.
810 2513 857 2536 itu.
880 2513 966 2536 iat-01..
1199 2502 1203 2546 J

215 2565 263 2597 41)
286 2567 332 2589 aut
351 2566 420 2595 quod
440 2565 524 2589 fuerit
544 2566 625 2594 capta
645 2571 678 2587 ex
709 2563 859 2595 liostit)us.]
886 2565 925 2588 sic
951 2565 1000 2589 Ed.
1019 2565 1112 2594 1550.;
1148 2564 1174 2587 in
1198 2547 1203 2607 ῥ

250 2601 333 2624 Editt.
352 2601 443 2629 15⁴8..
466 2600 560 2630 1551..
584 2600 657 2623 ¹564.
677 2599 744 2622 hacc
766 2599 873 2624 desunt.
1199 2615 1202 2645 1

214 2652 262 2681 42)
282 2653 412 2679 vernum]
434 2651 472 2674 sic
491 2653 565 2675 recte
587 2651 635 2675 Ed.
652 2651 745 2683 1550‚;
771 2651 853 2676 Editt.
876 2651 961 2676 1518..
986 2651 1076 2681 155¹.,
1100 2650 1174 2674 1564.
1199 2654 1201 2662 ¹

252 2687 337 2711 male:
365 2693 470 2710 verum.

2146 63 2220 98 488

1326 144 1387 178 Vs.
1404 144 1466 180 24.
1494 148 1641 180 Antores
1658 148 1801 191 retum]
1824 147 1966 181 Primos
1984 161 2124 183 menses
2138 161 2222 182 con—

1224 196 1377 230 secravit
1396 197 1582 230 autoribus
1599 199 1739 242 stirpis,
1774 198 1882 231 Marti
1900 205 1933 231 et
1952 199 2096 234 Veneri.

1328 247 1388 281 Vs.
1415 245 1499 282 125.
1527 251 1599 282 Nec
1619 247 1769 297 Veneri]
1799 250 1920 295 Quare
1935 250 2075 286 Vernus
2091 251 2223 286 mensis

1226 300 1340 333 dictus
1363 299 1407 332 sit
1435 312 1452 331 a
1478 298 1636 339 Venere,
1681 301 1762 346 qui-i
1792 302 1851 335 illo
1881 308 2042 347 tempore
2068 304 2223 337 eduntur

1226 352 1340 384 foetus
1363 350 1613 385 animantium.

1328 401 1389 435 Vs.
1415 400 1500 436 134.
1544 404 1587 436 Et
1607 400 1691 450 vos.]
1728 403 1800 438 Vos
1827 405 1985 449 puellae,
2017 417 2109 451 quae
2134 417 2224 438 non-

1227 454 1311 487 dum
1331 453 1451 496 geritis
1470 454 1575 487 vitias
1593 461 1626 486 et
1642 454 1766 499 longas
1782 463 1906 490 vestes.

1331 504 1392 538 Vs.
1413 504 1500 541 278.
1529 507 1713 550 Phryoeeae
1731 508 1885 552 sororis]
1904 507 2126 552 Hellesponti
2144 513 2228 541 sunt

1229 558 1405 602 quaedam
1424 558 1608 600 angustiae
1628 557 1755 597 maris,
1784 559 1827 591 ab
1846 559 2009 592 inferiori
2034 565 2136 604 parte
2164 571 2226 592 vo-

1229 615 1330 642 catur
1350 608 1514 652 Sigacuni
1528 635 1536 646 ,
1566 621 1583 640 a
1602 610 1780 652 superiori
1799 607 2015 644 Rbetaeum.

1331 659 1391 693 Vs·
1410 660 1496 693 373.
1532 658 1756 708 Pallantias]
1789 661 1953 702 Aurora,
1985 662 2055 694 filia
2082 662 2228 696 Pallan-

1229 710 1284 744 tis.
1338 710 1497 755 Fingunt
1513 711 1677 744 Pallanta
1697 724 1810 745 unum
1836 712 1942 746 fuisse
1966 725 2008 746 ex
2024 712 2228 754 Titanibus,

1199 760 1203 782 ³
1229 769 1371 806 patrem
1390 764 1575 802 Aurorae,
1604 763 1687 808 quia
1706 760 1856 799 πάλλειν
1872 764 2049 809 significat
2068 764 2228 805 vibrare;

1230 819 1383 858 suntque
1415 821 1550 847 veteres
1576 815 1835 859 appellationes
1857 816 2070 862 plerumque
2095 822 2230 850 meteo-

1230 865 1421 908 rologicae.
1476 864 1581 905 Iuba,
1618 879 1679 899 rex
1703 866 1966 907 Numidarum,
2003 867 2142 901 adiuvit
2164 866 2230 902 ho-

1230 922 1298 950 stes
1325 915 1487 950 Caesaris
1520 918 1556 949 in
1587 917 1728 957 Africa,
1770 919 1899 952 deinde
1934 919 2029 952 victo
2061 919 2230 961 exercitu,

1231 967 1307 1012 ipse
1328 967 1395 1001 sibi
1416 968 1589 1002 conscivit
1608 975 1773 1003 mortem.

1332 1018 1393 1052 Vs.
1412 1019 1499 1053 383.
1528 1022 1628 1053 Hanc
1641 1019 1780 1068 sedem]
1810 1021 1880 1053 loci
1898 1021 2084 1066 equestris.

1333 1069 1392 1104 Vs.
1411 1070 1497 1104 387.
1526 1074 1617 1106 Ante
1635 1073 1776 1117 tamem]
1798 1072 2004 1116 Spectacula
2023 1074 2230 1117 producun-

1230 1127 1289 1155 tur
1305 1134 1417 1167 usque
1436 1124 1478 1155 ad
1502 1134 1665 1156 occasum
1687 1123 1856 1163 Orionis,
1891 1123 1975 1169 quia
1993 1124 2111 1158 Orion
2134 1136 2231 1158 nunc

1231 1173 1361 1206 occidit
1381 1180 1460 1218 post
1478 1186 1641 1207 occasum
1663 1175 1759 1208 solis.

1332 1224 1392 1260 Vs.
1412 1224 1498 1260 424.
1525 1228 1601 1259 Dea
1622 1226 1742 1269 flava]
1772 1226 1897 1266 Ceres,
1930 1233 2079 1272 propter
2105 1226 2231 1261 aristas

1229 1277 1351 1310 flavas.

1332 1327 1393 1361 Vs.
1411 1327 1497 1363 626.
1543 1330 1722 1363 Grandine
1746 1329 1906 1372 mimas]
1942 1328 2099 1373 Propter
2131 1339 2231 1361 occa-

1230 1392 1308 1414 sum
1331 1379 1499 1424 Hyadum
1514 1407 1522 1419 ‚
1566 1380 1627 1425 qui
1651 1379 1824 1424 sequitur.
1885 1379 1984 1413 Sicut
2016 1378 2136 1425 inquit
2158 1379 2233 1412 Pli-

1229 1432 1310 1465 nius
1324 1431 1391 1477 ἐι3);
1435 1431 1510 1465 XV.
1539 1431 1670 1477 Ca1.'⁴²)
1694 1431 1784 1463 Maii
1813 1430 1976 1476 Aegypto
2000 1430 2151 1464 Suculae
2174 1443 2232 1464 oc-

1231 1483 1356 1517 cidunt
1380 1484 1541 1527 vesperi,
1577 1483 1673 1516 sidus
1696 1480 1909 1523 vehemens,
1943 1489 1978 1516 et
2002 1488 2098 1516 terra
2122 1482 2232 1515 mari-

1231 1547 1301 1580 que
1327 1534 1529 1568 turbidum:
1574 1532 1641 1567 hoc
1669 1541 1721 1567 est
1752 1534 1859 1577 vulgo
1885 1534 2106 1578 appellatum
2134 1533 2231 1568 sidus

1231 1586 1432 1620 Palilicum.

1334 1637 1394 1671 Vs.
1413 1636 1499 1672 629,
1526 1639 1608 1670 Idus
1627 1636 1794 1680 Veneris]
1821 1634 1904 1670 Idus
1921 1635 2068 1681 Aprilis.

1335 1688 1395 1722 Vs.
1414 1689 1500 1722 713.
1536 1687 1760 1733 Prooeimaffi)
1785 1690 1888 1730 cmm]
1917 1687 1985 1720 Hic
2005 1688 2105 1721 locus
2128 1698 2232 1732 prae-

1232 1741 1333 1785 cipue
1351 1741 1389 1773 in
1405 1738 1475 1773 hoc
1493 1752 1600 1784 opere
1620 1740 1866 1773 observandus
1884 1745 1952 1779 est,
1988 1739 2086 1785 quod
2112 1738 2151 1771 in
2173 1751 2233 1772 ve-

1231 1793 1365 1826 teribus
1400 1793 1498 1826 fastis
1535 1798 1617 1825 sunt
1658 1791 1834 1825 tardiores
1870 1790 2040 1825 introitus
2074 1790 2158 1825 solis
2193 1790 2232 1823 in

1231 1844 1344 1888 signa,
1372 1857 1477 1889 quam
1497 1856 1604 1883 nunc,
1633 1849 1667 1875 et
1684 1841 1752 1876 hoc
1770 1849 1918 1888 propter
1935 1842 2044 1876 nimis
2061 1853 2231 1886 magnam

1232 1895 1557 1929 intercalationem.

1333 1946 1393 1981 Vs.
1412 1946 1498 1982 720.
1526 1949 1654 1980 lunone
1669 1942 1806 1991 invitm]
1827 1943 1916 1978 lllud
1934 1945 2029 1978 sidus
2050 1950 2102 1978 est
2117 1950 2232 1979 trans-

1230 1999 1343 2033 latum
1378 1999 1417 2031 in
1451 1999 1587 2037 sidera,
1638 1996 1721 2041 quia
1756 1995 1891 2040 Iupiter
1927 2002 2085 2029 xerterat
2118 1994 2156 2029 Io
2192 1996 2231 2029 in

1232 2051 1374 2084 bovem.

1332 2102 1392 2136 Vs.
1414 2102 1499 2137 721.
1527 2101 1656 2134 Palilia
1669 2101 1816 2142 pose-otu]
1845 2099 1930 2133 Dies
1947 2099 2081 2144 poscit,
2108 2105 2149 2133 ut
2171 2100 2230 2133 de-

1229 2155 1382 2188 scribam
1401 2152 1540 2186 Palilia.

1332 2205 1392 2239 Vs.
1405 2204 1491 2244 791.
1515 2203 1635 2248 linet]
1653 2202 1708 2235 cui
1727 2202 1953 2235 interdicitur
1970 2202 2050 2247 igne
2069 2209 2104 2236 et
2121 2214 2228 2249 aqua.

1332 2256 1392 2290 Vs.
1412 2255 1496 2290 901.
1526 2257 1600 2289 Sex
1618 2256 1673 2288 ubi
1689 2250 1801 2301 quaa]
1824 2254 1890 2287 Die
1907 2253 1968 2290 25.
1987 2254 2146 2288 medium
2165 2267 2227 2288 ver

1230 2315 1299 2347 est,
1339 2315 1371 2341 et
1389 2308 1490 2342 Aries
1519 2307 1647 2339 occidit
1673 2304 1878 2351 acronycho
1898 2318 2037 2340 occasu.
2090 2305 2142 2339 Ac
2162 2318 2226 2351 po-

1229 2359 1350 2393 stridie
1383 2372 1487 2392 mane
1521 2358 1671 2392 cosmica
1702 2358 1869 2392 oriuntur
1891 2357 2019 2391 Hoedi.
2085 2356 2225 2391 Deinde

1262 2508 1309 2540 43)
1331 2509 1400 2575 Ptin).
1415 2509 1476 2534 Nat.
1492 2508 1562 2532 nist.
1576 2507 1676 2532 XVIII.
1698 2514 1720 2531 c.
1737 2508 1779 2531 66.
1801 2507 1824 2531 1.
1843 2507 1890 2531 Ed.
1907 2507 2008 2531 Franz.
2029 2506 2066 2538 (c.
2080 2506 2123 2531 26.
2137 2506 2224 2532 Editt.

1297 2545 1381 2574 antiq.
1402 2561 1408 2568 .

1262 2598 1310 2625 44)
1331 2596 1393 2620 XV.
1415 2596 1488 2625 CaI.]
1508 2595 1548 2619 sic
1566 2594 1650 2619 Editt.
1670 2594 1879 2623 1548-1564.;
1907 2593 1975 2617 Ptin.
1997 2593 2016 2618 l.
2032 2594 2051 2617 l.
2069 2592 2146 2617 xlv,
2161 2592 2222 2617 cal.

1262 2647 1308 2677 45)
1333 2649 1485 2677 Proxima]
1512 2648 1552 2671 sic
1574 2647 1656 2671 Editt.
1681 2646 1745 2670 1548
1760 2659 1780 2661 *ff
1810 2645 1900 2669 ¹564:
1939 2645 2021 2670 ovid.
2041 2645 2090 2669 Ed.
2111 2644 2221 2675 Gierig.

1297 2684 1426 2708 Postera.
