2421 3005
108 89 183 126 253
538 85 709 121 LXXXII.

213 173 289 208 Hae
315 173 431 219 polito
450 173 582 208 infanti
607 173 645 207 in
669 173 819 219 genibus
845 181 969 208 nectar
989 181 1024 208 et
1043 186 1118 208 am-

108 227 268 262 brosiam
284 225 524 266 instillabunt,
551 231 586 259 et
602 226 736 260 facient
756 239 838 261 eum
857 226 1116 268 immortalem,

107 280 200 315 sicut
222 277 346 312 Iovem
372 286 407 312 et
421 278 627 324 Apollinem
641 306 650 319 ,
678 285 718 313 ut
740 279 786 313 sit
810 279 980 323 gaudium
998 277 1115 312 homi-

106 331 234 372 nibus,
262 338 297 365 et
315 331 521 376 proximum
550 331 718 365 comitem
739 332 938 376 pecudum,
967 337 1114 365 venato-

108 396 183 418 rem
203 390 238 417 et
254 389 437 428 pastorem
450 410 459 423 ‚
487 389 522 416 et
538 389 577 417 ut
594 383 806 417 nominetur
821 384 1019 418 Aristaeus.

212 435 270 470 Sic
283 436 423 470 locutus
442 433 582 469 Chiron
593 463 601 477 ,
629 437 803 470 monebat
818 436 1024 481 Apollinem
1038 463 1046 476 ‚
1075 442 1115 469 ut

106 488 228 523 dulces
251 487 396 533 nuptias
412 488 609 533 perficeret.
667 491 745 533 (Ep.
761 489 814 535 3.)
844 488 923 522 Diis
942 488 1114 522 festinan-

107 540 220 581 tibus,
247 540 411 574 celeriter
427 552 484 574 res
501 541 556 573 fit:
601 548 635 574 et
658 541 785 574 breves
805 541 882 574 viae
900 547 995 575 sunt.
1049 539 1112 573 illa

106 593 183 627 dies
206 592 366 638 perfecit.
445 592 706 627 Convenerunt
737 599 857 634 aut-em
894 605 1004 626 aureo
1036 590 1115 626 tha·

105 645 204 678 lamo
219 644 377 690 Libyae,
403 645 465 678 ubi
484 643 765 690 pulcherrimam
784 646 911 679 urbem
929 651 962 678 et
979 645 1113 678 claram

106 697 366 731 certaminibus
385 696 525 743 Cyrene
545 704 657 732 curat.
711 697 757 730 Et
776 709 873 731 nunc
891 697 929 729 in
944 695 1114 742 Pythone

105 749 199 784 filius
216 749 419 783 Carniadae
439 751 553 783 victor
569 762 649 784 eam
672 757 779 783 ornat
803 761 936 783 corona
951 776 959 789 ,
980 756 1021 783 ,et
1044 749 1114 782 cla-

104 813 184 835 ram
208 801 310 842 fecit,
338 814 431 848 quae
458 809 492 835 et
507 802 682 835 benevola
712 814 792 836 eum
816 801 965 846 recipiet
988 801 1026 835 in
1051 813 1114 846 pa-
1139 807 1143 842 ξ

106 853 175 887 tria
200 852 355 888 habente
379 852 549 899 pulchras
575 854 748 895 feminas,
784 867 824 887 ex
845 851 997 898 Delphis
1028 854 1111 887 afle-
1139 844 1143 894 ss

105 912 245 940 rentem
264 918 435 951 magnam
456 906 621 951 gloriam.
1139 941 1142 946 ,

210 956 303 1003 (Str.
330 957 382 1001 4.)
417 957 604 994 Excellens
641 958 754 992 xirtus
790 957 964 991 celebrari
1004 957 1111 1001 longa
1140 960 1142 983 ἱ

105 1009 272 1043 oratione
303 1017 433 1055 potest.

103 1061 189 1096 satis
208 1069 261 1096 est
274 1062 430 1107 sapienti
449 1063 620 1098 auditori.

103 1112 265 1148 minatur
284 1114 322 1147 in
347 1115 510 1161 quolibet
524 1114 683 1160 negotiO.

102 1163 256 1208 lolaum,
274 1166 336 1212 qui
354 1179 430 1200 non
443 1168 599 1212 neglexit
614 1167 858 1200 occasionem:
878 1178 1000 1212 quem,
1015 1171 1111 1210 post-
1137 1170 1141 1201 1

503 1011 574 1045 Sed
602 1022 716 1056 pauca
742 1011 786 1043 de
812 1010 952 1055 magnis
981 1009 1113 1049 dicere,
1139 1016 1142 1026 ¹

675 1063 743 1097 Sed
769 1061 1024 1108 opportunitas
1049 1062 1113 1095 do-
1139 1070 1142 1094 ἕ

738 1115 885 1149 'Norunt
901 1120 935 1147 et
951 1111 1112 1153 Thebae,
1139 1112 1141 1142 ἔ

105 1229 215 1263 quam
231 1217 427 1263 Eurysthei
446 1226 554 1263 caput
570 1218 798 1264 praeciderat
816 1218 908 1252 ensis
935 1218 1009 1250 acie
1022 1244 1031 1257 ,
1059 1229 1113 1251 se-
1137 1224 1141 1255 ξ

104 1269 286 1313 pelierunt
302 1282 416 1315 prope
432 1277 710 1305 monumentum
731 1268 1021 1315 Amphitryonis,
1050 1269 1114 1315 qui
1139 1276 1142 1310 ᾗ

104 1320 171 1355 fuit
195 1322 271 1355 eius
297 1329 469 1366 paternus
494 1336 602 1363 avus,
639 1322 701 1368 qui
723 1322 790 1355 fuit
818 1320 948 1366 hospes
964 1318 1113 1361 Thebis,
1139 1323 1142 1366 1

104 1385 193 1419 quas
211 1381 383 1407 rexerunt
397 1375 474 1407 nati
491 1386 532 1408 ex
551 1374 636 1408 satis
656 1374 823 1408 dentibus
846 1372 1028 1406 draconis.

209 1424 311 1471 (Ant.
331 1425 384 1472 4).
420 1426 568 1471 Peperit
602 1426 698 1459 enim
727 1426 920 1465 Alcmena,
959 1423 1112 1469 Amphi-

106 1477 228 1522 tryoni
252 1484 286 1510 et
308 1476 385 1512 Iovi
408 1478 539 1519 mixta,
571 1478 743 1522 gemellos
767 1490 841 1513 uno
867 1484 986 1523 partu.
1030 1477 1111 1511 'Mu-
1137 1471 1141 1522 ξ

105 1536 160 1563 tus
184 1536 255 1570 est,
289 1529 319 1563 si
344 1530 424 1576 quis
448 1543 523 1564 non
557 1531 713 1564 celebrat
738 1531 952 1570 Herculem,

103 1580 278 1616 Dircaeas
298 1584 433 1623 undas,
478 1595 570 1630 quae
595 1582 714 1628 ipsum
741 1590 775 1617 et
808 1581 985 1627 Iphiclum
1015 1582 1111 1615 alue-
1137 1595 1140 1612 ι

103 1640 201 1668 runt.
255 1632 331 1668 Hos
349 1646 414 1679 ego
433 1635 520 1670 alias
544 1635 756 1675 celebrabo,
787 1648 832 1668 ne
858 1647 914 1668 me
940 1634 1111 1669 destituat
1137 1649 1140 1667 1

105 1686 228 1719 lumen
252 1685 476 1721 Gratiarum.
530 1686 599 1720 Sed
626 1685 723 1721 hunc
748 1687 1005 1721 Telesicratem
1030 1686 1110 1719 dico
1137 1689 1140 1757 1

104 1743 160 1770 ter
195 1736 234 1770 in
261 1737 397 1782 Aegina
435 1745 470 1772 et
496 1737 575 1772 Nisi
611 1739 752 1773 tumulo
788 1739 962 1772 victorem
991 1738 1112 1778 fuisse,
1138 1761 1140 1781 ς

105 1787 187 1833 (Ep.
206 1788 259 1834 4.)
285 1796 321 1823 et
338 1790 502 1834 effugisse
523 1790 668 1823 tacitam
691 1791 873 1835 ignaviam
893 1790 1005 1824 factis.

209 1841 245 1875 Si
264 1842 344 1887 quis
364 1841 473 1886 igitur
490 1842 621 1876 civium
642 1850 703 1876 aut
721 1843 856 1877 amicus
873 1842 1112 1876 autinimicus
1137 1845 1141 1899 j

104 1899 178 1934 est,
206 1895 305 1940 quod
330 1893 473 1938 publice
497 1901 593 1928 recte
613 1895 747 1928 sactum
772 1901 842 1935 est,
878 1907 922 1927 ne
944 1894 1112 1934 occultet,
1136 1902 1142 2254 ι

993 1542 1110 1576 neque
1138 1548 1140 1568 ς

103 1945 250 1979 laedens
266 1958 471 1980 sermonem
489 1945 608 1981 Nerei.
655 1947 722 1980 Hic
740 1947 836 1981 enim
854 1946 962 1980 dixit:
992 1945 1112 1980 Etiam

103 1996 243 2031 inimici
270 1998 418 2032 laudent
445 2005 522 2032 toto
550 1999 674 2032 animo
704 2011 805 2037 eum,
840 1999 977 2045 quires
1003 1998 1113 2032 iustas

105 2049 189 2094 egit.
251 2049 365 2095 Saepe
391 2050 464 2084 vidi
488 2058 522 2084 te
546 2050 689 2085 vincere
714 2051 751 2084 in
778 2051 908 2085 annuis
932 2049 1113 2084 sacrificiis

103 2100 283 2143 Palladis,
322 2102 384 2136 ubi
409 2103 590 2148 quaelibet
618 2103 719 2148 virgo
746 2110 778 2137 te
806 2103 872 2137 sibi
906 2103 1024 2136 virum
1050 2109 1113 2136 aut

104 2153 218 2187 filium
237 2154 396 2199 optavit,
434 2154 527 2199 (Str.
545 2153 597 2201 5.)
618 2162 650 2189 et
668 2155 704 2188 in
722 2155 923 2201 Olympiis,
952 2161 986 2188 et
1002 2155 1039 2188 in
1055 2154 1112 2188 lit-

106 2211 185 2239 tore
196 2232 206 2246 ,
233 2212 269 2239 et
284 2206 372 2240 locis
388 2206 527 2241 vicinis.

210 2258 242 2291 A
266 2270 323 2291 me
349 2258 458 2303 igitur
482 2258 612 2305 aliquis
639 2260 756 2305 exiget
778 2259 1001 2293 curationem
1036 2258 1112 2293 sitis

105 2307 290 2343 odarum:
328 2308 397 2343 hoc
429 2310 590 2344 debitum
625 2312 745 2352 solvo,
790 2312 955 2346 videlicet
988 2312 1112 2345 laudes

105 2366 252 2395 tuorum
279 2362 480 2403 maiorum,
516 2363 638 2409 quales
662 2363 793 2397 iverint
817 2365 862 2397 ad
888 2365 1013 2398 urbem
1038 2363 1112 2396 An-

107 2412 178 2446 taei
206 2412 382 2456 lrassam,
417 2421 457 2448 ut
482 2421 598 2448 essent
626 2416 726 2460 proci
751 2415 908 2461 Libycae
937 2416 1112 2453 mulieris.

107 2476 215 2510 quarn
234 2467 338 2500 multi
355 2466 536 2512 principes
555 2468 717 2511 cognati,
746 2475 779 2501 et
803 2468 907 2502 multi
928 2468 1111 2514 peregrini

108 2518 296 2561 petebant,
324 2519 407 2565 quia
427 2519 641 2552 admiranda
669 2520 784 2552 forma
823 2520 925 2566 (Ani.
943 2519 996 2568 5.)
1021 2527 1111 2562 erat,

108 2574 143 2601 et
170 2570 360 2615 decerpere
384 2583 508 2605 omnes
540 2571 664 2605 florem
700 2572 900 2616 pubertatis
928 2573 1110 2608 volebant.

108 2620 218 2654 Pater
235 2628 354 2655 autem
365 2623 526 2657 Antaeus
541 2624 665 2657 volens
683 2624 879 2668 gloriosum
900 2626 1108 2670 coniugium

109 2671 202 2706 filiae
225 2685 417 2719 quaerere,
446 2675 604 2715 audivit,
633 2675 753 2721 qualia
776 2676 943 2722 coniugia
961 2677 1108 2712 Danaus

111 2730 191 2758 octo
215 2732 247 2759 et
273 2727 510 2772 quadraginta
538 2728 677 2762 filiabus
704 2727 879 2762 invenerit
897 2736 978 2763 ante
1004 2734 1107 2764 meri-

764 86 1169 122 INTERPRETATIO
1205 89 1501 125 PYTHlORUM
1536 91 1747 129 PlNDARl.

1140 995 1142 1013 ;
1168 977 1268 1011 salia.

1140 1048 1141 1055 1
1168 1042 1208 1063 ex
1232 1043 1306 1064 uno
1334 1038 1437 1075 patre
1454 1031 1709 1066 Aristomacho
1727 1033 1784 1078 18).

1139 1082 1263 1116 ¹riosa
1297 1083 1409 1116 recito
1445 1084 1722 1129 intempestive?

1139 1206 1141 1211 ·
1167 1186 1324 1219 sodalitii
1356 1200 1494 1222 vocem.

1137 1574 1140 1591 ῑ
1166 1559 1232 1604 giis
1250 1560 1382 1604 patris,
1418 1561 1498 1608 (Ep.
1521 1562 1571 1608 1.)
1601 1563 1663 1608 qui
1690 1564 1775 1597 vicit
1799 1565 1836 1597 in
1859 1563 2051 1609 Olympiis.

1137 1615 1140 1647 3
1171 1613 1178 1618 .

1138 1669 1140 1687 *⁸
1165 1665 1230 1699 sub
1256 1677 1346 1710 rupe
1365 1663 1527 1699 Cirrhae.

1166 1830 1204 1863 in
1227 1830 1400 1871 Graecia,

2099 103 2175 138 234

1351 178 1548 214 Constituit
1571 181 1667 214 enim
1698 188 1814 216 totum
1841 182 1991 219 chorum
2017 187 2086 220 fili
2080 200 2175 222 irum

1171 229 1208 262 in
1235 230 1359 272 metis,
1387 238 1422 265 et
1446 231 1548 266 iussit
1571 233 1730 278 singulos
1745 234 1884 271 Heroas
1904 249 2009 272 cursu
2026 246 2176 281 certare,

1168 288 1208 315 ut
1235 280 1384 317 haberet
1409 284 1582 330 quisque,
1618 298 1728 331 quam
1756 288 1872 322 xellet.
1934 290 2014 336 (Ep.
2034 289 2088 338 5.)
2117 291 2175 326 Sic

1169 341 1203 367 et
1217 330 1378 370 Antaeus
1396 336 1495 370 dedit
1508 336 1568 370 fili.
1563 348 1601 370 ie
1619 350 1804 383 sponsum.
1859 341 2059 376 Collocavit
2077 344 2175 378 enim

1169 397 1246 419 eam
1267 388 1311 420 ad
1329 395 1482 429 metam,
1513 389 1707 432 ordinans,
1731 397 1772 425 ut
1787 392 1838 425 ibi
1856 402 1952 428 meta
1977 407 2100 430 cursus
2124 409 2177 430 es-

1168 446 1239 478 set,
1268 440 1330 473 ubi
1355 441 1456 499 virgo
1482 443 1621 480 stabam
1656 450 1691 476 et
1713 443 1836 485 iussit,
1863 452 1903 478 ut
1931 447 1989 480 ille
2012 459 2092 481 eam
2114 449 2174 481 ab·

1169 492 1335 532 duceret,
1370 493 1431 539 qui
1460 494 1600 537 primus
1630 507 1708 528 eam
1735 497 1920 541 attigisset
1982 498 2035 533 lbi
2058 500 2176 534 Alexi-

1169 543 1296 577 damus
1328 544 1442 578 xictor
1479 559 1557 580 tam
1590 547 1692 580 duxit
1724 560 1789 592 per
1818 550 1955 595 equites
1979 551 2176 586 Nomadas.

1168 594 1222 628 llli
1248 596 1359 629 multa
1388 597 1473 630 soli-1
1497 606 1532 631 et
1555 611 1708 634 coronas
1726 600 1757 633 ei
1778 601 2008 642 obiecerunt;
2036 604 2115 636 tulit
2143 610 2174 637 et

1169 654 1275 681 antea
1296 648 1356 681 ’11111
1359 661 1386 682 15
1407 650 1587 685 xictorias.

1172 177 1280 212 diem.

1577 764 1669 807 Ode
1704 767 1758 810 X.

1298 841 1334 873 H
1342 841 1412 884 ipp
1421 852 1438 874 (ι
1447 853 1464 875 c
1473 842 1510 875 le
1518 855 1538 876 a
1548 854 1565 874 e
1596 843 1757 877 Thessalo
1773 844 1883 878 diauli
1899 847 2043 879 cursori.

1273 926 1366 970 (Str.
1385 926 1436 973 1.)
1464 928 1564 961 Felix
1582 928 1854 970 Lacedaemon,
1883 937 1915 963 et
1933 932 2037 964 beata
2060 931 2173 967 Thes-

1339 979 1431 1014 Nam
1461 980 1497 1013 in
1528 987 1680 1026 utraque
1707 989 1835 1026 regnat
1860 995 1970 1026 genus
1996 983 2174 1025 Herculis,

1839 1034 1936 1080 Quid
1962 1042 2079 1069 autem
2101 1038 2175 1081 glo-

1773 1085 1865 1120 Nam
1901 1100 1959 1121 me
1990 1087 2109 1133 Pytho
2141 1096 2175 1122 et

1139 1160 1141 1167 s
1166 1133 1350 1168 Aleuadae
1387 1136 1512 1169 volunt
1542 1149 1672 1171 sonare
1703 1137 1940 1183 Hippoclem,
1979 1142 2171 1174 ducentem

1563 1188 1664 1233 (Ani.
1692 1190 1742 1235 1.)
1779 1190 1910 1225 Gustat
1939 1193 2032 1225 enim
2063 1200 2174 1226 certa-

1167 1238 1265 1271 mina
1291 1239 1327 1272 in
1357 1246 1461 1273 coetu
1486 1239 1816 1287 Amphictyonum,
1853 1250 1885 1276 et
1912 1245 2064 1288 angulus
2089 1245 2175 1277 Par—

1138 1312 1141 1319 ·
1167 1291 1307 1324 nassius
1331 1292 1554 1325 renuntiavit
1576 1306 1657 1326 eum
1684 1294 1859 1328 victorem
1876 1308 1941 1340 per
1958 1298 2029 1330 duo
2047 1297 2175 1330 stadia.

1139 1375 1141 1388 Ε
1166 1341 1247 1375 Deo
1270 1343 1415 1377 iuvante
1436 1343 1516 1378 finis
1542 1342 1681 1378 homini
1707 1346 1820 1381 dulcis
1846 1354 1918 1388 est,
1953 1355 1986 1381 et
2011 1355 2175 1382 crescunt

1139 1397 1141 1428 f
1167 1394 1283 1429 initia.

1272 1455 1339 1488 Hic
1363 1458 1510 1502 quidem
1538 1464 1599 1491 tuo
1630 1459 1802 1500 consilio,
2078 1459 2172 1494 hanc

1841 1472 1861 1493 0
1886 1461 2020 1505 Apollo
2034 1487 2042 1501 ,

1137 1531 1141 1541 .
1167 1520 1242 1540 rem
1262 1509 1427 1552 perfecit;
1455 1512 1515 1543 sed
1541 1518 1671 1544 natura
1691 1512 1773 1545 fecit
1787 1524 1868 1545 eum
1886 1512 2049 1547 insistere
2068 1513 2173 1546 vesti-

2106 1564 2172 1598 Bis

1169 1625 1207 1645 ln
1234 1613 1345 1646 armis
1377 1614 1506 1647 Martis
1541 1615 1713 1649 victorem
1748 1617 1831 1650 fecit
1857 1614 2040 1650 Phricinm
2078 1629 2171 1661 agon

1584 1667 1687 1701 Adsit
1710 1669 1855 1703 fortuna
1884 1675 1919 1702 et
1940 1670 2062 1703 futuro
2088 1676 2176 1702 tem-

1166 1729 1254 1761 pore
1268 1745 1276 1757 ,
1305 1724 1343 1750 ut
1363 1718 1517 1751 floreant
1534 1718 1682 1754 divitiae
1701 1721 1902 1768 utriusque.

1272 1777 1364 1823 (Str.
1381 1778 1435 1827 2.)
1463 1780 1597 1826 Adepti
1622 1788 1742 1816 autem
1765 1783 1991 1816 dulciSsimos
2017 1780 2174 1816 honores

1444 1844 1519 1866 non
1544 1834 1706 1868 incidant
1735 1834 1773 1867 in
1799 1834 1916 1868 tristes
1944 1834 2175 1868 mutationes.

1166 1881 1265 1917 Deus
1282 1884 1328 1917 sit
1346 1883 1395 1918 eis
1412 1884 1600 1919 innoxium
1626 1887 1753 1920 fatum.
1806 1885 1906 1919 Felix
1931 1885 2010 1927 ille,
2038 1885 2100 1931 qui
2122 1885 2173 1917 vi-

1168 1934 1215 1967 cit
1238 1935 1276 1967 in
1300 1936 1558 1972 certaminibus
1582 1939 1732 1972 audacia
1761 1945 1795 1972 et
1819 1939 1970 1978 robore,
2000 1938 2101 1982 (Ant.
2119 1937 2172 1983 2.)

1168 1993 1202 2019 et
1226 1986 1317 2020 vidit
1340 1988 1453 2021 filium
1479 1990 1665 2025 victorem.
1720 1990 1802 2025 Non
1826 1990 1978 2023 efferant
1995 1996 2115 2024 autem
2137 2002 2173 2023 se

1167 2038 1236 2079 ita,
1280 2045 1320 2073 ut
1350 2040 1461 2074 velint
1495 2041 1588 2076 intra
1624 2043 1764 2077 coelum
1797 2049 1999 2087 penetrare.
2053 2042 2172 2086 Quam

1166 2090 1374 2125 felicitatem
1405 2104 1471 2126 nos
1502 2091 1669 2128 homines
1701 2094 1931 2138 attingimus,
1975 2093 2033 2126 illa
2059 2100 2173 2127 metas

1166 2141 1286 2178 habet.
1340 2143 1414 2178 Nec
1431 2146 1603 2185 navibus,
1630 2158 1695 2179 nec
1712 2152 1807 2179 terra
1825 2146 1989 2180 invenias
2009 2145 2104 2178 viam
2126 2146 2171 2178 ad

1167 2195 1444 2240 Hyperboreum
1471 2204 1672 2239 certamen,
1715 2199 1796 2244 (Ep.
1813 2199 1867 2244 2.)
1897 2211 1969 2244 quo
1994 2199 2066 2231 dux
2087 2197 2173 2231 Per-

1167 2260 1246 2282 seus
1263 2249 1428 2292 pervenit
1443 2250 1487 2282 ad
1506 2250 1647 2294 epulas,
1674 2250 1862 2284 inveniens
1887 2263 1948 2285 eos
1973 2249 2173 2284 sacrificare

1166 2298 1403 2334 hecatomben
1421 2302 1621 2343 asininam,
1646 2315 1716 2348 qua
1735 2304 1865 2347 gaudet
1881 2303 2012 2347 Apollo
2025 2328 2033 2341 ‚
2062 2302 2171 2334 ridet-

1167 2365 1236 2398 que
1286 2354 1483 2387 arduorum
1538 2354 1749 2389 animalium
1805 2355 2057 2387 mactationem
2100 2351 2167 2393 ¹⁹).

1202 2500 1246 2528 18)
1267 2506 1301 2523 ex
1322 2505 1374 2523 uuo
1393 2502 1474 2529 patre
1495 2499 1702 2532 Aristomaclioj
1724 2500 1765 2523 sic
1786 2500 1832 2523 Ed.
1857 2499 1932 2523 1563.
1954 2501 1978 2522 e(
2002 2497 2103 2528 lie-ynii
2123 2497 2167 2520 in»

1234 2546 1338 2574 terpr.;
1358 2543 1407 2567 Ed.
1424 2544 1500 2568 1558.
1521 2550 1553 2568 ex
1575 2551 1628 2568 uno
1647 2546 1725 2573 patre
1737 2541 1939 2571 Aristomaclii3
1962 2541 1993 2565 fl.
2009 2541 2101 2571 steph.
2123 2540 2167 2564 in-

1232 2591 1335 2618 teum:
1367 2586 1553 2612 strenuissimi
1580 2586 1745 2618 pugnatoris
1771 2593 1803 2609 ex
1828 2591 1881 2609 11110
1909 2586 2003 2614 patre;
2030 2584 2160 2608 Boeckhii

1235 2632 1365 2664 interpr.:
1384 2633 1464 2662 patre
1483 2650 1490 2657 .
1510 2652 1516 2657 .
1538 2650 1544 2656 .
1569 2638 1599 2655 ex
1621 2637 1673 2654 uno
1694 2629 1847 2653 fortissimi.
1884 2627 1960 2652 Pind.
1984 2626 2089 2659 πατρὸς
2109 2646 2114 2651 .
2134 2646 2139 2652 .
2161 2648 2163 2651 ,

1232 2675 1262 2703 ἐξ
1281 2674 1342 2704 ἑνὸς
1360 2672 1563 2709 ἀριστομάχου,

1201 2747 1246 2778 19)
1267 2748 1477 2776 mactationem]
1498 2747 1536 2770 sic
1557 2746 1604 2770 1⁴:11.
1625 2746 1716 2773 ¹56:3.;
1735 2745 1783 2768 Ed.
1802 2744 1894 2768 1553.:
1917 2743 2088 2767 mactatione.
