2421 3005
75 90 149 124 617
401 86 490 122 XCI.

542 85 831 122 ENARRATIO
865 85 996 119 LIBRI
1023 85 1097 120 XII.
1132 85 1616 121 METAMORPHOSEON

76 177 178 220 genia
202 175 238 208 in
255 186 396 207 cervam
415 181 555 208 mutata
579 173 728 217 fingitur
753 186 814 213 eo,
851 174 949 219 quod
974 185 1077 207 cerva
1110 186 1114 195 ¹

75 229 112 260 in
131 228 248 261 locum
268 226 362 260 illius
379 226 562 271 supposita
576 253 585 266 ‚
613 225 681 259 fuit
697 225 838 258 Dianae
856 225 1058 259 immolata.

396 303 560 337 Famae
589 304 762 338 domus.

179 373 234 407 De
250 373 478 418 expeditione
502 372 540 405 in
558 372 741 406 Troianos
758 369 855 405 haud
875 371 983 405 dubie
1007 383 1082 404 ma-

75 438 144 472 gna
163 426 231 460 fuit
246 426 342 459 fama
354 452 364 466 ‚
391 431 465 458 tam
484 424 522 457 in
531 422 690 470 Phrygia
710 431 746 458 et
763 424 801 457 in
819 423 987 457 omnibus
1001 423 1081 457 fini-

73 478 172 512 timis
187 477 408 522 regionibus,
431 488 542 523 quam
559 476 598 509 in
609 476 774 511 Graecia.
815 475 965 511 Nullum
985 475 1079 509 enirn

74 531 208 565 bellum
225 536 299 563 tam
320 529 457 569 occulte
476 528 599 574 parari
617 535 753 573 potest,
782 528 870 574 quin
888 529 1081 572 praecedat

73 583 190 622 fama;
230 581 269 615 in
300 581 402 615 bellis
424 588 543 615 autem
571 582 706 615 multae
732 587 817 614 sunt
841 580 1080 624 suspiciones;

74 635 188 669 multa
214 633 385 668 accidunt
407 630 562 669 πανικά.
613 633 723 679 Quod
742 639 782 666 ut
801 632 978 676 significet
994 631 1080 664 Ovi-

74 687 168 728 dius,
193 686 297 731 fingit
315 685 540 719 domicilium
557 686 675 719 famae
693 685 788 717 inter
803 684 943 717 coelum
962 691 996 717 et
1011 691 1081 717 ter-

73 751 171 780 ram,
198 739 261 772 ubi
280 738 402 772 omnia
431 738 646 778 audiantur,
682 736 805 770 omnia
831 736 1081 780 divulgentur3

73 791 273 837 alluditque
289 791 335 824 ad
352 790 607 836 proverbium:
642 786 761 824 πολλὰ
790 786 902 823 καινὰ
923 790 991 823 τοῦ
1016 801 1082 823 πο-

74 842 207 888 λέμου,
237 843 349 876 multa
365 843 449 876 belli
467 841 610 881 inania,
638 853 719 874 cnm
739 840 788 874 ait
811 839 907 885 (Vss.
925 838 974 874 59
992 839 1081 886 sq.):

126 905 204 937 Illic
221 905 404 937 credulitas
417 929 426 942 ‚
456 904 527 936 illie
541 904 747 936 temerarius
763 913 881 944 error,

132 958 293 1002 Vanaque
313 956 443 989 laetitia
459 959 526 994 est,
563 956 836 998 consternatique
852 954 1004 986 timores.

285 1031 464 1078 Cygnus
494 1030 877 1064 invulnerabilis.

127 1100 205 1136 Vss.
229 1101 277 1135 76
303 1115 356 1147 sq.
400 1102 628 1145 Gonyreda‘lur
653 1103 789 1144 nynus
805 1100 872 1145 ⁹¹)‚·
918 1101 1084 1132 decimum

491 1154 620 1187 dilatus
639 1154 675 1186 in
695 1165 825 1186 (amium

127 1207 253 1240 Hector
275 1211 362 1239 erat.

181 1264 325 1311 Cygnus
343 1277 423 1299 cum
444 1264 666 1298 interfuisset
682 1263 804 1297 multis
825 1263 972 1307 proeliis
984 1290 993 1304 ‚
1021 1274 1085 1296 nec

77 1317 191 1352 ullum
208 1311 371 1363 unquam
396 1317 527 1351 vulnus
551 1315 765 1361 accepisset,
801 1316 957 1362 denique
985 1321 1019 1348 et
1047 1314 1085 1347 in

75 1369 171 1404 bello
189 1369 354 1403 Troiano
374 1369 461 1403 citra
481 1369 612 1403 vulnus
628 1375 718 1402 esset
737 1367 930 1407 extinctus,
955 1366 1085 1401 fabulis

75 1427 269 1467 poetarum
295 1421 495 1455 celebratus
522 1427 595 1461 est,
625 1431 701 1452 non
727 1419 838 1453 modo
865 1426 905 1453 ut
920 1420 1023 1453 fortis
1046 1430 1086 1452 ac

77 1480 265 1515 strenuus,
300 1474 362 1508 sed
387 1472 495 1506 etiam
520 1478 561 1506 ut
589 1472 625 1504 in
655 1471 756 1504 omni
781 1471 853 1504 vita
878 1472 1086 1505 invulnera-

76 1525 171 1560 bilis.

131 1599 366 1646 Telephus
394 1601 447 1633 ab
476 1597 662 1634 Achille
687 1601 963 1634 vulneratus
994 1608 1035 1634 et

482 1659 684 1686 sanatus.

134 1721 195 1756 Vs.
226 1722 308 1757 112.
352 1734 495 1767 opusque
531 1733 623 1754 meae
658 1722 710 1754 bis
735 1721 892 1767 senaim)
927 1722 1089 1765 Telephus

501 1773 629 1806 hastae.

188 1831 371 1879 Telephus
390 1830 541 1867 Achillis
571 1831 672 1867 hasta
696 1833 906 1867 vulneratus
930 1839 964 1866 et
987 1845 1090 1867 sana-

83 1892 140 1920 tus
157 1892 220 1926 est,
248 1891 289 1919 ut
303 1885 458 1919 Ovidius
479 1884 648 1931 alib1922)
667 1891 817 1919 testatur
833 1883 888 1919 his
910 1885 1090 1920 versibus:

140 1947 270 1982 Vulnus
287 1948 440 1981 ,Ac-lillleo
457 1959 541 1993 quae
559 1949 728 1993 quondam
740 1945 872 1990 fecerat
888 1947 977 1980 hoste·

193 2000 353 2033 Vulneris
369 2001 543 2033 (catillum
560 2000 676 2032 Pelias
694 1999 794 2032 hassa
812 1999 903 2032 tulit.

84 2058 187 2092 Hanc
206 2059 252 2092 ob
270 2071 413 2093 causam
433 2060 482 2093 ita
501 2060 678 2104 gloriatur
702 2057 759 2092 hic
777 2056 933 2092 Achilles
959 2058 1002 2091 de
1027 2069 1088 2091 sua

84 2109 186 2145 hasta
199 2137 209 2152 ‚
237 2111 337 2157 quod
354 2123 433 2145 eam
451 2110 634 2156 Telephus
654 2112 708 2146 bis
727 2111 890 2145 senserit.
950 2109 1090 2144 Plinius

84 2163 209 2197 scribit
220 2161 398 2197 Achillem
418 2175 438 2197 a
457 2161 616 2198 Chirone
632 2166 776 2198 doctum
790 2191 798 2204 ‚
828 2174 968 2197 curasse
986 2162 1090 2195 Tele-

84 2213 147 2260 phi
164 2215 296 2249 vuluus
313 2227 379 2260 per
397 2215 643 2250 decussionem
663 2216 768 2254 ferri;
805 2221 974 2249 naturam
993 2214 1088 2248 enim

83 2267 172 2301 ferri
187 2267 369 2312 stipticam
389 2279 484 2308 esse,
512 2267 666 2314 ideoque
685 2268 759 2302 eius
785 2268 993 2301 limaturam
1018 2279 1091 2300 em-

84 2319 229 2365 plastris
245 2319 435 2364 plagarum
456 2317 632 2353 adhiberi.

252 2396 421 2443 Qualia
451 2396 641 2432 heroum
670 2397 925 2443 colloquia.

138 2465 217 2500 Vss.
237 2464 311 2500 159
328 2480 382 2513 sq.
423 2469 594 2513 virtusque
612 2467 767 2512 loquendi

139 2519 295 2552 Materia
311 2524 372 2553 ess.

122 2610 179 2670 SOL
192 2611 322 2642 nynus]
353 2611 393 2635 sic
422 2611 506 2636 Editt.
535 2611 628 2635 1555..
795 2608 874 2635 Ovid.
909 2609 956 2633 Ed.
982 2609 1092 2633 Mitscb.

177 2646 198 2669 ὐ
219 2653 264 2670 no.

123 2689 171 2717 92)
180 2652 297 2717 ἐίιιὶὶί]
315 2688 355 2711 sic
374 2688 459 2713 Editt.
474 2689 568 2718 1555„
590 2688 686 2719 15:294
708 2687 786 2713 Ovid.
799 2687 848 2713 Ed.
861 2687 968 2711 musca.
990 2688 1092 2712 sensit.

124 2730 192 2762 925¹)
215 2732 294 2757 Osid.
315 2732 426 2756 Reined.
446 2737 532 2756 amor.
556 2732 590 2756 47
606 2738 647 2762 sq.

664 2610 739 2636 1559,
749 2617 758 2639 3

1654 86 1815 122 ovlnll.
2063 89 2136 124 618

1240 173 1459 218 Magnorum
1489 173 1694 218 principum
1727 187 1767 208 ac
1795 175 1944 209 sortium
1977 174 2140 209 virorum

1136 226 1317 272 colloquia
1336 226 1468 259 debent
1489 237 1562 259 esse
1580 226 1622 258 de
1647 227 1753 261 rebus
1779 224 1939 262 honestis
1966 234 2000 261 et
2023 228 2141 272 gravi-

1135 278 1218 316 bus3
1261 284 1345 312 sunt
1370 285 1489 311 autem
1515 275 1767 312 honestissima
1795 279 1974 325 colloquia
1999 280 2043 313 de
2069 279 2142 313 vir-

1137 337 1239 363 tutes
1278 328 1406 375 Itaque
1425 331 1612 374 finguntur
1637 328 1766 364 heroes
1790 332 1885 375 apud
1903 329 2079 365 Achillem
2104 332 2141 365 in

1138 382 1305 415 convivio
1330 394 1404 415 non
1422 380 1555 415 habere
1579 382 1669 416 alios
1692 395 1876 416 sermones
1901 384 1969 418 nisi
1997 385 2040 417 de
2069 397 2142 418 me-

1138 434 1375 468 morabilibus
1392 434 1494 468 factis
1515 433 1611 480 (VSS.
1630 433 1762 468 157—
1775 434 1897 481 163.):

1187 497 1265 528 Non
1286 496 1360 528 illos
1377 497 1548 535 citharae,
1578 508 1644 528 non
1664 497 1738 529 illos
1757 498 1914 530 carmina
1937 508 2065 537 vocum,

1188 546 1425 592 Lonyaqneffl)
1444 547 1613 590 mulle'fori
1629 548 1772 581 delectat
1789 549 1876 582 tibia
1895 549 1994 582 buoei.

1189 600 1258 632 Sed
1277 604 1405 632 ›zoclem
1421 611 1573 632 sermone
1587 600 1750 640 trahunt,
1779 602 1949 646 virtusque
1967 599 2123 644 loquendi

1188 651 1344 684 Materia
1360 657 1427 684 est:
1450 663 1598 694 puynarn
1617 652 1768 695 referunt
1785 653 1955 698 hostisque
1971 661 2145 695 suamque,

1189 705 1296 747 Inque
1316 704 1402 736 rices
1417 705 1530 743 (alita,
1560 709 1658 748 (tique
1674 705 1845 738 exhausta
1860 704 2012 746 pericula
2034 713 2132 744 saepe

1191 756 1458 788 commemor-me
1500 757 1603 788 irwuf.
1687 758 1774 796 Quid
1816 759 1907 790 enim
1953 756 2145 801 loqueretur

1557 804 1735 840 Achilles?

1190 861 1260 892 Aa!
1277 860 1358 903 quid
1380 860 1470 901 apud
1496 871 1655 902 maynum
1677 861 1790 901 polius
1817 860 2010 904 loqueretur
2025 858 2146 891 Achil-

1561 908 1652 943 lem?

1138 970 1263 1005 Nostri
1289 982 1373 1003 vero
1399 982 1586 1015 proceres,
1635 971 1782 1016 quando
1813 969 1940 1003 ineunt
1967 967 2146 1007 convivia,

1140 1023 1353 1068 plerumque
1382 1022 1640 1068 colloquuntur
1667 1023 1710 1055 de
1737 1020 1977 1061 helluatione,
2013 1026 2148 1054 scorta-

1140 1075 1238 1108 tione
1250 1102 1259 1115 ,
1286 1075 1415 1108 morbo
1431 1075 1570 1108 Gallico
1582 1101 1590 1115 ‚
1619 1074 1770 1120 aliisque
1785 1074 1893 1108 rebus
1917 1073 2147 1118 turpissimis.

1139 1127 1186 1160 Hi
1203 1133 1286 1160 sunt
1305 1127 1400 1160 enim
1426 1139 1633 1166 sermones,
1669 1127 1800 1173 quibus
1824 1124 1933 1159 hodie
1958 1126 1995 1158 in
2024 1122 2148 1158 convi-

1141 1179 1207 1213 viis
1228 1179 1454 1224 potissimum
1473 1192 1546 1213 sese
1567 1177 1782 1213 exhilarant.

1371 1274 1582 1309 Nestoris
1611 1273 1919 1318 longaevitas.

1192 1343 1270 1376 Vss.
1292 1343 1364 1376 187
1384 1356 1436 1388 sq.
1490 1345 1565 1377 rixi

1192 1398 1314 1429 Annos
1331 1396 1381 1429 bis
1400 1400 1552 1434 centum3
1583 1406 1671 1427 stunc
1686 1396 1790 1427 serila
1810 1395 1935 1426 viz-itur
1953 1397 2058 1425 aetas.

1244 1455 1298 1488 De
1320 1456 1563 1501 longaevitate
1583 1454 1746 1489 Nestoris
1766 1453 1887 1487 variae
1906 1460 1989 1486 suut
2009 1451 2152 1496 opinio-

1142 1518 1217 1541 nes.
1276 1508 1433 1554 Quidam
1460 1514 1589 1553 putant
1612 1507 1713 1540 illum
1739 1505 1845 1540 fuisse
1869 1511 2011 1538 tantum
2036 1516 2152 1538 nona-

1143 1560 1354 1605 genarium,
1382 1560 1592 1594 definientes
1617 1566 1792 1599 aetatem,
1821 1558 1979 1603 spatium
2001 1556 2150 1601 triginta

1145 1624 1338 1647 annorum.
1392 1613 1469 1658 Ego
1497 1625 1583 1646 vero
1611 1612 1771 1645 arbitror
1787 1610 1978 1645 Nestorem
2004 1621 2042 1642 re
2065 1619 2150 1641 vera

1145 1671 1218 1697 tam
1244 1665 1461 1710 longaevum
1487 1665 1612 1699 fuisse:
1648 1664 1757 1710 idque
1781 1663 1999 1697 celebratum
2027 1673 2101 1695 esse
2131 1672 2151 1692 a

1143 1716 1281 1761 poetis,
1310 1724 1350 1751 ut
1367 1730 1443 1750 rem
1464 1717 1631 1762 inprimis
1651 1715 1939 1749 memorabilem.
1992 1713 2077 1747 Non
2099 1717 2151 1746 est

1146 1769 1242 1802 enim
1259 1781 1382 1803 rarum
1400 1769 1478 1802 fieri
1494 1767 1783 1813 nonagenarium
1797 1794 1805 1807 ,
1835 1779 1915 1800 cum
1934 1763 2051 1799 adhuc
2076 1776 2153 1797 non

1145 1821 1252 1866 pauci
1266 1821 1517 1866 reperiantur,
1546 1821 1607 1867 qui
1625 1831 1797 1865 prospera
1817 1817 2023 1852 valetudine
2040 1827 2153 1862 usque

1146 1873 1192 1906 ad
1219 1880 1362 1907 centum
1390 1873 1518 1918 viginti
1543 1885 1657 1906 annos
1683 1873 1793 1905 vitam
1814 1871 2029 1916 producant.
2084 1867 2155 1903 Ne-

1147 1938 1216 1972 que
1245 1932 1297 1960 est
1328 1925 1558 1965 incredibile,
1603 1925 1672 1958 illis
1706 1923 1932 1968 temporibus
1963 1919 2153 1954 hominem

1147 1985 1408 2023 temperantem
1424 2005 1433 2017 ,
1469 1978 1586 2024 qualis
1608 1977 1676 2011 fuit
1699 1976 1851 2016 Nestor,
1888 1973 2080 2020 pervenire
2109 1973 2155 2005 ad

1147 2036 1285 2063 tantam
1304 2030 1399 2064 vitae
1416 2030 1680 2075 longitudinem
1705 2028 1884 2074 potuisse,
1917 2039 1998 2060 cum
2023 2038 2065 2059 ex
2092 2036 2155 2057 ane

1146 2082 1290 2116 nalibus
1315 2089 1473 2123 constet,
1515 2081 1711 2120 loannem,
1749 2079 1871 2114 Caroli
1894 2078 2020 2123 Magni
2046 2075 2156 2110 armi-

1147 2147 1293 2179 gerum,
1333 2134 1478 2170 Nestori
1513 2147 1636 2179 parem
1663 2133 1792 2166 vixisse
1821 2143 1936 2165 annos
1961 2135 2156 2169 trecentos,

1147 2186 1246 2221 cuius
1279 2187 1449 2232 longaevi
1481 2184 1640 2220 hominis
1664 2184 1832 2218 meminit
1858 2183 2022 2228 Baptista
2051 2181 2156 2214 Man-

1147 2245 1278 2273 tuanus
1302 2240 1395 2274 libro
1422 2240 1580 2273 secundo
1604 2240 1648 2272 de
1675 2237 1870 2282 patientia;
1909 2235 2156 2268 meminerunt

1148 2297 1183 2324 et
1199 2291 1304 2325 multi
1329 2292 1516 2326 annalium
1541 2291 1757 2336 scriptores,
1785 2289 1847 2335 qui
1867 2301 1947 2322 eum
1964 2287 2157 2321 nominant

1147 2342 1320 2377 Ioannem
1341 2346 1383 2378 de
1402 2344 1637 2388 temporibus.

1268 2438 1472 2473 Caeneus
1501 2452 1552 2473 ex
1579 2438 1749 2472 femina
1780 2437 1825 2469 in
1855 2446 2036 2468 marem.

1253 2507 1343 2541 Cum
1363 2520 1403 2541 ex
1422 2508 1522 2541 molli
1544 2514 1578 2541 et
1596 2507 1729 2551 ignavo
1748 2505 1972 2538 adolescente
1992 2500 2154 2535 Caeneus

1149 2571 1229 2592 acer
1248 2566 1281 2592 et
1298 2560 1489 2594 bellicosus
1507 2560 1562 2593 vir
1579 2559 1768 2597 extitisset,
1802 2555 1901 2589 dedit
1927 2553 2152 2588 occasionem

1182 2696 1231 2723 93)
1255 2696 1426 2727 Longaque]
1453 2695 1493 2720 sic
1519 2695 1602 2719 Editt.
1626 2693 1718 2723 1555..
1747 2691 1838 2717 1559.:
1876 2689 1956 2715 Ovid.
1975 2688 2025 2712 Ed.
2045 2685 2156 2710 Mitsch.

1220 2730 1364 2762 Lonyare.
