2341 2973
176 71 195 102 8
207 69 224 100 7
758 65 880 100 PHIL.

175 155 256 202 quia
276 154 371 187 Deus
394 153 467 186 vult
491 151 611 196 puniri
636 151 789 190 scelera,
825 157 858 184 et
883 163 956 185 esse
983 150 1175 185 discrimen

175 207 409 241 honestorum
429 210 463 236 et
476 203 648 247 turpium.

276 264 352 298 Vss.
380 261 451 297 157
469 276 520 309 sq.
554 261 627 297 XII.
655 261 890 306 Praeceptum
915 263 957 295 de
983 261 1116 295 divitiis
1143 268 1177 294 et

174 321 399 361 paupertate.

276 365 410 410 Iupiter
428 364 592 398 attribuit
610 364 781 397 talentum
795 390 803 403 ‚
834 363 868 396 id
886 370 935 397 est
947 390 955 402 ,
992 364 1177 398 facultates

175 417 261 450 alias
286 416 411 457 alteri,
453 416 541 450 alias
570 415 760 454 ditescere,
807 415 892 449 alias
916 412 1007 448 nihil
1033 413 1177 456 habere,

174 480 370 513 pauperem
389 465 494 514 esse.]
523 467 631 501 Dives
650 473 683 500 et
701 478 839 510 pauper
857 478 927 499 una
956 464 1120 500 habitant
1144 474 1177 500 et
1203 487 1204 517 ξ

743 517 827 550 Non
864 530 1003 552 necesse
1039 525 1089 552 est
1121 526 1204 551 me‘

174 519 270 553 Deus
297 520 380 552 facit
405 525 599 564 utrumque
616 518 675 563 81).

174 572 262 604 scire
278 583 440 609 causam,
468 582 578 615 quare
604 581 668 613 ego
697 580 771 602 non
796 568 861 602 sim
887 575 959 602 tam
984 569 1102 610 dives,

175 629 226 656 est
240 622 418 655 Fuccarus
429 620 488 668 82).

277 682 354 716 Vss.
373 680 444 715 159
461 693 512 725 sq.
547 678 580 712 O
604 678 740 724 Cyrno,
773 691 959 725 nunquam
987 680 1094 713 dicito
1119 693 1176 714 su-

174 734 323 778 perbum
356 744 578 771 sermonem,
621 736 655 763 et
687 730 962 771 iactabundum,
1006 731 1089 777 quia
1120 744 1176 765 res

174 784 352 818 humanae
370 790 451 817 suut
468 782 622 815 maxime
640 780 861 829 mutabiles]
891 781 929 815 Id
952 788 1021 822 est,
1056 795 1101 815 ne
1128 784 1176 816 ef-

1138 576 1177 603 ut

173 837 264 869 feras
287 842 338 876 te,
367 835 449 880 quia
470 832 579 867 habes
596 833 752 878 aliquam
772 833 1078 877 praerogativam;
1107 840 1176 868 sta-

173 887 238 919 tim
255 886 389 920 mutari
413 891 549 930 potest,
575 884 707 924 nescis,
736 884 822 930 quid
847 897 945 918 serus
970 897 1094 930 vesper
1117 897 1176 918 ve-

174 937 246 971 hat.
305 935 581 971 Demosthenes:
621 935 697 979 Ego
722 936 823 969 illum
849 937 1016 970 insanum
1042 936 1174 977 iudico,

174 989 236 1035 qui
256 989 359 1022 alteri
374 990 555 1022 fortunam
576 987 788 1031 exprobrat,
823 1000 903 1021 cum
927 1000 1034 1021 nemo
1059 986 1176 1020 homi-

174 1053 259 1073 num
283 1041 388 1079 sciat,
424 1039 561 1072 etiamsi
585 1039 716 1071 florens
742 1038 803 1078 sit,
845 1051 890 1071 an
916 1040 959 1071 ad
986 1051 1174 1083 vesperum

174 1092 217 1125 sit
237 1093 360 1124 eadem
382 1092 524 1124 fortuna
545 1100 726 1122 mansura.

276 1148 603 1184 Vss.161—164.
636 1147 742 1181 Multi
764 1154 846 1180 sunt
875 1148 991 1187 stulti,
1024 1154 1175 1181 utuntur

173 1204 267 1236 bona
302 1201 468 1241 fortuna,
503 1200 652 1246 quibus,
694 1199 791 1244 quod
817 1199 1005 1232 videbatur
1028 1200 1174 1237 malum,

176 1255 213 1287 fit
244 1254 401 1292 bonum,
456 1264 536 1284 cum
568 1249 725 1283 habeant
759 1251 854 1282 bona
883 1250 1050 1289 consilia,

174 1305 267 1338 mala
302 1305 445 1337 fortuna
478 1303 665 1341 laborant,
708 1307 741 1333 et
774 1299 908 1334 liabent
937 1301 1174 1340 difficultates,

175 1355 254 1389 finis
287 1367 361 1388 non
393 1353 554 1399 sequitur
589 1350 730 1398 opertu]
768 1352 818 1387 (536
852 1356 957 1397 gerett
978 1352 1054 1395 ineu
1080 1351 1173 1396 nicht.

174 1406 283 1440 Iosias
308 1406 374 1439 fuit
401 1405 455 1437 vir
477 1410 662 1442 strenuus,
703 1401 827 1435 habuit
858 1403 1082 1447 propositum
1112 1404 1175 1436 bo-

175 1471 260 1491 num
281 1458 348 1490 adv
353 1469 449 1490 ersus
466 1456 666 1512 Aegyptum
693 1454 824 1486 bellum
852 1453 1078 1500 moxensffi),
1113 1454 1175 1487 sed

177 1509 258 1555 quia
278 1514 354 1541 erat
378 1508 462 1552 poli
466 1519 518 1551 pr
523 1506 736 1550 gmonicum
764 1511 797 1537 et
823 1517 896 1537 non
922 1505 1175 1544 necessarium,

176 1572 249 1593 non
281 1565 356 1592 erat
386 1560 534 1592 bonum.

177 1623 251 1644 non
267 1608 401 1644 habent
417 1615 564 1643 eventus
583 1608 710 1641 bonos.

281 1670 358 1704 Vss.
377 1667 605 1704 165-167.
642 1667 756 1701 Nemo
775 1663 963 1698 hominum
990 1672 1041 1699 est
1064 1666 1176 1699 fortu-

180 1729 302 1761 natus,
331 1733 446 1766 neque
464 1721 580 1753 bonus
601 1717 675 1751 sine
692 1717 790 1756 Deo,
818 1717 877 1749 sed
895 1716 997 1749 alteri
1013 1716 1109 1750 aliud
1126 1723 1177 1751 est

181 1748 346 1819 malmin]
383 1771 423 1805 ld
448 1777 518 1811 est,
561 1781 685 1803 omnes
712 1774 745 1801 et
771 1767 900 1812 singuli
923 1765 1087 1801 homines
1114 1766 1176 1801 ba-

179 1826 263 1858 bent
281 1823 398 1869 aliqua
417 1835 478 1857 sua
496 1820 738 1854 incommoda.

280 1882 356 1917 Vss.
376 1882 449 1916 167
466 1894 518 1927 sq.
549 1880 691 1920 solide,
717 1878 890 1923 perfecte,
917 1877 1086 1918 firmiter,
1120 1877 1177 1910 in-

179 1941 275 1978 tegre
292 1934 416 1967 beatus
432 1933 569 1971 nullus⁷
604 1936 833 1977 quotcunque
851 1929 905 1963 sol
922 1927 1049 1976 videt]
1078 1927 1176 1964 Nihil

181 1992 231 2020 est
246 1985 290 2018 ab
308 1985 406 2018 omni
422 1990 523 2028 parte
541 1983 696 2016 beatum.

281 2044 341 2078 Vs.
363 2044 445 2077 169.
489 2044 604 2087 Quem
631 2042 691 2074 Dii
716 2037 930 2086 honorant]
966 2041 1067 2076 233&ss
1090 2041 1175 2084 9111oe

181 2097 257 2139 bats
284 2098 338 2132 bet*
357 2094 443 2139 ffltet
464 2096 512 2129 bic
528 2095 642 2129 ffitctut
652 2093 710 2137 ⁸4).
764 2091 835 2124 Ubi
850 2089 917 2124 hoc
935 2091 1105 2136 scriptum
1124 2098 1175 2125 est

181 2148 217 2180 in
243 2147 351 2180 sacris
376 2144 528 2178 litteris?
564 2144 629 2177 lbi:
674 2143 751 2176 Nisi
770 2142 948 2176 Dominus
967 2142 1174 2176 aedificave-

180 2198 225 2230 rit
244 2196 460 2242 domumffi).
512 2194 618 2228 ltem:
646 2194 728 2229 Non
751 2200 867 2238 potest
893 2191 1003 2226 homo
1029 2193 1096 2227 sibi
1117 2206 1173 2227 su-

180 2260 277 2281 mere
293 2248 484 2294 quicquam
503 2245 634 2291 etc.⁸‘³).
694 2245 732 2278 ld
756 2251 825 2284 est,
859 2256 932 2277 non
956 2251 1037 2278 sunt
1061 2245 1172 2278 fortu-

184 2299 260 2333 nati
276 2299 415 2333 labores
431 2298 506 2332 sine
522 2296 612 2331 Deo.
664 2296 822 2330 Tantum
848 2295 906 2328 ille
930 2295 1032 2329 labor
1051 2302 1102 2330 est
1125 2296 1172 2330 se-

212 2415 260 2447 81)
281 2416 350 2440 Vide
369 2416 462 2439 notam
474 2413 518 2438 79.

213 2459 260 2485 82)
280 2456 413 2488 ruggeri,
434 2454 588 2486 Augustani
607 2454 776 2478 mercatores
792 2453 1011 2483 opulentissimi.
1030 2455 1064 2479 ad
1080 2454 1172 2486 digni-

247 2495 329 2515 tatem
350 2490 476 2515 comitum
500 2489 596 2513 evecti.

211 2534 259 2564 83)
278 2535 294 2558 2
308 2534 425 2562 paralip.
442 2533 485 2563 35,
504 2532 539 2556 20
552 2538 612 2561 sqq.

212 2578 259 2603 84)
279 2575 356 2600 Conf.
376 2576 461 2599 Korte
480 2576 498 2599 l.
513 2575 532 2600 l.
552 2581 576 2605 1).
593 2573 648 2598 165.
669 2578 711 2598 nr.
724 2571 817 2601 2274.‚
844 2571 968 2596 Eisclein
988 2574 1004 2597 Ι.
1022 2574 1037 2597 Ι.
1057 2580 1082 2604 p.
1095 2574 1136 2599 92.

211 2619 259 2645 85)
279 2618 380 2642 Psalm.
400 2617 460 2648 12⁷,
484 2618 511 2643 1.

210 2661 258 2690 86)
277 2660 333 2685 loh.
353 2660 379 2691 3,
400 2659 441 2683 27.

919 65 1031 99 MEL.
1066 64 1268 99 SCfflPTA
1304 64 1641 100 PHQOLOGICA.

1093 1263 1172 1283 CUH]
1201 1260 1202 1265 ¹

609 1552 933 1603 Πολυπράριιοπες
963 1556 1175 1599 regulariter
1201 1577 1202 1582 ,

2177 70 2226 104 88

1229 150 1294 191 lix,
1324 163 1429 196 quem
1448 151 1544 185 Deus
1562 152 1718 186 adiuvat.

1229 201 1377 247 εὐτυχεῖ
1391 199 1539 248 βροτός.

1332 253 1450 286 Etiam
1474 253 1522 293 is,
1563 255 1625 300 qui
1649 255 1804 295 invidet,
1839 253 1994 302 laudan]
2029 255 2228 300 Scriptores

1203 323 1205 333 ι
1231 312 1406 348 coguntur
1424 306 1547 338 cedere
1563 313 1596 339 et
1614 307 1768 350 probare
1786 319 1840 340 res
1866 307 1940 340 eius
1953 333 1962 346 ,
1995 313 2029 339 et
2052 307 2114 352 qui
2138 308 2228 340 invi-

1230 356 1309 388 deb
1312 363 1372 390 int.
1427 357 1621 401 Gregorius
1638 357 1886 392 Nazianzenus
1896 356 1962 404 87)ῑ

1771 151 1899 200 Χωρὶς
1913 154 2007 189 θεοῦ
2023 152 2093 198 μὲν
2108 153 2229 194 οὐδεὶς

1335 417 1428 451 Θεοῦ
1446 414 1619 456 δίδοντος
1633 415 1776 463 μηδέν’
1765 415 1882 463 ισχύει
1899 414 2047 477 φθόνος
2055 446 2064 460 ,

1333 465 1394 501 καὶ
1412 481 1464 513 (ιη
1481 466 1590 503 δίδοι
1583 481 1654 507 τος
1671 467 1815 514 ιιηὸηὲν
1805 466 1920 514 ισχύει
1937 465 2058 507 κόπος.

1202 550 1204 555 .
1229 526 1306 559 Deo
1330 527 1438 559 dante
1465 525 1555 560 nihil
1581 534 1697 573 potest
1721 529 1878 569 invidia,
1915 528 1993 562 Deo
2019 540 2093 561 non
2120 529 2227 561 dante

1230 575 1319 610 nihil
1337 584 1453 622 potest
1468 579 1582 614 labor.
1642 579 1688 612 Et
1703 579 1882 623 Augustus
1908 580 2113 614 adolescens
2136 592 2228 612 non-

1230 630 1314 662 dum
1332 630 1396 662 XX
1419 642 1618 670 annorum,
1659 631 1847 665 destitutus
1868 631 2101 665 bellatoribus
2127 637 2161 664 et
2185 631 2228 663 ti-

1228 680 1345 713 midus
1372 681 1456 714 vicit
1483 688 1546 715 etc.
1599 681 1638 715 ln
1667 683 1824 726 Augusto
1852 689 1903 716 est
1927 683 2130 726 diligentia,
2167 683 2227 715 sed

1229 743 1302 764 non
1320 732 1406 765 sola.

1331 792 1390 826 Vs.
1411 793 1493 827 170.
1516 791 1672 839 Ἀνδρὸς
1689 791 1729 828 δὲ
1749 791 1892 839 σπουδὴ
1911 799 1974 826 etc.
1993 792 2123 827 scilicet
2139 793 2228 832 sola,

1228 843 1302 876 sola
1321 843 1506 887 diligentia
1521 857 1594 877 non
1614 852 1664 878 est
1688 842 1842 891 efficax.]
1880 844 1918 877 ld
1943 851 2012 884 est,
2045 843 2141 878 Deus
2164 856 2228 888 pu-

1227 894 1299 934 nit,
1327 895 1488 940 loquitur
1504 897 1546 928 de
1567 896 1669 929 malis
1688 908 1839 940 poenae.

1329 953 1406 988 Vss.
1422 954 1490 987 171
1503 955 1648 989 —176.
1681 954 1754 988 Ora
1773 954 1880 995 Deos,
1910 966 2063 1000 quorum
2081 960 2133 988 est
2152 966 2227 986 ma-

1228 1016 1296 1047 gna
1314 1006 1485 1049 potentia.
1538 1003 1637 1040 Nihil
1660 1006 1735 1039 sine
1752 1006 1830 1039 Deo
1854 1007 1893 1039 fit
1913 1003 2140 1046 hominibus,
2167 1018 2228 1038 ne—

1201 1081 1202 1084 ,
1228 1067 1296 1100 que
1321 1056 1437 1096 bona,
1464 1068 1579 1102 neque
1604 1058 1710 1091 mala.

1769 1057 1913 1091 Bonum
1936 1057 2053 1090 virum
2075 1068 2228 1102 pauper-

1228 1111 1281 1138 tas
1305 1107 1429 1139 domat
1457 1119 1544 1151 prae
1569 1108 1735 1142 omnibus
1762 1108 1861 1148 aliis,
1902 1108 2014 1153 magis
2039 1120 2147 1154 quam
2175 1120 2228 1142 se-

1226 1163 1329 1190 necta
1355 1169 1442 1190 cana
1467 1164 1501 1191 et
1527 1159 1639 1203 magis
1662 1171 1771 1204 quam
1788 1159 1915 1199 febris,
1942 1171 2070 1205 quam,
2096 1158 2228 1194 scilicet

1227 1215 1495 1253 paupertatem,
1532 1216 1675 1253 oportet
1696 1210 1890 1254 fugientem
1916 1210 1953 1242 in
1977 1222 2098 1250 mare,
2130 1211 2227 1256 quod

1227 1257 1335 1292 habet
1352 1272 1481 1303 magna
1500 1267 1574 1293 cete
1587 1287 1596 1300 ,
1624 1273 1697 1294 sese
1716 1261 1867 1294 abiicere
1884 1261 1928 1294 de
1947 1261 2067 1295 arduis
2085 1259 2227 1307 petris.]

1227 1310 1318 1343 Sunt
1342 1311 1498 1354 poetica,
1535 1318 1587 1344 est
1612 1310 1828 1356 hyperbole,
1872 1312 1963 1345 sicut
1986 1312 2093 1352 illud,
2129 1313 2227 1357 quod

1227 1361 1388 1406 sequitur
1406 1360 1472 1405 (vs.
1494 1362 1611 1407 181.):
1642 1362 1770 1397 Melius
1795 1369 1846 1397 est
1869 1362 1983 1402 mori,
2018 1374 2126 1408 quam
2153 1375 2226 1396 esse

1200 1450 1201 1458 ἵ
1228 1424 1434 1456 pauperem.

1329 1471 1406 1505 Vss.
1436 1471 1658 1507 177—182.
1686 1472 1751 1504 Vir
1780 1479 1990 1517 paupertate
2024 1485 2227 1518 oppressus,

1201 1543 1202 1549 κ
1228 1523 1404 1562 domitus,
1447 1523 1595 1566 ligatus,
1634 1536 1709 1556 non
1736 1530 1853 1567 potest
1882 1524 1999 1558 dicere
2028 1531 2088 1558 aut
2109 1526 2225 1558 facere

1201 1608 1202 1614 ἵ
1228 1574 1382 1619 aliquid,
1410 1574 1527 1618 lingua
1547 1580 1597 1608 est
1614 1575 1644 1608 ei
1666 1575 1785 1619 ligata.
1841 1575 1995 1620 Oportet
2012 1588 2075 1620 per
2092 1583 2226 1610 terram

1229 1632 1263 1658 et
1279 1625 1348 1657 lata
1371 1631 1467 1669 terga
1485 1625 1595 1658 maris
1619 1638 1790 1671 quaerere
1814 1627 2028 1660 solutionem
2054 1628 2225 1661 molestae

1228 1676 1461 1720 paupertatis.
1530 1676 1658 1710 Melius
1691 1684 1742 1711 est
1774 1678 1925 1721 pauperi
1960 1678 2075 1717 mori,
2117 1690 2223 1724 quam

1230 1728 1427 1760 confectum
1446 1734 1656 1771 paupertate
1677 1726 1830 1775 vivere]
1847 1729 1917 1762 Per
1934 1740 2030 1769 saxa,
2046 1741 2110 1773 per
2127 1730 2224 1773 ignes

1229 1779 1435 1823 pauperiem
1453 1779 1590 1822 fugiens
1607 1786 1671 1812 etc.

1331 1838 1408 1872 Vss.
1427 1839 1499 1872 183
1515 1852 1592 1885 sqq.
1634 1838 1724 1873 XIII.
1750 1839 1803 1872 De
1820 1839 1998 1883 coniugio.

1332 1889 1485 1923 Multum
1498 1892 1616 1930 refert,
1635 1892 1818 1936 quomodo
1833 1891 2009 1935 eligantur
2019 1891 2152 1932 mariti,
2168 1893 2223 1925 vel

1228 1953 1375 1982 uxores,
1402 1953 1443 1974 ex
1460 1941 1588 1986 quibus
1604 1941 1748 1975 familiis
1760 1969 1768 1981 ‚
1802 1954 1844 1974 ex
1864 1942 1993 1987 quibus
2006 1943 2144 1977 naturis
2162 1942 2223 1976 eli-

1228 1998 1368 2033 gantur.
1437 1991 1508 2036 Qui
1533 1992 1671 2025 invenit
1692 2004 1861 2033 uxorem,
1897 1993 2035 2026 invenit
2058 2005 2135 2027 rem
2159 1994 2223 2027 bo-

1227 2043 1379 2087 nain⁸⁸).
1446 2042 1485 2074 ld
1510 2049 1580 2083 est,
1623 2043 1684 2088 qui
1705 2044 1854 2077 feliciter
1879 2044 1995 2084 ducit,
2040 2044 2220 2090 εὐτυχῶν,

1226 2096 1280 2129 ber
1304 2094 1370 2129 mot
1393 2092 1539 2139 anttifft,
1582 2096 1650 2130 bem
1676 2098 1710 2130 ee
1738 2096 1803 2131 mot
1827 2100 1950 2141 getett,
1988 2096 2051 2141 qui
2083 2096 2221 2130 invenit

1227 2145 1496 2178 convenientem
1527 2151 1707 2180 naturam.
1774 2146 1857 2181 Non
1888 2148 2039 2181 ducatur
2071 2148 2219 2180 omnino

1226 2196 1405 2230 dissimilis
1431 2203 1557 2230 natura
1589 2203 1623 2230 et
1654 2198 1819 2239 fortuna,
1864 2211 1980 2245 neque
2007 2211 2048 2232 ex
2075 2198 2219 2232 familiis

1226 2248 1317 2280 male
1334 2247 1494 2282 moratis.

1327 2306 1403 2340 Vss.
1420 2307 1645 2342 183—188.
1672 2307 1905 2353 Quaerimus,
1933 2321 1954 2343 o
1970 2309 2098 2354 Cyrne,
2126 2308 2217 2342 arie-

1225 2364 1275 2391 tes
1293 2363 1328 2391 et
1343 2357 1462 2392 asinos
1481 2365 1515 2392 et
1531 2371 1641 2405 equos
1667 2371 1878 2404 generosos,
1910 2366 1944 2393 et
1966 2359 2114 2406 quilibet
2139 2360 2216 2393 vult

1225 2421 1264 2442 ex
1281 2409 1384 2443 bonis
1401 2410 1558 2455 equabus
1580 2412 1814 2445 conscendere
1832 2412 1946 2446 bonos
1964 2424 2085 2457 equos.
2143 2411 2215 2444 Bo-

1222 2472 1290 2494 nus
1317 2460 1372 2494 vir
1397 2473 1471 2495 non
1493 2468 1593 2495 curat
1614 2462 1742 2497 ducere
1763 2469 1884 2496 natam
1908 2475 1949 2496 ex
1972 2462 2088 2503 malo,
2127 2462 2156 2496 si
2181 2462 2213 2495 ei

1256 2579 1304 2605 87]
1323 2579 1438 2609 Gregor.
1458 2579 1629 2603 Nazianzeni
1647 2585 1756 2603 carmen
1775 2579 1891 2605 xxxu.
1909 2586 1968 2605 vss.
1984 2580 2033 2605 127
2046 2587 2088 2612 sq.
2106 2580 2133 2605 in
2152 2580 2212 2607 eius

1293 2614 1412 2642 Operum
1430 2613 1503 2636 Toin.
1519 2614 1552 2638 11.
1572 2614 1614 2640 ed.
1633 2614 1738 2639 Caillau
1757 2621 1782 2645 p.
1799 2615 1860 2640 594.

1195 2659 1200 2687 1
1255 2654 1304 2687 88)
1323 2655 1405 2682 Prov.
1420 2655 1461 2686 18,
1478 2656 1522 2681 22.
