<?xml version="1.0" encoding="UTF-8"?>
<!DOCTYPE html PUBLIC "-//W3C//DTD XHTML 1.0 Transitional//EN"
    "http://www.w3.org/TR/xhtml1/DTD/xhtml1-transitional.dtd">
<html xmlns="http://www.w3.org/1999/xhtml" xml:lang="en" lang="en">
 <head>
  <title>
</title>
<meta http-equiv="Content-Type" content="text/html;charset=utf-8" />
  <meta name='ocr-system' content='tesseract 3.04.00' />
  <meta name='ocr-capabilities' content='ocr_page ocr_carea ocr_par ocr_line ocrx_word'/>
</head>
<body>
  <div class='ocr_page' id='page_1' title='image "./operaquaesupersu19melauoft_0195.png"; bbox 0 0 2421 3005; ppageno 0'>
   <div class='ocr_carea' id='block_1_1' title="bbox 85 91 769 132">
    <p class='ocr_par' dir='ltr' id='par_1_1' title="bbox 85 91 769 132">
     <span class='ocr_line' id='line_1_1' title="bbox 85 91 769 132; baseline -0.007 0"><span class='ocrx_word' id='word_1_1' title='bbox 85 95 160 132; x_wconf 82' lang='lat'>365</span> <span class='ocrx_word' id='word_1_2' title='bbox 548 91 769 127; x_wconf 84' lang='lat' dir='ltr'>LXXXVIII.</span> 
     </span>
    </p>
   </div>
   <div class='ocr_carea' id='block_1_2' title="bbox 85 175 1100 2497">
    <p class='ocr_par' dir='ltr' id='par_1_2' title="bbox 85 175 1093 426">
     <span class='ocr_line' id='line_1_2' title="bbox 188 175 1093 227; baseline -0.004 -14"><span class='ocrx_word' id='word_1_3' title='bbox 188 180 248 214; x_wconf 87' lang='lat' dir='ltr'>Vs.</span> <span class='ocrx_word' id='word_1_4' title='bbox 273 179 335 214; x_wconf 86' lang='lat'>69.</span> <span class='ocrx_word' id='word_1_5' title='bbox 378 181 545 224; x_wconf 65' lang='lat' dir='ltr'>Frugibus</span> <span class='ocrx_word' id='word_1_6' title='bbox 573 175 728 227; x_wconf 57' lang='lat' dir='ltr'>herbam]</span> <span class='ocrx_word' id='word_1_7' title='bbox 764 178 801 212; x_wconf 87' lang='lat' dir='ltr'>id</span> <span class='ocrx_word' id='word_1_8' title='bbox 830 184 902 220; x_wconf 91' lang='lat' dir='ltr'>est,</span> <span class='ocrx_word' id='word_1_9' title='bbox 937 189 1017 212; x_wconf 91' lang='lat' dir='ltr'>sero</span> <span class='ocrx_word' id='word_1_10' title='bbox 1041 182 1093 210; x_wconf 88' lang='lat' dir='ltr'>est</span> 
     </span>
     <span class='ocr_line' id='line_1_3' title="bbox 86 228 1092 277; baseline -0.004 -11"><span class='ocrx_word' id='word_1_11' title='bbox 86 233 264 267; x_wconf 82' lang='lat' dir='ltr'>arandum</span> <span class='ocrx_word' id='word_1_12' title='bbox 289 231 422 276; x_wconf 85' lang='lat' dir='ltr'>pingue</span> <span class='ocrx_word' id='word_1_13' title='bbox 450 232 587 271; x_wconf 87' lang='lat' dir='ltr'>solum,</span> <span class='ocrx_word' id='word_1_14' title='bbox 615 231 652 264; x_wconf 81' lang='lat' dir='ltr'>id</span> <span class='ocrx_word' id='word_1_15' title='bbox 677 237 728 265; x_wconf 86' lang='lat' dir='ltr'>est</span> <span class='ocrx_word' id='word_1_16' title='bbox 744 230 797 277; x_wconf 73' lang='lat'>³),</span> <span class='ocrx_word' id='word_1_17' title='bbox 835 230 874 264; x_wconf 90' lang='lat' dir='ltr'>in</span> <span class='ocrx_word' id='word_1_18' title='bbox 896 241 1002 269; x_wconf 93' lang='lat' dir='ltr'>vere,</span> <span class='ocrx_word' id='word_1_19' title='bbox 1029 228 1092 262; x_wconf 85' lang='lat' dir='ltr'>das</span> 
     </span>
     <span class='ocr_line' id='line_1_4' title="bbox 85 279 1090 317; baseline -0.004 -1"><span class='ocrx_word' id='word_1_20' title='bbox 85 281 187 317; x_wconf 85' lang='lat' dir='ltr'>nicht</span> <span class='ocrx_word' id='word_1_21' title='bbox 202 282 273 316; x_wconf 91' lang='lat' dir='ltr'>viel</span> <span class='ocrx_word' id='word_1_22' title='bbox 284 283 455 316; x_wconf 86' lang='lat' dir='ltr'>Unkraut</span> <span class='ocrx_word' id='word_1_23' title='bbox 473 282 619 316; x_wconf 83' lang='lat' dir='ltr'>darauff</span> <span class='ocrx_word' id='word_1_24' title='bbox 633 279 792 316; x_wconf 82' lang='lat' dir='ltr'>wachse.</span> <span class='ocrx_word' id='word_1_25' title='bbox 829 281 957 316; x_wconf 89' lang='lat' dir='ltr'>Sterile</span> <span class='ocrx_word' id='word_1_26' title='bbox 974 279 1090 314; x_wconf 89' lang='lat' dir='ltr'>solum</span> 
     </span>
     <span class='ocr_line' id='line_1_5' title="bbox 85 331 1092 379; baseline -0.004 -10"><span class='ocrx_word' id='word_1_27' title='bbox 85 347 162 369; x_wconf 91' lang='lat' dir='ltr'>non</span> <span class='ocrx_word' id='word_1_28' title='bbox 195 346 302 379; x_wconf 84' lang='lat' dir='ltr'><strong>saepe</strong></span> <span class='ocrx_word' id='word_1_29' title='bbox 334 341 386 368; x_wconf 89' lang='lat' dir='ltr'>est</span> <span class='ocrx_word' id='word_1_30' title='bbox 416 335 613 375; x_wconf 85' lang='lat' dir='ltr'>arandum,</span> <span class='ocrx_word' id='word_1_31' title='bbox 649 346 694 368; x_wconf 92' lang='lat' dir='ltr'>ne</span> <span class='ocrx_word' id='word_1_32' title='bbox 718 331 860 368; x_wconf 81' lang='lat' dir='ltr'>exhalet</span> <span class='ocrx_word' id='word_1_33' title='bbox 883 339 918 367; x_wconf 87' lang='lat' dir='ltr'>et</span> <span class='ocrx_word' id='word_1_34' title='bbox 945 343 1092 376; x_wconf 81' lang='lat' dir='ltr'>exsuga-</span> 
     </span>
     <span class='ocr_line' id='line_1_6' title="bbox 86 384 452 426; baseline -0.003 -6"><span class='ocrx_word' id='word_1_35' title='bbox 86 385 205 426; x_wconf 77' lang='lat' dir='ltr'>tur⁸·)</span> <span class='ocrx_word' id='word_1_36' title='bbox 229 386 288 419; x_wconf 92' lang='lat' dir='ltr'>ille</span> <span class='ocrx_word' id='word_1_37' title='bbox 306 384 452 419; x_wconf 91' lang='lat' dir='ltr'>humor.</span> 
     </span>
    </p>

    <p class='ocr_par' dir='ltr' id='par_1_3' title="bbox 86 435 1094 1105">
     <span class='ocr_line' id='line_1_7' title="bbox 190 435 1092 485; baseline -0.003 -15"><span class='ocrx_word' id='word_1_38' title='bbox 190 437 252 471; x_wconf 90' lang='lat' dir='ltr'>Vs.</span> <span class='ocrx_word' id='word_1_39' title='bbox 278 437 340 473; x_wconf 89' lang='lat'>71.</span> <span class='ocrx_word' id='word_1_40' title='bbox 375 438 532 472; x_wconf 76' lang='lat' dir='ltr'>Alternis</span> <span class='ocrx_word' id='word_1_41' title='bbox 568 435 690 485; x_wconf 66' lang='lat' dir='ltr'>idem]</span> <span class='ocrx_word' id='word_1_42' title='bbox 730 437 910 482; x_wconf 84' lang='lat' dir='ltr'>Quartum</span> <span class='ocrx_word' id='word_1_43' title='bbox 946 445 1092 480; x_wconf 88' lang='lat' dir='ltr'>praece-</span> 
     </span>
     <span class='ocr_line' id='line_1_8' title="bbox 86 486 1093 535; baseline -0.004 -12"><span class='ocrx_word' id='word_1_44' title='bbox 86 496 189 535; x_wconf 88' lang='lat' dir='ltr'>ptum</span> <span class='ocrx_word' id='word_1_45' title='bbox 217 489 261 522; x_wconf 92' lang='lat' dir='ltr'>de</span> <span class='ocrx_word' id='word_1_46' title='bbox 287 488 487 523; x_wconf 88' lang='lat' dir='ltr'>intervallis</span> <span class='ocrx_word' id='word_1_47' title='bbox 510 489 749 523; x_wconf 87' lang='lat' dir='ltr'>concedendis</span> <span class='ocrx_word' id='word_1_48' title='bbox 770 489 859 523; x_wconf 90' lang='lat' dir='ltr'>solo.</span> <span class='ocrx_word' id='word_1_49' title='bbox 914 486 1016 521; x_wconf 90' lang='lat' dir='ltr'>Adeo</span> <span class='ocrx_word' id='word_1_50' title='bbox 1033 497 1093 519; x_wconf 84' lang='lat' dir='ltr'>ve·</span> 
     </span>
     <span class='ocr_line' id='line_1_9' title="bbox 86 539 1094 586; baseline -0.004 -12"><span class='ocrx_word' id='word_1_51' title='bbox 86 552 169 575; x_wconf 89' lang='lat' dir='ltr'>rum</span> <span class='ocrx_word' id='word_1_52' title='bbox 187 546 238 574; x_wconf 85' lang='lat' dir='ltr'>est</span> <span class='ocrx_word' id='word_1_53' title='bbox 255 540 363 573; x_wconf 87' lang='lat' dir='ltr'>etiam</span> <span class='ocrx_word' id='word_1_54' title='bbox 388 540 431 573; x_wconf 88' lang='lat' dir='ltr'>de</span> <span class='ocrx_word' id='word_1_55' title='bbox 451 541 559 575; x_wconf 87' lang='lat' dir='ltr'>rebus</span> <span class='ocrx_word' id='word_1_56' title='bbox 584 540 805 574; x_wconf 81' lang='lat' dir='ltr'>inanimatis.</span> <span class='ocrx_word' id='word_1_57' title='bbox 860 539 969 586; x_wconf 85' lang='lat' dir='ltr'>Quod</span> <span class='ocrx_word' id='word_1_58' title='bbox 996 543 1094 571; x_wconf 87' lang='lat' dir='ltr'>caret</span> 
     </span>
     <span class='ocr_line' id='line_1_10' title="bbox 87 590 1090 638; baseline -0.004 -12"><span class='ocrx_word' id='word_1_59' title='bbox 87 592 227 626; x_wconf 86' lang='lat' dir='ltr'>alterna</span> <span class='ocrx_word' id='word_1_60' title='bbox 246 592 393 637; x_wconf 84' lang='lat' dir='ltr'>requie,</span> <span class='ocrx_word' id='word_1_61' title='bbox 418 593 584 626; x_wconf 76' lang='lat' dir='ltr'>durabile</span> <span class='ocrx_word' id='word_1_62' title='bbox 602 604 678 626; x_wconf 91' lang='lat' dir='ltr'>non</span> <span class='ocrx_word' id='word_1_63' title='bbox 698 598 769 632; x_wconf 83' lang='lat' dir='ltr'>est,</span> <span class='ocrx_word' id='word_1_64' title='bbox 799 592 905 638; x_wconf 89' lang='lat' dir='ltr'>quia,</span> <span class='ocrx_word' id='word_1_65' title='bbox 942 590 1090 637; x_wconf 87' lang='lat' dir='ltr'>quando</span> 
     </span>
     <span class='ocr_line' id='line_1_11' title="bbox 86 643 1093 682; baseline -0.004 -4"><span class='ocrx_word' id='word_1_66' title='bbox 86 655 162 678; x_wconf 92' lang='lat' dir='ltr'>uno</span> <span class='ocrx_word' id='word_1_67' title='bbox 181 655 278 676; x_wconf 87' lang='lat' dir='ltr'>anno</span> <span class='ocrx_word' id='word_1_68' title='bbox 294 643 362 677; x_wconf 87' lang='lat' dir='ltr'>fuit</span> <span class='ocrx_word' id='word_1_69' title='bbox 379 643 561 678; x_wconf 83' lang='lat' dir='ltr'>vindemia</span> <span class='ocrx_word' id='word_1_70' title='bbox 579 657 641 679; x_wconf 90' lang='lat' dir='ltr'>seu</span> <span class='ocrx_word' id='word_1_71' title='bbox 657 644 781 678; x_wconf 89' lang='lat' dir='ltr'>messis</span> <span class='ocrx_word' id='word_1_72' title='bbox 804 643 972 682; x_wconf 86' lang='lat' dir='ltr'>uberior,</span> <span class='ocrx_word' id='word_1_73' title='bbox 1007 648 1093 675; x_wconf 92' lang='lat' dir='ltr'>tunc</span> 
     </span>
     <span class='ocr_line' id='line_1_12' title="bbox 88 691 1092 742; baseline -0.002 -14"><span class='ocrx_word' id='word_1_74' title='bbox 88 695 202 729; x_wconf 86' lang='lat' dir='ltr'>altero</span> <span class='ocrx_word' id='word_1_75' title='bbox 226 707 323 728; x_wconf 89' lang='lat' dir='ltr'>anno</span> <span class='ocrx_word' id='word_1_76' title='bbox 348 701 400 729; x_wconf 92' lang='lat' dir='ltr'>est</span> <span class='ocrx_word' id='word_1_77' title='bbox 424 696 586 736; x_wconf 82' lang='lat' dir='ltr'>tenuior,</span> <span class='ocrx_word' id='word_1_78' title='bbox 624 695 789 742; x_wconf 84' lang='lat' dir='ltr'>quamvis</span> <span class='ocrx_word' id='word_1_79' title='bbox 827 701 879 729; x_wconf 84' lang='lat' dir='ltr'>est</span> <span class='ocrx_word' id='word_1_80' title='bbox 907 691 1092 727; x_wconf 85' lang='lat' dir='ltr'>exhausta.</span> 
     </span>
     <span class='ocr_line' id='line_1_13' title="bbox 87 745 1093 785; baseline -0.003 -5"><span class='ocrx_word' id='word_1_81' title='bbox 87 745 152 780; x_wconf 84' lang='lat' dir='ltr'>Illa</span> <span class='ocrx_word' id='word_1_82' title='bbox 169 746 292 780; x_wconf 89' lang='lat' dir='ltr'>omnia</span> <span class='ocrx_word' id='word_1_83' title='bbox 312 759 392 780; x_wconf 88' lang='lat' dir='ltr'>cum</span> <span class='ocrx_word' id='word_1_84' title='bbox 410 754 483 781; x_wconf 90' lang='lat' dir='ltr'>tam</span> <span class='ocrx_word' id='word_1_85' title='bbox 501 754 598 781; x_wconf 89' lang='lat' dir='ltr'>certo</span> <span class='ocrx_word' id='word_1_86' title='bbox 620 747 786 781; x_wconf 87' lang='lat' dir='ltr'>ordinata</span> <span class='ocrx_word' id='word_1_87' title='bbox 805 747 877 781; x_wconf 90' lang='lat' dir='ltr'>sint</span> <span class='ocrx_word' id='word_1_88' title='bbox 892 745 929 779; x_wconf 87' lang='lat' dir='ltr'>in</span> <span class='ocrx_word' id='word_1_89' title='bbox 947 751 1093 785; x_wconf 83' lang='lat' dir='ltr'>natura,</span> 
     </span>
     <span class='ocr_line' id='line_1_14' title="bbox 88 796 1092 845; baseline -0.004 -12"><span class='ocrx_word' id='word_1_90' title='bbox 88 805 173 833; x_wconf 85' lang='lat' dir='ltr'>sunt</span> <span class='ocrx_word' id='word_1_91' title='bbox 191 798 397 833; x_wconf 85' lang='lat' dir='ltr'>testimonia</span> <span class='ocrx_word' id='word_1_92' title='bbox 418 800 463 833; x_wconf 88' lang='lat' dir='ltr'>ab</span> <span class='ocrx_word' id='word_1_93' title='bbox 481 806 627 833; x_wconf 87' lang='lat' dir='ltr'>aeterna</span> <span class='ocrx_word' id='word_1_94' title='bbox 654 799 775 845; x_wconf 86' lang='lat' dir='ltr'>aliqua</span> <span class='ocrx_word' id='word_1_95' title='bbox 800 804 919 832; x_wconf 89' lang='lat' dir='ltr'>mente</span> <span class='ocrx_word' id='word_1_96' title='bbox 946 796 1092 831; x_wconf 88' lang='lat' dir='ltr'>condita</span> 
     </span>
     <span class='ocr_line' id='line_1_15' title="bbox 89 847 1093 898; baseline -0.004 -13"><span class='ocrx_word' id='word_1_97' title='bbox 89 862 164 885; x_wconf 86' lang='lat' dir='ltr'>esse</span> <span class='ocrx_word' id='word_1_98' title='bbox 183 856 217 883; x_wconf 88' lang='lat' dir='ltr'>et</span> <span class='ocrx_word' id='word_1_99' title='bbox 236 850 443 894; x_wconf 86' lang='lat' dir='ltr'>gubernari.</span> <span class='ocrx_word' id='word_1_100' title='bbox 540 847 713 898; x_wconf 71' lang='lat' dir='ltr'>Novales]</span> <span class='ocrx_word' id='word_1_101' title='bbox 739 850 896 885; x_wconf 88' lang='lat' dir='ltr'>Novales</span> <span class='ocrx_word' id='word_1_102' title='bbox 911 847 970 883; x_wconf 90' lang='lat' dir='ltr'>hic</span> <span class='ocrx_word' id='word_1_103' title='bbox 988 859 1093 893; x_wconf 87' lang='lat' dir='ltr'>gene-</span> 
     </span>
     <span class='ocr_line' id='line_1_16' title="bbox 87 899 1094 949; baseline -0.003 -14"><span class='ocrx_word' id='word_1_104' title='bbox 87 901 215 935; x_wconf 83' lang='lat' dir='ltr'>raliter</span> <span class='ocrx_word' id='word_1_105' title='bbox 237 902 438 946; x_wconf 88' lang='lat' dir='ltr'>significant</span> <span class='ocrx_word' id='word_1_106' title='bbox 464 914 588 947; x_wconf 80' lang='lat' dir='ltr'>agros,</span> <span class='ocrx_word' id='word_1_107' title='bbox 616 903 680 949; x_wconf 91' lang='lat' dir='ltr'>qui</span> <span class='ocrx_word' id='word_1_108' title='bbox 704 901 912 936; x_wconf 88' lang='lat' dir='ltr'>habuerunt</span> <span class='ocrx_word' id='word_1_109' title='bbox 935 899 1094 934; x_wconf 85' lang='lat' dir='ltr'>vacatio-</span> 
     </span>
     <span class='ocr_line' id='line_1_17' title="bbox 87 953 1094 999; baseline -0.003 -11"><span class='ocrx_word' id='word_1_110' title='bbox 87 965 185 988; x_wconf 89' lang='lat' dir='ltr'>nem.</span> <span class='ocrx_word' id='word_1_111' title='bbox 252 953 401 999; x_wconf 82' lang='lat' dir='ltr'>Alioqui</span> <span class='ocrx_word' id='word_1_112' title='bbox 424 953 462 986; x_wconf 90' lang='lat' dir='ltr'>in</span> <span class='ocrx_word' id='word_1_113' title='bbox 486 954 624 998; x_wconf 88' lang='lat' dir='ltr'>legibus</span> <span class='ocrx_word' id='word_1_114' title='bbox 655 961 832 988; x_wconf 77' lang='lat' dir='ltr'>vocantur</span> <span class='ocrx_word' id='word_1_115' title='bbox 865 953 942 999; x_wconf 78' lang='lat' dir='ltr'>agri</span> <span class='ocrx_word' id='word_1_116' title='bbox 970 963 1094 986; x_wconf 88' lang='lat' dir='ltr'>recens</span> 
     </span>
     <span class='ocr_line' id='line_1_18' title="bbox 87 1003 1094 1048; baseline -0.002 -10"><span class='ocrx_word' id='word_1_117' title='bbox 87 1005 173 1038; x_wconf 83' lang='lat' dir='ltr'>facti</span> <span class='ocrx_word' id='word_1_118' title='bbox 199 1016 241 1038; x_wconf 82' lang='lat' dir='ltr'>ex</span> <span class='ocrx_word' id='word_1_119' title='bbox 262 1005 406 1039; x_wconf 78' lang='lat' dir='ltr'>incult1s</span> <span class='ocrx_word' id='word_1_120' title='bbox 433 1012 468 1039; x_wconf 87' lang='lat' dir='ltr'>et</span> <span class='ocrx_word' id='word_1_121' title='bbox 490 1003 759 1040; x_wconf 85' lang='lat' dir='ltr'>horridioribus</span> <span class='ocrx_word' id='word_1_122' title='bbox 781 1006 888 1046; x_wconf 87' lang='lat' dir='ltr'>locis,</span> <span class='ocrx_word' id='word_1_123' title='bbox 916 1005 1011 1040; x_wconf 76' lang='lat' dir='ltr'>New</span> <span class='ocrx_word' id='word_1_124' title='bbox 1036 1015 1094 1048; x_wconf 86' lang='lat' dir='ltr'>ge-</span> 
     </span>
     <span class='ocr_line' id='line_1_19' title="bbox 89 1055 953 1105; baseline 0 -15"><span class='ocrx_word' id='word_1_125' title='bbox 89 1057 207 1091; x_wconf 86' lang='lat' dir='ltr'>reudt.</span> <span class='ocrx_word' id='word_1_126' title='bbox 326 1055 478 1105; x_wconf 76' lang='lat' dir='ltr'>Tonsas]</span> <span class='ocrx_word' id='word_1_127' title='bbox 507 1057 658 1099; x_wconf 87' lang='lat' dir='ltr'>scilicet,</span> <span class='ocrx_word' id='word_1_128' title='bbox 686 1064 768 1102; x_wconf 91' lang='lat' dir='ltr'>post</span> <span class='ocrx_word' id='word_1_129' title='bbox 788 1069 953 1092; x_wconf 83' lang='lat' dir='ltr'>messem.</span> 
     </span>
    </p>

    <p class='ocr_par' dir='ltr' id='par_1_4' title="bbox 90 1106 1096 1297">
     <span class='ocr_line' id='line_1_20' title="bbox 195 1106 1094 1155; baseline 0.001 -14"><span class='ocrx_word' id='word_1_130' title='bbox 195 1106 256 1142; x_wconf 85' lang='lat' dir='ltr'>Vs.</span> <span class='ocrx_word' id='word_1_131' title='bbox 274 1107 335 1144; x_wconf 72' lang='lat'>72.</span> <span class='ocrx_word' id='word_1_132' title='bbox 362 1111 507 1153; x_wconf 71' lang='lat' dir='ltr'>seynem</span> <span class='ocrx_word' id='word_1_133' title='bbox 524 1111 694 1155; x_wconf 83' lang='lat' dir='ltr'>campum]</span> <span class='ocrx_word' id='word_1_134' title='bbox 710 1109 746 1142; x_wconf 87' lang='lat' dir='ltr'>id</span> <span class='ocrx_word' id='word_1_135' title='bbox 764 1116 828 1149; x_wconf 89' lang='lat' dir='ltr'>est,</span> <span class='ocrx_word' id='word_1_136' title='bbox 847 1109 1094 1152; x_wconf 83' lang='lat' dir='ltr'>defatigatum.</span> 
     </span>
     <span class='ocr_line' id='line_1_21' title="bbox 90 1159 1096 1206; baseline -0.001 -12"><span class='ocrx_word' id='word_1_137' title='bbox 90 1159 215 1205; x_wconf 86' lang='lat' dir='ltr'>Aliqui</span> <span class='ocrx_word' id='word_1_138' title='bbox 236 1165 398 1193; x_wconf 77' lang='lat' dir='ltr'>tenacem</span> <span class='ocrx_word' id='word_1_139' title='bbox 417 1168 615 1206; x_wconf 84' lang='lat' dir='ltr'>exponunt.</span> <span class='ocrx_word' id='word_1_140' title='bbox 722 1162 818 1206; x_wconf 71' lang='lat' dir='ltr'>Situ]</span> <span class='ocrx_word' id='word_1_141' title='bbox 841 1160 877 1194; x_wconf 93' lang='lat' dir='ltr'>id</span> <span class='ocrx_word' id='word_1_142' title='bbox 896 1167 965 1201; x_wconf 91' lang='lat' dir='ltr'>est,</span> <span class='ocrx_word' id='word_1_143' title='bbox 990 1171 1096 1206; x_wconf 77' lang='lat' dir='ltr'>squa-</span> 
     </span>
     <span class='ocr_line' id='line_1_22' title="bbox 90 1210 1096 1259; baseline 0.001 -15"><span class='ocrx_word' id='word_1_144' title='bbox 90 1212 189 1248; x_wconf 82' lang='lat' dir='ltr'>lore3</span> <span class='ocrx_word' id='word_1_145' title='bbox 217 1215 270 1243; x_wconf 89' lang='lat' dir='ltr'>est</span> <span class='ocrx_word' id='word_1_146' title='bbox 287 1210 345 1244; x_wconf 83' lang='lat' dir='ltr'>illa</span> <span class='ocrx_word' id='word_1_147' title='bbox 362 1211 545 1256; x_wconf 85' lang='lat' dir='ltr'>pinguedo</span> <span class='ocrx_word' id='word_1_148' title='bbox 557 1239 566 1253; x_wconf 93' lang='lat'>,</span> <span class='ocrx_word' id='word_1_149' title='bbox 590 1224 659 1259; x_wconf 87' lang='lat' dir='ltr'>qua</span> <span class='ocrx_word' id='word_1_150' title='bbox 676 1213 906 1247; x_wconf 89' lang='lat' dir='ltr'>obducuntur</span> <span class='ocrx_word' id='word_1_151' title='bbox 922 1224 979 1246; x_wconf 90' lang='lat' dir='ltr'>res</span> <span class='ocrx_word' id='word_1_152' title='bbox 997 1211 1096 1257; x_wconf 87' lang='lat' dir='ltr'>quie-</span> 
     </span>
     <span class='ocr_line' id='line_1_23' title="bbox 93 1267 243 1297; baseline -0.013 0"><span class='ocrx_word' id='word_1_153' title='bbox 93 1267 243 1297; x_wconf 86' lang='lat' dir='ltr'>scentes.</span> 
     </span>
    </p>

    <p class='ocr_par' dir='ltr' id='par_1_5' title="bbox 90 1312 1098 1564">
     <span class='ocr_line' id='line_1_24' title="bbox 196 1312 1097 1360; baseline 0 -14"><span class='ocrx_word' id='word_1_154' title='bbox 196 1312 258 1347; x_wconf 84' lang='lat' dir='ltr'>Vs.</span> <span class='ocrx_word' id='word_1_155' title='bbox 277 1313 337 1349; x_wconf 82' lang='grc'>73.</span> <span class='ocrx_word' id='word_1_156' title='bbox 366 1318 437 1349; x_wconf 79' lang='lat' dir='ltr'>Ant</span> <span class='ocrx_word' id='word_1_157' title='bbox 453 1316 509 1349; x_wconf 76' lang='lat' dir='ltr'>ubi</span> <span class='ocrx_word' id='word_1_158' title='bbox 524 1315 555 1360; x_wconf 75' lang='lat'>4]</span> <span class='ocrx_word' id='word_1_159' title='bbox 580 1315 615 1348; x_wconf 89' lang='lat' dir='ltr'>id</span> <span class='ocrx_word' id='word_1_160' title='bbox 636 1322 704 1355; x_wconf 87' lang='lat' dir='ltr'>est,</span> <span class='ocrx_word' id='word_1_161' title='bbox 735 1321 796 1349; x_wconf 87' lang='lat' dir='ltr'>aut</span> <span class='ocrx_word' id='word_1_162' title='bbox 819 1327 889 1360; x_wconf 86' lang='lat' dir='ltr'>qua</span> <span class='ocrx_word' id='word_1_163' title='bbox 916 1316 1020 1349; x_wconf 88' lang='lat' dir='ltr'>cedas</span> <span class='ocrx_word' id='word_1_164' title='bbox 1042 1314 1097 1346; x_wconf 91' lang='lat' dir='ltr'>in-</span> 
     </span>
     <span class='ocr_line' id='line_1_25' title="bbox 92 1363 1098 1413; baseline 0 -15"><span class='ocrx_word' id='word_1_165' title='bbox 92 1363 242 1398; x_wconf 87' lang='lat' dir='ltr'>tervalla</span> <span class='ocrx_word' id='word_1_166' title='bbox 264 1371 326 1398; x_wconf 88' lang='lat' dir='ltr'>aut</span> <span class='ocrx_word' id='word_1_167' title='bbox 344 1366 501 1399; x_wconf 84' lang='lat' dir='ltr'>mutabis</span> <span class='ocrx_word' id='word_1_168' title='bbox 525 1366 674 1399; x_wconf 84' lang='lat' dir='ltr'>semina.</span> <span class='ocrx_word' id='word_1_169' title='bbox 781 1364 941 1413; x_wconf 75' lang='lat' dir='ltr'>Mutato]</span> <span class='ocrx_word' id='word_1_170' title='bbox 972 1366 1008 1399; x_wconf 87' lang='lat' dir='ltr'>id</span> <span class='ocrx_word' id='word_1_171' title='bbox 1034 1372 1098 1405; x_wconf 89' lang='lat' dir='ltr'>est,</span> 
     </span>
     <span class='ocr_line' id='line_1_26' title="bbox 90 1415 1098 1464; baseline 0 -15"><span class='ocrx_word' id='word_1_172' title='bbox 90 1422 174 1460; x_wconf 89' lang='lat' dir='ltr'>post</span> <span class='ocrx_word' id='word_1_173' title='bbox 198 1427 347 1450; x_wconf 87' lang='lat' dir='ltr'>annum.</span> <span class='ocrx_word' id='word_1_174' title='bbox 470 1418 575 1451; x_wconf 76' lang='lat' dir='ltr'>Flava</span> <span class='ocrx_word' id='word_1_175' title='bbox 595 1415 723 1464; x_wconf 80' lang='lat' dir='ltr'>farra]</span> <span class='ocrx_word' id='word_1_176' title='bbox 761 1416 924 1451; x_wconf 79' lang='lat' dir='ltr'>Rocken.</span> <span class='ocrx_word' id='word_1_177' title='bbox 985 1417 1098 1450; x_wconf 91' lang='lat' dir='ltr'>Triti-</span> 
     </span>
     <span class='ocr_line' id='line_1_27' title="bbox 92 1469 1097 1515; baseline 0.002 -15"><span class='ocrx_word' id='word_1_178' title='bbox 92 1479 172 1501; x_wconf 90' lang='lat' dir='ltr'>cum</span> <span class='ocrx_word' id='word_1_179' title='bbox 192 1473 357 1512; x_wconf 85' lang='lat' dir='ltr'>weytzen</span> <span class='ocrx_word' id='word_1_180' title='bbox 372 1496 382 1510; x_wconf 88' lang='lat'>,</span> <span class='ocrx_word' id='word_1_181' title='bbox 409 1481 631 1515; x_wconf 88' lang='lat' dir='ltr'>quamquam</span> <span class='ocrx_word' id='word_1_182' title='bbox 651 1475 703 1503; x_wconf 87' lang='lat' dir='ltr'>est</span> <span class='ocrx_word' id='word_1_183' title='bbox 719 1481 831 1512; x_wconf 84' lang='lat' dir='ltr'>genus</span> <span class='ocrx_word' id='word_1_184' title='bbox 851 1470 895 1502; x_wconf 84' lang='lat' dir='ltr'>ad</span> <span class='ocrx_word' id='word_1_185' title='bbox 913 1469 1042 1502; x_wconf 76' lang='lat' dir='ltr'>rubum</span> <span class='ocrx_word' id='word_1_186' title='bbox 1065 1474 1097 1502; x_wconf 86' lang='lat' dir='ltr'>et</span> 
     </span>
     <span class='ocr_line' id='line_1_28' title="bbox 91 1518 284 1564; baseline 0 -11"><span class='ocrx_word' id='word_1_187' title='bbox 91 1518 284 1564; x_wconf 85' lang='lat' dir='ltr'>siliginem.</span> 
     </span>
    </p>

    <p class='ocr_par' dir='ltr' id='par_1_6' title="bbox 194 1568 678 1616">
     <span class='ocr_line' id='line_1_29' title="bbox 194 1568 678 1616; baseline 0.006 -13"><span class='ocrx_word' id='word_1_188' title='bbox 194 1569 257 1604; x_wconf 86' lang='lat' dir='ltr'>Vs.</span> <span class='ocrx_word' id='word_1_189' title='bbox 273 1568 333 1603; x_wconf 85' lang='lat'>74.</span> <span class='ocrx_word' id='word_1_190' title='bbox 362 1570 517 1616; x_wconf 73' lang='lat' dir='ltr'>Siliqua]</span> <span class='ocrx_word' id='word_1_191' title='bbox 539 1568 678 1606; x_wconf 88' lang='lat' dir='ltr'>hulsen.</span> 
     </span>
    </p>

    <p class='ocr_par' dir='ltr' id='par_1_7' title="bbox 197 1619 1098 1672">
     <span class='ocr_line' id='line_1_30' title="bbox 197 1619 1098 1672; baseline 0.004 -18"><span class='ocrx_word' id='word_1_192' title='bbox 197 1620 258 1654; x_wconf 85' lang='lat' dir='ltr'>Vs.</span> <span class='ocrx_word' id='word_1_193' title='bbox 269 1619 329 1655; x_wconf 90' lang='lat'>75.</span> <span class='ocrx_word' id='word_1_194' title='bbox 351 1619 484 1669; x_wconf 76' lang='lat' dir='ltr'>Viciae]</span> <span class='ocrx_word' id='word_1_195' title='bbox 505 1623 660 1657; x_wconf 84' lang='lat' dir='ltr'>wicken.</span> <span class='ocrx_word' id='word_1_196' title='bbox 721 1622 872 1672; x_wconf 71' lang='lat' dir='ltr'>Lupini]</span> <span class='ocrx_word' id='word_1_197' title='bbox 890 1624 1098 1669; x_wconf 76' lang='lat' dir='ltr'>feytbonen.</span> 
     </span>
    </p>

    <p class='ocr_par' dir='ltr' id='par_1_8' title="bbox 196 1669 1098 1719">
     <span class='ocr_line' id='line_1_31' title="bbox 196 1669 1098 1719; baseline 0.004 -14"><span class='ocrx_word' id='word_1_198' title='bbox 196 1672 257 1706; x_wconf 90' lang='lat' dir='ltr'>Vs.</span> <span class='ocrx_word' id='word_1_199' title='bbox 276 1672 337 1706; x_wconf 91' lang='lat'>77.</span> <span class='ocrx_word' id='word_1_200' title='bbox 369 1669 462 1719; x_wconf 80' lang='lat' dir='ltr'>Urit]</span> <span class='ocrx_word' id='word_1_201' title='bbox 492 1674 527 1706; x_wconf 91' lang='lat' dir='ltr'>id</span> <span class='ocrx_word' id='word_1_202' title='bbox 543 1681 607 1714; x_wconf 90' lang='lat' dir='ltr'>est,</span> <span class='ocrx_word' id='word_1_203' title='bbox 635 1677 814 1709; x_wconf 82' lang='lat' dir='ltr'>consumit</span> <span class='ocrx_word' id='word_1_204' title='bbox 832 1674 1098 1709; x_wconf 71' lang='lat' dir='ltr'>humiditatem.</span> 
     </span>
    </p>

    <p class='ocr_par' dir='ltr' id='par_1_9' title="bbox 92 1722 1099 1862">
     <span class='ocr_line' id='line_1_32' title="bbox 196 1722 1099 1772; baseline 0.008 -18"><span class='ocrx_word' id='word_1_205' title='bbox 196 1723 257 1758; x_wconf 88' lang='lat' dir='ltr'>Vs.</span> <span class='ocrx_word' id='word_1_206' title='bbox 283 1722 344 1758; x_wconf 83' lang='grc'>84.</span> <span class='ocrx_word' id='word_1_207' title='bbox 379 1726 489 1768; x_wconf 82' lang='lat' dir='ltr'>Saepe</span> <span class='ocrx_word' id='word_1_208' title='bbox 517 1723 643 1772; x_wconf 74' lang='lat' dir='ltr'>etiam]</span> <span class='ocrx_word' id='word_1_209' title='bbox 680 1726 789 1759; x_wconf 88' lang='lat' dir='ltr'>Fiunt</span> <span class='ocrx_word' id='word_1_210' title='bbox 815 1727 915 1771; x_wconf 85' lang='lat' dir='ltr'>ignes</span> <span class='ocrx_word' id='word_1_211' title='bbox 937 1727 973 1759; x_wconf 90' lang='lat' dir='ltr'>in</span> <span class='ocrx_word' id='word_1_212' title='bbox 991 1727 1099 1771; x_wconf 81' lang='lat' dir='ltr'>agris,</span> 
     </span>
     <span class='ocr_line' id='line_1_33' title="bbox 92 1775 1098 1819; baseline 0.005 -12"><span class='ocrx_word' id='word_1_213' title='bbox 92 1775 150 1808; x_wconf 88' lang='lat' dir='ltr'>vel</span> <span class='ocrx_word' id='word_1_214' title='bbox 166 1782 206 1808; x_wconf 91' lang='lat' dir='ltr'>ut</span> <span class='ocrx_word' id='word_1_215' title='bbox 231 1775 444 1819; x_wconf 84' lang='lat' dir='ltr'>aperiantur</span> <span class='ocrx_word' id='word_1_216' title='bbox 472 1789 644 1810; x_wconf 67' lang='lat' dir='ltr'>venarum</span> <span class='ocrx_word' id='word_1_217' title='bbox 673 1784 829 1818; x_wconf 83' lang='lat' dir='ltr'>meatus,</span> <span class='ocrx_word' id='word_1_218' title='bbox 862 1779 917 1812; x_wconf 72' lang='lat' dir='ltr'>vel</span> <span class='ocrx_word' id='word_1_219' title='bbox 939 1785 978 1812; x_wconf 90' lang='lat' dir='ltr'>ut</span> <span class='ocrx_word' id='word_1_220' title='bbox 998 1791 1098 1813; x_wconf 76' lang='lat' dir='ltr'>exsu-</span> 
     </span>
     <span class='ocr_line' id='line_1_34' title="bbox 92 1825 466 1862; baseline 0.003 -2"><span class='ocrx_word' id='word_1_221' title='bbox 92 1827 152 1860; x_wconf 86' lang='lat' dir='ltr'>det</span> <span class='ocrx_word' id='word_1_222' title='bbox 167 1826 306 1860; x_wconf 87' lang='lat' dir='ltr'>inutilis</span> <span class='ocrx_word' id='word_1_223' title='bbox 321 1825 466 1862; x_wconf 91' lang='lat' dir='ltr'>humor.</span> 
     </span>
    </p>

    <p class='ocr_par' dir='ltr' id='par_1_10' title="bbox 92 1877 1100 2018">
     <span class='ocr_line' id='line_1_35' title="bbox 194 1877 1100 1927; baseline 0.004 -16"><span class='ocrx_word' id='word_1_224' title='bbox 194 1878 255 1913; x_wconf 89' lang='lat' dir='ltr'>Vs.</span> <span class='ocrx_word' id='word_1_225' title='bbox 274 1877 335 1913; x_wconf 88' lang='lat'>90.</span> <span class='ocrx_word' id='word_1_226' title='bbox 362 1878 608 1927; x_wconf 71' lang='lat' dir='ltr'>spiramenta]</span> <span class='ocrx_word' id='word_1_227' title='bbox 639 1880 675 1913; x_wconf 86' lang='lat' dir='ltr'>id</span> <span class='ocrx_word' id='word_1_228' title='bbox 693 1887 757 1920; x_wconf 84' lang='lat' dir='ltr'>est,</span> <span class='ocrx_word' id='word_1_229' title='bbox 774 1886 925 1914; x_wconf 85' lang='lat' dir='ltr'>meatus.</span> <span class='ocrx_word' id='word_1_230' title='bbox 1026 1883 1100 1915; x_wconf 86' lang='grc' dir='ltr'>Νο-</span> 
     </span>
     <span class='ocr_line' id='line_1_36' title="bbox 92 1928 1099 1981; baseline 0 -15"><span class='ocrx_word' id='word_1_231' title='bbox 92 1942 152 1966; x_wconf 76' lang='lat' dir='ltr'>vas</span> <span class='ocrx_word' id='word_1_232' title='bbox 176 1928 311 1981; x_wconf 77' lang='lat' dir='ltr'>veniat]</span> <span class='ocrx_word' id='word_1_233' title='bbox 341 1930 377 1963; x_wconf 88' lang='lat' dir='ltr'>id</span> <span class='ocrx_word' id='word_1_234' title='bbox 403 1937 474 1971; x_wconf 85' lang='lat' dir='ltr'>est,</span> <span class='ocrx_word' id='word_1_235' title='bbox 500 1939 539 1965; x_wconf 90' lang='lat' dir='ltr'>ut</span> <span class='ocrx_word' id='word_1_236' title='bbox 564 1932 677 1977; x_wconf 85' lang='lat' dir='ltr'>possit</span> <span class='ocrx_word' id='word_1_237' title='bbox 701 1932 881 1966; x_wconf 88' lang='lat' dir='ltr'>destillare</span> <span class='ocrx_word' id='word_1_238' title='bbox 908 1932 1019 1965; x_wconf 90' lang='lat' dir='ltr'>udum</span> <span class='ocrx_word' id='word_1_239' title='bbox 1050 1933 1099 1966; x_wconf 90' lang='lat' dir='ltr'>la-</span> 
     </span>
     <span class='ocr_line' id='line_1_37' title="bbox 92 1982 524 2018; baseline 0.002 -1"><span class='ocrx_word' id='word_1_240' title='bbox 92 1984 163 2017; x_wconf 89' lang='lat' dir='ltr'>tius</span> <span class='ocrx_word' id='word_1_241' title='bbox 182 1982 220 2016; x_wconf 90' lang='lat' dir='ltr'>in</span> <span class='ocrx_word' id='word_1_242' title='bbox 236 1988 376 2017; x_wconf 89' lang='lat' dir='ltr'>meatus</span> <span class='ocrx_word' id='word_1_243' title='bbox 394 1989 524 2018; x_wconf 87' lang='lat' dir='ltr'>terrae.</span> 
     </span>
    </p>

    <p class='ocr_par' dir='ltr' id='par_1_11' title="bbox 92 2033 1098 2132">
     <span class='ocr_line' id='line_1_38' title="bbox 197 2033 1098 2083; baseline 0.003 -17"><span class='ocrx_word' id='word_1_244' title='bbox 197 2034 259 2068; x_wconf 88' lang='lat' dir='ltr'>Vs.</span> <span class='ocrx_word' id='word_1_245' title='bbox 280 2033 342 2068; x_wconf 85' lang='lat'>93.</span> <span class='ocrx_word' id='word_1_246' title='bbox 376 2033 530 2083; x_wconf 81' lang='lat' dir='ltr'>Boreae]</span> <span class='ocrx_word' id='word_1_247' title='bbox 567 2034 735 2080; x_wconf 85' lang='lat' dir='ltr'>Spirante</span> <span class='ocrx_word' id='word_1_248' title='bbox 765 2034 905 2076; x_wconf 86' lang='lat' dir='ltr'>Borea,</span> <span class='ocrx_word' id='word_1_249' title='bbox 952 2036 1098 2081; x_wconf 86' lang='lat' dir='ltr'>quando</span> 
     </span>
     <span class='ocr_line' id='line_1_39' title="bbox 92 2088 972 2132; baseline 0.001 -12"><span class='ocrx_word' id='word_1_250' title='bbox 92 2092 188 2120; x_wconf 79' lang='lat' dir='ltr'>terra</span> <span class='ocrx_word' id='word_1_251' title='bbox 206 2098 281 2119; x_wconf 89' lang='lat' dir='ltr'>non</span> <span class='ocrx_word' id='word_1_252' title='bbox 301 2091 353 2120; x_wconf 85' lang='lat' dir='ltr'>est</span> <span class='ocrx_word' id='word_1_253' title='bbox 371 2092 460 2119; x_wconf 88' lang='lat' dir='ltr'>tecta</span> <span class='ocrx_word' id='word_1_254' title='bbox 478 2088 582 2127; x_wconf 89' lang='lat' dir='ltr'>nive,</span> <span class='ocrx_word' id='word_1_255' title='bbox 609 2093 693 2121; x_wconf 90' lang='lat' dir='ltr'>tunc</span> <span class='ocrx_word' id='word_1_256' title='bbox 713 2093 866 2132; x_wconf 87' lang='lat' dir='ltr'>pereunt</span> <span class='ocrx_word' id='word_1_257' title='bbox 884 2093 972 2121; x_wconf 85' lang='lat' dir='ltr'>sata.</span> 
     </span>
    </p>

    <p class='ocr_par' dir='ltr' id='par_1_12' title="bbox 196 2136 899 2187">
     <span class='ocr_line' id='line_1_40' title="bbox 196 2136 899 2187; baseline 0.004 -17"><span class='ocrx_word' id='word_1_258' title='bbox 196 2137 259 2173; x_wconf 84' lang='lat' dir='ltr'>Vs.</span> <span class='ocrx_word' id='word_1_259' title='bbox 276 2136 338 2172; x_wconf 86' lang='lat'>94.</span> <span class='ocrx_word' id='word_1_260' title='bbox 366 2137 527 2187; x_wconf 73' lang='lat' dir='ltr'>Rastris]</span> <span class='ocrx_word' id='word_1_261' title='bbox 554 2139 591 2172; x_wconf 88' lang='lat' dir='ltr'>id</span> <span class='ocrx_word' id='word_1_262' title='bbox 608 2146 679 2180; x_wconf 83' lang='lat' dir='ltr'>est,</span> <span class='ocrx_word' id='word_1_263' title='bbox 706 2139 899 2184; x_wconf 82' lang='lat' dir='ltr'>ligonibus.</span> 
     </span>
    </p>

    <p class='ocr_par' dir='ltr' id='par_1_13' title="bbox 197 2187 644 2237">
     <span class='ocr_line' id='line_1_41' title="bbox 197 2187 644 2237; baseline 0 -12"><span class='ocrx_word' id='word_1_264' title='bbox 197 2188 259 2225; x_wconf 84' lang='lat' dir='ltr'>Vs.</span> <span class='ocrx_word' id='word_1_265' title='bbox 274 2187 336 2224; x_wconf 88' lang='lat'>95.</span> <span class='ocrx_word' id='word_1_266' title='bbox 365 2188 503 2237; x_wconf 74' lang='lat' dir='ltr'>Grates]</span> <span class='ocrx_word' id='word_1_267' title='bbox 531 2189 644 2235; x_wconf 77' lang='lat' dir='ltr'>Egeri.</span> 
     </span>
    </p>

    <p class='ocr_par' dir='ltr' id='par_1_14' title="bbox 144 2240 784 2286">
     <span class='ocr_line' id='line_1_42' title="bbox 144 2240 784 2286; baseline 0.006 -13"><span class='ocrx_word' id='word_1_268' title='bbox 144 2240 206 2276; x_wconf 83' lang='lat' dir='ltr'>Vs.</span> <span class='ocrx_word' id='word_1_269' title='bbox 224 2241 286 2275; x_wconf 87' lang='lat'>97.</span> <span class='ocrx_word' id='word_1_270' title='bbox 314 2243 443 2286; x_wconf 71' lang='lat' dir='ltr'>Terqa]</span> <span class='ocrx_word' id='word_1_271' title='bbox 471 2242 506 2274; x_wconf 91' lang='lat' dir='ltr'>id</span> <span class='ocrx_word' id='word_1_272' title='bbox 523 2248 594 2283; x_wconf 85' lang='lat' dir='ltr'>est,</span> <span class='ocrx_word' id='word_1_273' title='bbox 620 2240 784 2277; x_wconf 86' lang='lat' dir='ltr'>humum.</span> 
     </span>
    </p>

    <p class='ocr_par' dir='ltr' id='par_1_15' title="bbox 95 2291 1099 2391">
     <span class='ocr_line' id='line_1_43' title="bbox 199 2291 1099 2341; baseline 0 -14"><span class='ocrx_word' id='word_1_274' title='bbox 199 2292 261 2328; x_wconf 85' lang='lat' dir='ltr'>Vs.</span> <span class='ocrx_word' id='word_1_275' title='bbox 285 2292 346 2327; x_wconf 89' lang='grc'>98.</span> <span class='ocrx_word' id='word_1_276' title='bbox 377 2295 512 2327; x_wconf 80' lang='lat' dir='ltr'>Rursus</span> <span class='ocrx_word' id='word_1_277' title='bbox 536 2295 574 2328; x_wconf 80' lang='lat' dir='ltr'>in</span> <span class='ocrx_word' id='word_1_278' title='bbox 599 2295 796 2341; x_wconf 70' lang='lat' dir='ltr'>obliquum]</span> <span class='ocrx_word' id='word_1_279' title='bbox 832 2294 869 2328; x_wconf 90' lang='lat' dir='ltr'>id</span> <span class='ocrx_word' id='word_1_280' title='bbox 896 2301 968 2335; x_wconf 90' lang='lat' dir='ltr'>est,</span> <span class='ocrx_word' id='word_1_281' title='bbox 1005 2291 1099 2327; x_wconf 88' lang='lat' dir='ltr'>nach</span> 
     </span>
     <span class='ocr_line' id='line_1_44' title="bbox 95 2345 495 2391; baseline 0 -12"><span class='ocrx_word' id='word_1_282' title='bbox 95 2345 159 2379; x_wconf 87' lang='lat' dir='ltr'>der</span> <span class='ocrx_word' id='word_1_283' title='bbox 173 2345 277 2391; x_wconf 83' lang='lat' dir='ltr'>lenge</span> <span class='ocrx_word' id='word_1_284' title='bbox 297 2345 372 2379; x_wconf 90' lang='lat' dir='ltr'>und</span> <span class='ocrx_word' id='word_1_285' title='bbox 389 2345 495 2379; x_wconf 90' lang='lat' dir='ltr'>breit.</span> 
     </span>
    </p>

    <p class='ocr_par' dir='ltr' id='par_1_16' title="bbox 97 2396 1098 2497">
     <span class='ocr_line' id='line_1_45' title="bbox 195 2396 1098 2442; baseline 0 -12"><span class='ocrx_word' id='word_1_286' title='bbox 195 2396 255 2431; x_wconf 86' lang='lat' dir='ltr'>Vs.</span> <span class='ocrx_word' id='word_1_287' title='bbox 281 2397 365 2431; x_wconf 90' lang='grc'><strong>100.</strong></span> <span class='ocrx_word' id='word_1_288' title='bbox 403 2398 554 2432; x_wconf 77' lang='lat' dir='ltr'>Humida</span> <span class='ocrx_word' id='word_1_289' title='bbox 588 2398 750 2442; x_wconf 70' lang='lat' dir='ltr'>solstitia]</span> <span class='ocrx_word' id='word_1_290' title='bbox 786 2397 964 2442; x_wconf 85' lang='lat' dir='ltr'>Quintum</span> <span class='ocrx_word' id='word_1_291' title='bbox 993 2409 1098 2442; x_wconf 87' lang='lat' dir='ltr'>prae-</span> 
     </span>
     <span class='ocr_line' id='line_1_46' title="bbox 97 2447 1098 2497; baseline 0.001 -17"><span class='ocrx_word' id='word_1_292' title='bbox 97 2454 237 2492; x_wconf 81' lang='lat' dir='ltr'>ceptum</span> <span class='ocrx_word' id='word_1_293' title='bbox 263 2450 306 2482; x_wconf 76' lang='lat' dir='ltr'>«lc</span> <span class='ocrx_word' id='word_1_294' title='bbox 324 2449 607 2494; x_wconf 67' lang='lat' dir='ltr'>tempestatibus.</span> <span class='ocrx_word' id='word_1_295' title='bbox 693 2451 844 2483; x_wconf 76' lang='lat' dir='ltr'>Humida</span> <span class='ocrx_word' id='word_1_296' title='bbox 866 2447 1031 2497; x_wconf 75' lang='lat' dir='ltr'>solstitia]</span> <span class='ocrx_word' id='word_1_297' title='bbox 1062 2449 1098 2482; x_wconf 89' lang='lat' dir='ltr'>id</span> 
     </span>
    </p>
   </div>
   <div class='ocr_carea' id='block_1_3' title="bbox 96 2534 184 2540">
    <p class='ocr_par' dir='ltr' id='par_1_17' title="bbox 96 2534 184 2540">
     <span class='ocr_line' id='line_1_47' title="bbox 96 2534 184 2540; baseline 0 0"><span class='ocrx_word' id='word_1_298' title='bbox 96 2534 184 2540; x_wconf 95' lang='lat' dir='ltr'> </span> 
     </span>
    </p>
   </div>
   <div class='ocr_carea' id='block_1_4' title="bbox 218 2537 305 2543">
    <p class='ocr_par' dir='ltr' id='par_1_18' title="bbox 218 2537 305 2543">
     <span class='ocr_line' id='line_1_48' title="bbox 218 2537 305 2543; baseline 0 0"><span class='ocrx_word' id='word_1_299' title='bbox 218 2537 305 2543; x_wconf 95' lang='lat' dir='ltr'> </span> 
     </span>
    </p>
   </div>
   <div class='ocr_carea' id='block_1_5' title="bbox 130 2582 1098 2649">
    <p class='ocr_par' dir='ltr' id='par_1_19' title="bbox 130 2582 1098 2649">
     <span class='ocr_line' id='line_1_49' title="bbox 130 2582 1098 2615; baseline 0.003 -9"><span class='ocrx_word' id='word_1_300' title='bbox 130 2582 162 2611; x_wconf 78' lang='grc'>3)</span> <span class='ocrx_word' id='word_1_301' title='bbox 185 2582 287 2614; x_wconf 75' lang='lat' dir='ltr'>pingue</span> <span class='ocrx_word' id='word_1_302' title='bbox 310 2583 416 2612; x_wconf 77' lang='lat' dir='ltr'>sotum,</span> <span class='ocrx_word' id='word_1_303' title='bbox 442 2582 467 2606; x_wconf 83' lang='lat' dir='ltr'>id</span> <span class='ocrx_word' id='word_1_304' title='bbox 493 2583 570 2613; x_wconf 77' lang='lat' dir='ltr'>est‚]</span> <span class='ocrx_word' id='word_1_305' title='bbox 596 2582 637 2606; x_wconf 83' lang='lat' dir='ltr'>sic</span> <span class='ocrx_word' id='word_1_306' title='bbox 663 2582 783 2613; x_wconf 71' lang='lat' dir='ltr'>scripsi5</span> <span class='ocrx_word' id='word_1_307' title='bbox 814 2583 862 2607; x_wconf 83' lang='lat' dir='ltr'>Ed.</span> <span class='ocrx_word' id='word_1_308' title='bbox 880 2584 956 2610; x_wconf 73' lang='lat'>1544.</span> <span class='ocrx_word' id='word_1_309' title='bbox 983 2584 1098 2615; x_wconf 79' lang='lat' dir='ltr'>pingue.</span> 
     </span>
     <span class='ocr_line' id='line_1_50' title="bbox 166 2617 410 2649; baseline -0.004 -8"><span class='ocrx_word' id='word_1_310' title='bbox 166 2618 287 2646; x_wconf 79' lang='lat' dir='ltr'>Solum]</span> <span class='ocrx_word' id='word_1_311' title='bbox 307 2617 338 2640; x_wconf 76' lang='lat' dir='ltr'>ld</span> <span class='ocrx_word' id='word_1_312' title='bbox 356 2619 410 2649; x_wconf 81' lang='lat' dir='ltr'>est,</span> 
     </span>
    </p>
   </div>
   <div class='ocr_carea' id='block_1_6' title="bbox 131 2666 905 2751">
    <p class='ocr_par' dir='ltr' id='par_1_20' title="bbox 131 2666 905 2751">
     <span class='ocr_line' id='line_1_51' title="bbox 131 2666 905 2698; baseline 0.001 -7"><span class='ocrx_word' id='word_1_313' title='bbox 131 2666 183 2695; x_wconf 66' lang='grc' dir='ltr'>δ’)</span> <span class='ocrx_word' id='word_1_314' title='bbox 201 2669 370 2698; x_wconf 75' lang='lat' dir='ltr'>exsugaturj</span> <span class='ocrx_word' id='word_1_315' title='bbox 389 2667 431 2691; x_wconf 82' lang='lat' dir='ltr'>sic</span> <span class='ocrx_word' id='word_1_316' title='bbox 450 2668 570 2698; x_wconf 81' lang='lat' dir='ltr'>scripsi:</span> <span class='ocrx_word' id='word_1_317' title='bbox 590 2669 638 2693; x_wconf 86' lang='lat' dir='ltr'>Ed.</span> <span class='ocrx_word' id='word_1_318' title='bbox 657 2669 729 2692; x_wconf 76' lang='lat'>1544.</span> <span class='ocrx_word' id='word_1_319' title='bbox 752 2670 905 2693; x_wconf 82' lang='lat' dir='ltr'>exsucatur.</span> 
     </span>
     <span class='ocr_line' id='line_1_52' title="bbox 131 2717 777 2751; baseline 0.002 -9"><span class='ocrx_word' id='word_1_320' title='bbox 131 2717 162 2748; x_wconf 77' lang='grc'>4)</span> <span class='ocrx_word' id='word_1_321' title='bbox 181 2717 251 2749; x_wconf 67' lang='lat' dir='ltr'>ubi]</span> <span class='ocrx_word' id='word_1_322' title='bbox 265 2717 307 2744; x_wconf 64' lang='lat' dir='ltr'>sic</span> <span class='ocrx_word' id='word_1_323' title='bbox 325 2719 374 2743; x_wconf 80' lang='lat' dir='ltr'>Ed.</span> <span class='ocrx_word' id='word_1_324' title='bbox 392 2719 481 2750; x_wconf 73' lang='grc'>1544.;</span> <span class='ocrx_word' id='word_1_325' title='bbox 502 2720 550 2746; x_wconf 84' lang='lat' dir='ltr'>Ed.</span> <span class='ocrx_word' id='word_1_326' title='bbox 570 2720 710 2751; x_wconf 75' lang='lat' dir='ltr'>Wagner.</span> <span class='ocrx_word' id='word_1_327' title='bbox 731 2720 777 2744; x_wconf 76' lang='lat' dir='ltr'>ibi.</span> 
     </span>
    </p>
   </div>
   <div class='ocr_carea' id='block_1_7' title="bbox 822 85 1682 127">
    <p class='ocr_par' dir='ltr' id='par_1_21' title="bbox 822 85 1682 127">
     <span class='ocr_line' id='line_1_53' title="bbox 822 85 1682 127; baseline -0.002 -1"><span class='ocrx_word' id='word_1_328' title='bbox 822 87 1112 127; x_wconf 80' lang='lat' dir='ltr'><strong>ENARRATIO</strong></span> <span class='ocrx_word' id='word_1_329' title='bbox 1149 85 1436 123; x_wconf 80' lang='lat' dir='ltr'>GEORGICON</span> <span class='ocrx_word' id='word_1_330' title='bbox 1472 86 1682 124; x_wconf 81' lang='lat' dir='ltr'>VIRGILII.</span> 
     </span>
    </p>
   </div>
   <div class='ocr_carea' id='block_1_8' title="bbox 2077 92 2152 128">
    <p class='ocr_par' dir='ltr' id='par_1_22' title="bbox 2077 92 2152 128">
     <span class='ocr_line' id='line_1_54' title="bbox 2077 92 2152 128; baseline 0.027 -2"><span class='ocrx_word' id='word_1_331' title='bbox 2077 92 2152 128; x_wconf 82' lang='lat'>366</span> 
     </span>
    </p>
   </div>
   <div class='ocr_carea' id='block_1_9' title="bbox 1146 173 2162 2083">
    <p class='ocr_par' dir='ltr' id='par_1_23' title="bbox 1146 173 2156 467">
     <span class='ocr_line' id='line_1_55' title="bbox 1148 173 2152 216; baseline 0.002 -8"><span class='ocrx_word' id='word_1_332' title='bbox 1148 182 1220 216; x_wconf 85' lang='lat' dir='ltr'>est,</span> <span class='ocrx_word' id='word_1_333' title='bbox 1248 173 1415 209; x_wconf 89' lang='lat' dir='ltr'>humidas</span> <span class='ocrx_word' id='word_1_334' title='bbox 1440 180 1611 215; x_wconf 82' lang='lat' dir='ltr'>aestates,</span> <span class='ocrx_word' id='word_1_335' title='bbox 1637 174 1772 209; x_wconf 86' lang='lat' dir='ltr'>scilicet</span> <span class='ocrx_word' id='word_1_336' title='bbox 1796 181 1878 209; x_wconf 87' lang='lat' dir='ltr'>ante</span> <span class='ocrx_word' id='word_1_337' title='bbox 1903 176 2152 211; x_wconf 86' lang='lat' dir='ltr'>florescentem</span> 
     </span>
     <span class='ocr_line' id='line_1_56' title="bbox 1147 225 2154 274; baseline 0 -12"><span class='ocrx_word' id='word_1_338' title='bbox 1147 233 1314 271; x_wconf 83' lang='lat' dir='ltr'>segetem.</span> <span class='ocrx_word' id='word_1_339' title='bbox 1381 225 1445 260; x_wconf 90' lang='lat' dir='ltr'>Est</span> <span class='ocrx_word' id='word_1_340' title='bbox 1475 226 1666 272; x_wconf 88' lang='lat' dir='ltr'>antiquum</span> <span class='ocrx_word' id='word_1_341' title='bbox 1699 226 1855 268; x_wconf 89' lang='lat' dir='ltr'>dictum,</span> <span class='ocrx_word' id='word_1_342' title='bbox 1900 229 1999 274; x_wconf 92' lang='lat' dir='ltr'>quod</span> <span class='ocrx_word' id='word_1_343' title='bbox 2030 234 2154 262; x_wconf 81' lang='lat' dir='ltr'>tamen</span> 
     </span>
     <span class='ocr_line' id='line_1_57' title="bbox 1146 278 2155 324; baseline 0.002 -12"><span class='ocrx_word' id='word_1_344' title='bbox 1146 280 1362 324; x_wconf 88' lang='lat' dir='ltr'>plerumque</span> <span class='ocrx_word' id='word_1_345' title='bbox 1386 290 1512 313; x_wconf 86' lang='lat' dir='ltr'>verum</span> <span class='ocrx_word' id='word_1_346' title='bbox 1545 285 1615 323; x_wconf 76' lang='lat' dir='ltr'>est,</span> <span class='ocrx_word' id='word_1_347' title='bbox 1659 279 1702 311; x_wconf 91' lang='lat' dir='ltr'>de</span> <span class='ocrx_word' id='word_1_348' title='bbox 1727 279 1803 313; x_wconf 92' lang='lat' dir='ltr'>solo</span> <span class='ocrx_word' id='word_1_349' title='bbox 1826 279 1952 324; x_wconf 87' lang='lat' dir='ltr'>pingui</span> <span class='ocrx_word' id='word_1_350' title='bbox 1977 286 2012 314; x_wconf 86' lang='lat' dir='ltr'>et</span> <span class='ocrx_word' id='word_1_351' title='bbox 2036 278 2155 314; x_wconf 88' lang='lat' dir='ltr'>humi-</span> 
     </span>
     <span class='ocr_line' id='line_1_58' title="bbox 1148 329 2155 367; baseline 0.002 -3"><span class='ocrx_word' id='word_1_352' title='bbox 1148 331 1243 364; x_wconf 90' lang='lat' dir='ltr'>diori</span> <span class='ocrx_word' id='word_1_353' title='bbox 1277 330 1452 364; x_wconf 74' lang='lat' dir='ltr'>siccitates</span> <span class='ocrx_word' id='word_1_354' title='bbox 1485 342 1562 364; x_wconf 91' lang='lat' dir='ltr'>non</span> <span class='ocrx_word' id='word_1_355' title='bbox 1594 329 1723 364; x_wconf 83' lang='lat' dir='ltr'>afferre</span> <span class='ocrx_word' id='word_1_356' title='bbox 1758 331 1942 365; x_wconf 86' lang='lat' dir='ltr'>caritatem</span> <span class='ocrx_word' id='word_1_357' title='bbox 1974 343 2155 367; x_wconf 85' lang='lat' dir='ltr'>annonae.</span> 
     </span>
     <span class='ocr_line' id='line_1_59' title="bbox 1147 380 2156 427; baseline 0.003 -12"><span class='ocrx_word' id='word_1_358' title='bbox 1147 382 1238 415; x_wconf 88' lang='lat' dir='ltr'>Tale</span> <span class='ocrx_word' id='word_1_359' title='bbox 1255 383 1372 416; x_wconf 89' lang='lat' dir='ltr'>solum</span> <span class='ocrx_word' id='word_1_360' title='bbox 1390 388 1442 417; x_wconf 88' lang='lat' dir='ltr'>est</span> <span class='ocrx_word' id='word_1_361' title='bbox 1456 380 1743 427; x_wconf 85' lang='lat' dir='ltr'>Thuringicum,</span> <span class='ocrx_word' id='word_1_362' title='bbox 1769 383 1825 417; x_wconf 92' lang='lat' dir='ltr'>cui</span> <span class='ocrx_word' id='word_1_363' title='bbox 1844 383 2000 417; x_wconf 80' lang='lat' dir='ltr'>maxime</span> <span class='ocrx_word' id='word_1_364' title='bbox 2021 389 2156 418; x_wconf 81' lang='lat' dir='ltr'>nocent</span> 
     </span>
     <span class='ocr_line' id='line_1_60' title="bbox 1147 431 1393 467; baseline 0 0"><span class='ocrx_word' id='word_1_365' title='bbox 1147 431 1393 467; x_wconf 85' lang='lat' dir='ltr'>humiditates.</span> 
     </span>
    </p>

    <p class='ocr_par' dir='ltr' id='par_1_24' title="bbox 1147 483 2156 582">
     <span class='ocr_line' id='line_1_61' title="bbox 1251 483 2156 534; baseline 0.002 -16"><span class='ocrx_word' id='word_1_366' title='bbox 1251 483 1312 519; x_wconf 83' lang='lat' dir='ltr'>Vs.</span> <span class='ocrx_word' id='word_1_367' title='bbox 1342 485 1426 519; x_wconf 88' lang='lat'>101.</span> <span class='ocrx_word' id='word_1_368' title='bbox 1471 485 1633 530; x_wconf 74' lang='lat' dir='ltr'>Hyberno</span> <span class='ocrx_word' id='word_1_369' title='bbox 1654 483 1807 534; x_wconf 81' lang='lat' dir='ltr'>pulvere]</span> <span class='ocrx_word' id='word_1_370' title='bbox 1850 486 1887 521; x_wconf 91' lang='lat' dir='ltr'>id</span> <span class='ocrx_word' id='word_1_371' title='bbox 1916 493 1987 528; x_wconf 90' lang='lat' dir='ltr'>est,</span> <span class='ocrx_word' id='word_1_372' title='bbox 2030 498 2156 522; x_wconf 89' lang='lat' dir='ltr'>serena</span> 
     </span>
     <span class='ocr_line' id='line_1_62' title="bbox 1147 534 1290 582; baseline -0.007 -12"><span class='ocrx_word' id='word_1_373' title='bbox 1147 534 1290 582; x_wconf 86' lang='lat' dir='ltr'>hyeme.</span> 
     </span>
    </p>

    <p class='ocr_par' dir='ltr' id='par_1_25' title="bbox 1147 586 2159 998">
     <span class='ocr_line' id='line_1_63' title="bbox 1252 586 2158 636; baseline 0.004 -16"><span class='ocrx_word' id='word_1_374' title='bbox 1252 587 1312 622; x_wconf 87' lang='lat' dir='ltr'>Vs.</span> <span class='ocrx_word' id='word_1_375' title='bbox 1339 588 1423 624; x_wconf 73' lang='lat'>102.</span> <span class='ocrx_word' id='word_1_376' title='bbox 1467 586 1620 636; x_wconf 75' lang='lat' dir='ltr'>Moesia]</span> <span class='ocrx_word' id='word_1_377' title='bbox 1659 588 1695 623; x_wconf 91' lang='lat' dir='ltr'>id</span> <span class='ocrx_word' id='word_1_378' title='bbox 1721 596 1792 630; x_wconf 85' lang='lat' dir='ltr'>est,</span> <span class='ocrx_word' id='word_1_379' title='bbox 1835 589 1975 625; x_wconf 87' lang='lat' dir='ltr'>Moesia</span> <span class='ocrx_word' id='word_1_380' title='bbox 2003 602 2079 624; x_wconf 89' lang='lat' dir='ltr'>non</span> <span class='ocrx_word' id='word_1_381' title='bbox 2106 597 2158 626; x_wconf 87' lang='lat' dir='ltr'>est</span> 
     </span>
     <span class='ocr_line' id='line_1_64' title="bbox 1147 638 2158 689; baseline 0.005 -16"><span class='ocrx_word' id='word_1_382' title='bbox 1147 638 1363 674; x_wconf 87' lang='lat' dir='ltr'>foecundior</span> <span class='ocrx_word' id='word_1_383' title='bbox 1390 650 1499 685; x_wconf 81' lang='lat' dir='ltr'>quam</span> <span class='ocrx_word' id='word_1_384' title='bbox 1524 647 1690 674; x_wconf 87' lang='lat' dir='ltr'>nostrum</span> <span class='ocrx_word' id='word_1_385' title='bbox 1716 641 1854 684; x_wconf 91' lang='lat' dir='ltr'>solum,</span> <span class='ocrx_word' id='word_1_386' title='bbox 1899 654 1979 677; x_wconf 89' lang='lat' dir='ltr'>cum</span> <span class='ocrx_word' id='word_1_387' title='bbox 2009 640 2158 689; x_wconf 84' lang='lat' dir='ltr'>hyemes</span> 
     </span>
     <span class='ocr_line' id='line_1_65' title="bbox 1148 690 2159 741; baseline 0.002 -15"><span class='ocrx_word' id='word_1_388' title='bbox 1148 698 1232 726; x_wconf 89' lang='lat' dir='ltr'>sunt</span> <span class='ocrx_word' id='word_1_389' title='bbox 1249 690 1379 726; x_wconf 90' lang='lat' dir='ltr'>sereni.</span> <span class='ocrx_word' id='word_1_390' title='bbox 1433 690 1572 726; x_wconf 84' lang='lat' dir='ltr'>Moesia</span> <span class='ocrx_word' id='word_1_391' title='bbox 1593 692 1680 725; x_wconf 91' lang='lat' dir='ltr'>olim</span> <span class='ocrx_word' id='word_1_392' title='bbox 1698 692 1835 739; x_wconf 81' lang='lat' dir='ltr'>Mysia,</span> <span class='ocrx_word' id='word_1_393' title='bbox 1864 706 1947 738; x_wconf 87' lang='lat' dir='ltr'>pars</span> <span class='ocrx_word' id='word_1_394' title='bbox 1962 692 2159 741; x_wconf 82' lang='lat' dir='ltr'>Phrygiae,</span> 
     </span>
     <span class='ocr_line' id='line_1_66' title="bbox 1148 741 2157 791; baseline 0.003 -13"><span class='ocrx_word' id='word_1_395' title='bbox 1148 744 1245 778; x_wconf 91' lang='lat' dir='ltr'>unde</span> <span class='ocrx_word' id='word_1_396' title='bbox 1264 742 1361 788; x_wconf 90' lang='lat' dir='ltr'>Mysi</span> <span class='ocrx_word' id='word_1_397' title='bbox 1379 741 1499 787; x_wconf 89' lang='lat' dir='ltr'>primo</span> <span class='ocrx_word' id='word_1_398' title='bbox 1518 743 1627 776; x_wconf 78' lang='lat' dir='ltr'>vicini</span> <span class='ocrx_word' id='word_1_399' title='bbox 1644 745 1791 779; x_wconf 83' lang='lat' dir='ltr'>fuerunt</span> <span class='ocrx_word' id='word_1_400' title='bbox 1810 743 2027 791; x_wconf 81' lang='lat' dir='ltr'>Phrygibus.</span> <span class='ocrx_word' id='word_1_401' title='bbox 2080 745 2157 780; x_wconf 88' lang='lat' dir='ltr'>Iam</span> 
     </span>
     <span class='ocr_line' id='line_1_67' title="bbox 1148 794 2158 838; baseline 0.002 -8"><span class='ocrx_word' id='word_1_402' title='bbox 1148 801 1275 830; x_wconf 87' lang='lat' dir='ltr'>tenent</span> <span class='ocrx_word' id='word_1_403' title='bbox 1302 795 1379 828; x_wconf 87' lang='lat' dir='ltr'>loca</span> <span class='ocrx_word' id='word_1_404' title='bbox 1404 794 1523 828; x_wconf 62' lang='lat' dir='ltr'>vicina</span> <span class='ocrx_word' id='word_1_405' title='bbox 1545 794 1672 837; x_wconf 89' lang='lat' dir='ltr'>Dacis,</span> <span class='ocrx_word' id='word_1_406' title='bbox 1700 796 1737 829; x_wconf 90' lang='lat' dir='ltr'>id</span> <span class='ocrx_word' id='word_1_407' title='bbox 1763 803 1833 838; x_wconf 87' lang='lat' dir='ltr'>est,</span> <span class='ocrx_word' id='word_1_408' title='bbox 1861 799 1931 832; x_wconf 88' lang='lat' dir='ltr'>den</span> <span class='ocrx_word' id='word_1_409' title='bbox 1949 797 2158 834; x_wconf 50' lang='lat' dir='ltr'>KValachen</span> 
     </span>
     <span class='ocr_line' id='line_1_68' title="bbox 1148 846 2158 891; baseline 0.002 -9"><span class='ocrx_word' id='word_1_410' title='bbox 1148 848 1223 882; x_wconf 89' lang='lat' dir='ltr'>und</span> <span class='ocrx_word' id='word_1_411' title='bbox 1249 846 1563 891; x_wconf 81' lang='lat' dir='ltr'>Siebenburgern,</span> <span class='ocrx_word' id='word_1_412' title='bbox 1608 848 1672 882; x_wconf 89' lang='lat' dir='ltr'>ubi</span> <span class='ocrx_word' id='word_1_413' title='bbox 1695 860 1793 882; x_wconf 90' lang='lat' dir='ltr'>nunc</span> <span class='ocrx_word' id='word_1_414' title='bbox 1817 849 1941 883; x_wconf 69' lang='lat' dir='ltr'>Serx-ia</span> <span class='ocrx_word' id='word_1_415' title='bbox 1969 858 2031 886; x_wconf 85' lang='lat' dir='ltr'>est.</span> <span class='ocrx_word' id='word_1_416' title='bbox 2104 850 2158 884; x_wconf 83' lang='lat' dir='ltr'>Ex</span> 
     </span>
     <span class='ocr_line' id='line_1_69' title="bbox 1149 898 2157 942; baseline 0.003 -9"><span class='ocrx_word' id='word_1_417' title='bbox 1149 899 1220 933; x_wconf 86' lang='lat' dir='ltr'>illis</span> <span class='ocrx_word' id='word_1_418' title='bbox 1244 898 1332 933; x_wconf 86' lang='lat' dir='ltr'>locis</span> <span class='ocrx_word' id='word_1_419' title='bbox 1363 899 1400 931; x_wconf 93' lang='lat' dir='ltr'>in</span> <span class='ocrx_word' id='word_1_420' title='bbox 1425 898 1661 933; x_wconf 80' lang='lat' dir='ltr'>Germaniam</span> <span class='ocrx_word' id='word_1_421' title='bbox 1688 907 1886 942; x_wconf 78' lang='lat' dir='ltr'>venerunt,</span> <span class='ocrx_word' id='word_1_422' title='bbox 1927 903 2023 936; x_wconf 88' lang='lat' dir='ltr'>unde</span> <span class='ocrx_word' id='word_1_423' title='bbox 2049 900 2157 936; x_wconf 86' lang='lat' dir='ltr'>hodie</span> 
     </span>
     <span class='ocr_line' id='line_1_70' title="bbox 1150 951 1972 998; baseline 0.002 -13"><span class='ocrx_word' id='word_1_424' title='bbox 1150 963 1297 998; x_wconf 90' lang='lat' dir='ltr'>quoque</span> <span class='ocrx_word' id='word_1_425' title='bbox 1316 962 1400 995; x_wconf 87' lang='lat' dir='ltr'>pars</span> <span class='ocrx_word' id='word_1_426' title='bbox 1426 952 1603 997; x_wconf 83' lang='lat' dir='ltr'>quaedam</span> <span class='ocrx_word' id='word_1_427' title='bbox 1622 951 1790 998; x_wconf 79' lang='lat' dir='ltr'>Meyssen</span> <span class='ocrx_word' id='word_1_428' title='bbox 1809 959 1972 988; x_wconf 75' lang='lat' dir='ltr'>vocatur.</span> 
     </span>
    </p>

    <p class='ocr_par' dir='ltr' id='par_1_26' title="bbox 1254 1001 2062 1051">
     <span class='ocr_line' id='line_1_71' title="bbox 1254 1001 2062 1051; baseline 0.007 -17"><span class='ocrx_word' id='word_1_429' title='bbox 1254 1002 1315 1036; x_wconf 69' lang='lat' dir='ltr'>Vs.</span> <span class='ocrx_word' id='word_1_430' title='bbox 1337 1002 1421 1036; x_wconf 83' lang='lat'>103.</span> <span class='ocrx_word' id='word_1_431' title='bbox 1449 1001 1630 1050; x_wconf 70' lang='lat' dir='ltr'>Gcnyara]</span> <span class='ocrx_word' id='word_1_432' title='bbox 1662 1003 1848 1049; x_wconf 80' lang='lat' dir='ltr'>Oppidum</span> <span class='ocrx_word' id='word_1_433' title='bbox 1867 1003 2062 1051; x_wconf 82' lang='lat' dir='ltr'>Phrygiae.</span> 
     </span>
    </p>

    <p class='ocr_par' dir='ltr' id='par_1_27' title="bbox 1150 1053 2158 1150">
     <span class='ocr_line' id='line_1_72' title="bbox 1254 1053 2158 1103; baseline 0.006 -17"><span class='ocrx_word' id='word_1_434' title='bbox 1254 1053 1314 1088; x_wconf 67' lang='lat' dir='ltr'>Vs.</span> <span class='ocrx_word' id='word_1_435' title='bbox 1328 1053 1413 1087; x_wconf 83' lang='lat'>104.</span> <span class='ocrx_word' id='word_1_436' title='bbox 1441 1056 1530 1096; x_wconf 70' lang='lat' dir='ltr'>Quid</span> <span class='ocrx_word' id='word_1_437' title='bbox 1544 1054 1678 1103; x_wconf 69' lang='lat' dir='ltr'>dicam]</span> <span class='ocrx_word' id='word_1_438' title='bbox 1698 1055 1843 1090; x_wconf 80' lang='lat' dir='ltr'>Sextum</span> <span class='ocrx_word' id='word_1_439' title='bbox 1863 1063 2095 1102; x_wconf 85' lang='lat' dir='ltr'>praeceptum</span> <span class='ocrx_word' id='word_1_440' title='bbox 2115 1058 2158 1090; x_wconf 86' lang='lat' dir='ltr'>de</span> 
     </span>
     <span class='ocr_line' id='line_1_73' title="bbox 1150 1105 1589 1150; baseline 0.005 -11"><span class='ocrx_word' id='word_1_441' title='bbox 1150 1105 1390 1150; x_wconf 80' lang='lat' dir='ltr'>rigationibus</span> <span class='ocrx_word' id='word_1_442' title='bbox 1405 1117 1589 1150; x_wconf 80' lang='lat' dir='ltr'>agrorum.</span> 
     </span>
    </p>

    <p class='ocr_par' dir='ltr' id='par_1_28' title="bbox 1153 1154 2159 1243">
     <span class='ocr_line' id='line_1_74' title="bbox 1253 1154 2159 1208; baseline 0.007 -19"><span class='ocrx_word' id='word_1_443' title='bbox 1253 1156 1314 1191; x_wconf 67' lang='lat' dir='ltr'>Vs.</span> <span class='ocrx_word' id='word_1_444' title='bbox 1334 1154 1418 1191; x_wconf 87' lang='lat'>105.</span> <span class='ocrx_word' id='word_1_445' title='bbox 1443 1159 1540 1192; x_wconf 79' lang='lat' dir='ltr'>Male</span> <span class='ocrx_word' id='word_1_446' title='bbox 1557 1158 1714 1208; x_wconf 68' lang='lat' dir='ltr'>pinquis]</span> <span class='ocrx_word' id='word_1_447' title='bbox 1743 1160 1779 1193; x_wconf 81' lang='lat' dir='ltr'>id</span> <span class='ocrx_word' id='word_1_448' title='bbox 1797 1167 1848 1194; x_wconf 88' lang='lat' dir='ltr'>est</span> <span class='ocrx_word' id='word_1_449' title='bbox 1867 1160 1949 1195; x_wconf 82' lang='lat' dir='ltr'>sicci</span> <span class='ocrx_word' id='word_1_450' title='bbox 1983 1162 2059 1206; x_wconf 81' lang='lat' dir='ltr'>agri</span> <span class='ocrx_word' id='word_1_451' title='bbox 2085 1174 2159 1195; x_wconf 85' lang='lat' dir='ltr'>non</span> 
     </span>
     <span class='ocr_line' id='line_1_75' title="bbox 1153 1208 1393 1243; baseline 0 -1"><span class='ocrx_word' id='word_1_452' title='bbox 1153 1209 1297 1242; x_wconf 87' lang='lat' dir='ltr'>arenosi</span> <span class='ocrx_word' id='word_1_453' title='bbox 1314 1208 1393 1243; x_wconf 87' lang='lat' dir='ltr'>soli.</span> 
     </span>
    </p>

    <p class='ocr_par' dir='ltr' id='par_1_29' title="bbox 1153 1260 2162 1560">
     <span class='ocr_line' id='line_1_76' title="bbox 1255 1260 2160 1311; baseline 0.006 -18"><span class='ocrx_word' id='word_1_454' title='bbox 1255 1260 1316 1294; x_wconf 60' lang='lat' dir='ltr'>Vs.</span> <span class='ocrx_word' id='word_1_455' title='bbox 1343 1260 1427 1294; x_wconf 88' lang='lat'>108.</span> <span class='ocrx_word' id='word_1_456' title='bbox 1454 1262 1664 1307; x_wconf 76' lang='lat' dir='ltr'>Superce&#39;le’o]</span> <span class='ocrx_word' id='word_1_457' title='bbox 1693 1261 1727 1295; x_wconf 88' lang='lat' dir='ltr'>id</span> <span class='ocrx_word' id='word_1_458' title='bbox 1755 1270 1827 1304; x_wconf 85' lang='lat' dir='ltr'>est,</span> <span class='ocrx_word' id='word_1_459' title='bbox 1856 1277 1897 1298; x_wconf 87' lang='lat' dir='ltr'>ex</span> <span class='ocrx_word' id='word_1_460' title='bbox 1924 1265 2013 1298; x_wconf 90' lang='lat' dir='ltr'>colle</span> <span class='ocrx_word' id='word_1_461' title='bbox 2037 1265 2160 1311; x_wconf 88' lang='lat' dir='ltr'>aliquo</span> 
     </span>
     <span class='ocr_line' id='line_1_77' title="bbox 1153 1312 2159 1362; baseline 0.006 -18"><span class='ocrx_word' id='word_1_462' title='bbox 1153 1319 1187 1345; x_wconf 88' lang='lat' dir='ltr'>et</span> <span class='ocrx_word' id='word_1_463' title='bbox 1223 1312 1302 1345; x_wconf 93' lang='lat' dir='ltr'>loco</span> <span class='ocrx_word' id='word_1_464' title='bbox 1339 1312 1502 1346; x_wconf 81' lang='lat' dir='ltr'>editiore.</span> <span class='ocrx_word' id='word_1_465' title='bbox 1572 1313 1638 1347; x_wconf 87' lang='lat' dir='ltr'>Hic</span> <span class='ocrx_word' id='word_1_466' title='bbox 1675 1326 1753 1348; x_wconf 90' lang='lat' dir='ltr'>mos</span> <span class='ocrx_word' id='word_1_467' title='bbox 1788 1316 1931 1359; x_wconf 84' lang='lat' dir='ltr'>rigandi</span> <span class='ocrx_word' id='word_1_468' title='bbox 1968 1317 2159 1362; x_wconf 85' lang='lat' dir='ltr'>praecipue</span> 
     </span>
     <span class='ocr_line' id='line_1_78' title="bbox 1154 1363 2160 1409; baseline 0.005 -13"><span class='ocrx_word' id='word_1_469' title='bbox 1154 1364 1250 1409; x_wconf 89' lang='lat' dir='ltr'>apud</span> <span class='ocrx_word' id='word_1_470' title='bbox 1277 1375 1342 1397; x_wconf 90' lang='lat' dir='ltr'>nos</span> <span class='ocrx_word' id='word_1_471' title='bbox 1372 1363 1409 1396; x_wconf 91' lang='lat' dir='ltr'>in</span> <span class='ocrx_word' id='word_1_472' title='bbox 1434 1364 1545 1408; x_wconf 79' lang='lat' dir='ltr'>pratis</span> <span class='ocrx_word' id='word_1_473' title='bbox 1575 1372 1752 1400; x_wconf 80' lang='lat' dir='ltr'>servatur.</span> <span class='ocrx_word' id='word_1_474' title='bbox 1814 1367 1906 1401; x_wconf 83' lang='lat' dir='ltr'>Sunt</span> <span class='ocrx_word' id='word_1_475' title='bbox 1929 1375 2051 1403; x_wconf 87' lang='lat' dir='ltr'>autem</span> <span class='ocrx_word' id='word_1_476' title='bbox 2077 1369 2160 1402; x_wconf 77' lang='lat' dir='ltr'>facti</span> 
     </span>
     <span class='ocr_line' id='line_1_79' title="bbox 1154 1415 2162 1464; baseline 0.006 -16"><span class='ocrx_word' id='word_1_477' title='bbox 1154 1415 1305 1455; x_wconf 77' lang='lat' dir='ltr'>alveoli,</span> <span class='ocrx_word' id='word_1_478' title='bbox 1330 1421 1370 1448; x_wconf 91' lang='lat' dir='ltr'>ut</span> <span class='ocrx_word' id='word_1_479' title='bbox 1387 1415 1465 1460; x_wconf 86' lang='lat' dir='ltr'>agri</span> <span class='ocrx_word' id='word_1_480' title='bbox 1485 1416 1538 1449; x_wconf 74' lang='lat' dir='ltr'>vel</span> <span class='ocrx_word' id='word_1_481' title='bbox 1558 1424 1659 1461; x_wconf 76' lang='lat' dir='ltr'>prata</span> <span class='ocrx_word' id='word_1_482' title='bbox 1678 1417 1818 1462; x_wconf 88' lang='lat' dir='ltr'>possint</span> <span class='ocrx_word' id='word_1_483' title='bbox 1839 1419 1970 1464; x_wconf 78' lang='lat' dir='ltr'>rigari,</span> <span class='ocrx_word' id='word_1_484' title='bbox 2000 1434 2078 1455; x_wconf 91' lang='lat' dir='ltr'>cum</span> <span class='ocrx_word' id='word_1_485' title='bbox 2097 1420 2162 1455; x_wconf 88' lang='lat' dir='ltr'>sic-</span> 
     </span>
     <span class='ocr_line' id='line_1_80' title="bbox 1155 1466 1953 1512; baseline 0.008 -12"><span class='ocrx_word' id='word_1_486' title='bbox 1155 1479 1216 1500; x_wconf 89' lang='lat' dir='ltr'>cae</span> <span class='ocrx_word' id='word_1_487' title='bbox 1248 1466 1388 1499; x_wconf 85' lang='lat' dir='ltr'>fuerint</span> <span class='ocrx_word' id='word_1_488' title='bbox 1422 1473 1650 1512; x_wconf 85' lang='lat' dir='ltr'>tempestates</span> <span class='ocrx_word' id='word_1_489' title='bbox 1670 1496 1678 1509; x_wconf 90' lang='lat'>‚</span> <span class='ocrx_word' id='word_1_490' title='bbox 1724 1476 1758 1503; x_wconf 79' lang='lat' dir='ltr'>ct</span> <span class='ocrx_word' id='word_1_491' title='bbox 1800 1483 1924 1506; x_wconf 80' lang='lat' dir='ltr'>rursus</span> <span class='ocrx_word' id='word_1_492' title='bbox 1944 1498 1953 1512; x_wconf 90' lang='lat'>,</span> 
     </span>
     <span class='ocr_line' id='line_1_81' title="bbox 1154 1517 1641 1560; baseline 0.004 -7"><span class='ocrx_word' id='word_1_493' title='bbox 1154 1517 1325 1553; x_wconf 83' lang='lat' dir='ltr'>humidae</span> <span class='ocrx_word' id='word_1_494' title='bbox 1344 1518 1497 1560; x_wconf 79' lang='lat' dir='ltr'>fuerint,</span> <span class='ocrx_word' id='word_1_495' title='bbox 1527 1521 1641 1555; x_wconf 86' lang='lat' dir='ltr'>educi.</span> 
     </span>
    </p>

    <p class='ocr_par' dir='ltr' id='par_1_30' title="bbox 1155 1569 2162 1767">
     <span class='ocr_line' id='line_1_82' title="bbox 1257 1569 2162 1621; baseline 0.009 -20"><span class='ocrx_word' id='word_1_496' title='bbox 1257 1569 1317 1604; x_wconf 69' lang='lat' dir='ltr'>Vs.</span> <span class='ocrx_word' id='word_1_497' title='bbox 1332 1570 1373 1603; x_wconf 90' lang='lat'>11</span> <span class='ocrx_word' id='word_1_498' title='bbox 1384 1571 1415 1604; x_wconf 89' lang='lat'>1.</span> <span class='ocrx_word' id='word_1_499' title='bbox 1440 1573 1492 1604; x_wconf 78' lang='lat' dir='ltr'>Ne</span> <span class='ocrx_word' id='word_1_500' title='bbox 1505 1570 1681 1620; x_wconf 74' lang='lat' dir='ltr'>yrcevc&#39;de&#39;s]</span> <span class='ocrx_word' id='word_1_501' title='bbox 1699 1572 1900 1618; x_wconf 85' lang='lat' dir='ltr'>Septimum</span> <span class='ocrx_word' id='word_1_502' title='bbox 1914 1582 2162 1621; x_wconf 81' lang='lat' dir='ltr'>praeceptum,</span> 
     </span>
     <span class='ocr_line' id='line_1_83' title="bbox 1155 1622 2161 1674; baseline 0.006 -19"><span class='ocrx_word' id='word_1_503' title='bbox 1155 1622 1353 1655; x_wconf 71' lang='lat' dir='ltr'>cavendum</span> <span class='ocrx_word' id='word_1_504' title='bbox 1373 1633 1459 1662; x_wconf 90' lang='lat' dir='ltr'>esse,</span> <span class='ocrx_word' id='word_1_505' title='bbox 1485 1635 1530 1656; x_wconf 90' lang='lat' dir='ltr'>ne</span> <span class='ocrx_word' id='word_1_506' title='bbox 1549 1624 1658 1658; x_wconf 89' lang='lat' dir='ltr'>culmi</span> <span class='ocrx_word' id='word_1_507' title='bbox 1675 1625 1829 1659; x_wconf 90' lang='lat' dir='ltr'>nimium</span> <span class='ocrx_word' id='word_1_508' title='bbox 1846 1627 2042 1669; x_wconf 84' lang='lat' dir='ltr'>luxurient,</span> <span class='ocrx_word' id='word_1_509' title='bbox 2064 1628 2161 1674; x_wconf 88' lang='lat' dir='ltr'>quia,</span> 
     </span>
     <span class='ocr_line' id='line_1_84' title="bbox 1156 1673 2161 1720; baseline 0.007 -14"><span class='ocrx_word' id='word_1_510' title='bbox 1156 1674 1302 1719; x_wconf 87' lang='lat' dir='ltr'>quando</span> <span class='ocrx_word' id='word_1_511' title='bbox 1329 1679 1411 1707; x_wconf 91' lang='lat' dir='ltr'>sunt</span> <span class='ocrx_word' id='word_1_512' title='bbox 1430 1673 1538 1709; x_wconf 91' lang='lat' dir='ltr'>nimis</span> <span class='ocrx_word' id='word_1_513' title='bbox 1558 1676 1680 1720; x_wconf 85' lang='lat' dir='ltr'>magni</span> <span class='ocrx_word' id='word_1_514' title='bbox 1698 1678 1825 1718; x_wconf 88' lang='lat' dir='ltr'>culmi,</span> <span class='ocrx_word' id='word_1_515' title='bbox 1854 1685 1939 1712; x_wconf 88' lang='lat' dir='ltr'>tunc</span> <span class='ocrx_word' id='word_1_516' title='bbox 1956 1686 2069 1713; x_wconf 81' lang='lat' dir='ltr'>totam</span> <span class='ocrx_word' id='word_1_517' title='bbox 2089 1680 2161 1713; x_wconf 88' lang='lat' dir='ltr'>vim</span> 
     </span>
     <span class='ocr_line' id='line_1_85' title="bbox 1155 1728 2058 1767; baseline 0.01 -10"><span class='ocrx_word' id='word_1_518' title='bbox 1155 1731 1272 1758; x_wconf 90' lang='lat' dir='ltr'>terrae</span> <span class='ocrx_word' id='word_1_519' title='bbox 1291 1733 1528 1767; x_wconf 86' lang='lat' dir='ltr'>consumunt,</span> <span class='ocrx_word' id='word_1_520' title='bbox 1557 1734 1590 1760; x_wconf 81' lang='lat' dir='ltr'>et</span> <span class='ocrx_word' id='word_1_521' title='bbox 1609 1728 1739 1762; x_wconf 86' lang='lat' dir='ltr'>aristae</span> <span class='ocrx_word' id='word_1_522' title='bbox 1756 1730 1847 1763; x_wconf 89' lang='lat' dir='ltr'>fiunt</span> <span class='ocrx_word' id='word_1_523' title='bbox 1864 1731 2058 1766; x_wconf 84' lang='lat' dir='ltr'>tenuiores.</span> 
     </span>
    </p>

    <p class='ocr_par' dir='ltr' id='par_1_31' title="bbox 1155 1775 2161 1923">
     <span class='ocr_line' id='line_1_86' title="bbox 1257 1775 2161 1829; baseline 0.009 -21"><span class='ocrx_word' id='word_1_524' title='bbox 1257 1775 1318 1810; x_wconf 68' lang='lat' dir='ltr'>Vs.</span> <span class='ocrx_word' id='word_1_525' title='bbox 1341 1775 1424 1810; x_wconf 84' lang='lat'>114.</span> <span class='ocrx_word' id='word_1_526' title='bbox 1455 1779 1633 1814; x_wconf 78' lang='lat' dir='ltr'>collectum</span> <span class='ocrx_word' id='word_1_527' title='bbox 1651 1780 1844 1829; x_wconf 76' lang='lat' dir='ltr'>humorem]</span> <span class='ocrx_word' id='word_1_528' title='bbox 1865 1782 1901 1815; x_wconf 88' lang='lat' dir='ltr'>id</span> <span class='ocrx_word' id='word_1_529' title='bbox 1921 1790 1991 1823; x_wconf 80' lang='lat' dir='ltr'>est,</span> <span class='ocrx_word' id='word_1_530' title='bbox 2019 1783 2161 1816; x_wconf 87' lang='lat' dir='ltr'>deducit</span> 
     </span>
     <span class='ocr_line' id='line_1_87' title="bbox 1155 1825 2161 1877; baseline 0.008 -17"><span class='ocrx_word' id='word_1_531' title='bbox 1155 1827 1257 1861; x_wconf 87' lang='lat' dir='ltr'>alveo</span> <span class='ocrx_word' id='word_1_532' title='bbox 1274 1825 1465 1861; x_wconf 86' lang='lat' dir='ltr'>humorem</span> <span class='ocrx_word' id='word_1_533' title='bbox 1479 1857 1488 1869; x_wconf 84' lang='lat'>,</span> <span class='ocrx_word' id='word_1_534' title='bbox 1517 1832 1578 1876; x_wconf 88' lang='lat' dir='ltr'>qui</span> <span class='ocrx_word' id='word_1_535' title='bbox 1598 1831 1736 1866; x_wconf 80' lang='lat' dir='ltr'>influxit</span> <span class='ocrx_word' id='word_1_536' title='bbox 1754 1832 1791 1865; x_wconf 90' lang='lat' dir='ltr'>in</span> <span class='ocrx_word' id='word_1_537' title='bbox 1809 1846 1933 1877; x_wconf 80' lang='lat' dir='ltr'>agrum</span> <span class='ocrx_word' id='word_1_538' title='bbox 1946 1861 1956 1874; x_wconf 97' lang='lat'>,</span> <span class='ocrx_word' id='word_1_539' title='bbox 1984 1847 2028 1867; x_wconf 90' lang='lat' dir='ltr'>ne</span> <span class='ocrx_word' id='word_1_540' title='bbox 2045 1840 2161 1869; x_wconf 84' lang='lat' dir='ltr'>stran-</span> 
     </span>
     <span class='ocr_line' id='line_1_88' title="bbox 1155 1879 1414 1923; baseline 0.008 -11"><span class='ocrx_word' id='word_1_541' title='bbox 1155 1879 1250 1923; x_wconf 82' lang='lat' dir='ltr'>gulet</span> <span class='ocrx_word' id='word_1_542' title='bbox 1269 1886 1414 1923; x_wconf 78' lang='lat' dir='ltr'>segetes.</span> 
     </span>
    </p>

    <p class='ocr_par' dir='ltr' id='par_1_32' title="bbox 1156 1931 2160 2083">
     <span class='ocr_line' id='line_1_89' title="bbox 1257 1931 2158 1982; baseline 0.008 -18"><span class='ocrx_word' id='word_1_543' title='bbox 1257 1931 1316 1964; x_wconf 67' lang='lat' dir='ltr'>Vs.</span> <span class='ocrx_word' id='word_1_544' title='bbox 1340 1931 1422 1966; x_wconf 86' lang='lat'>118.</span> <span class='ocrx_word' id='word_1_545' title='bbox 1457 1935 1530 1966; x_wconf 74' lang='lat' dir='ltr'>Nec</span> <span class='ocrx_word' id='word_1_546' title='bbox 1559 1932 1691 1982; x_wconf 71' lang='lat' dir='ltr'>tamen]</span> <span class='ocrx_word' id='word_1_547' title='bbox 1719 1936 1898 1969; x_wconf 84' lang='lat' dir='ltr'>Octavum</span> <span class='ocrx_word' id='word_1_548' title='bbox 1925 1944 2158 1982; x_wconf 84' lang='lat' dir='ltr'>praeceptum</span> 
     </span>
     <span class='ocr_line' id='line_1_90' title="bbox 1156 1981 2159 2028; baseline 0.01 -15"><span class='ocrx_word' id='word_1_549' title='bbox 1156 1981 1198 2014; x_wconf 90' lang='lat' dir='ltr'>de</span> <span class='ocrx_word' id='word_1_550' title='bbox 1222 1981 1464 2017; x_wconf 85' lang='lat' dir='ltr'>incommodis</span> <span class='ocrx_word' id='word_1_551' title='bbox 1489 1997 1659 2028; x_wconf 80' lang='lat' dir='ltr'>agrorum</span> <span class='ocrx_word' id='word_1_552' title='bbox 1674 2013 1682 2027; x_wconf 92' lang='lat'>‚</span> <span class='ocrx_word' id='word_1_553' title='bbox 1710 1986 1801 2021; x_wconf 91' lang='lat' dir='ltr'>sicut</span> <span class='ocrx_word' id='word_1_554' title='bbox 1827 1987 1954 2023; x_wconf 84' lang='lat' dir='ltr'>videtis</span> <span class='ocrx_word' id='word_1_555' title='bbox 1975 1986 2043 2022; x_wconf 87' lang='lat' dir='ltr'>hoc</span> <span class='ocrx_word' id='word_1_556' title='bbox 2063 2001 2159 2023; x_wconf 86' lang='lat' dir='ltr'>anno</span> 
     </span>
     <span class='ocr_line' id='line_1_91' title="bbox 1156 2035 2160 2083; baseline 0.009 -18"><span class='ocrx_word' id='word_1_557' title='bbox 1156 2045 1260 2077; x_wconf 83' lang='lat' dir='ltr'>agros</span> <span class='ocrx_word' id='word_1_558' title='bbox 1291 2035 1394 2080; x_wconf 85' lang='lat' dir='ltr'>quasi</span> <span class='ocrx_word' id='word_1_559' title='bbox 1424 2035 1598 2070; x_wconf 77' lang='lat' dir='ltr'>industria</span> <span class='ocrx_word' id='word_1_560' title='bbox 1631 2038 1809 2083; x_wconf 84' lang='lat' dir='ltr'>perfossos</span> <span class='ocrx_word' id='word_1_561' title='bbox 1840 2052 1914 2074; x_wconf 88' lang='lat' dir='ltr'>esse</span> <span class='ocrx_word' id='word_1_562' title='bbox 1940 2052 1958 2073; x_wconf 83' lang='lat' dir='ltr'>a</span> <span class='ocrx_word' id='word_1_563' title='bbox 1985 2041 2160 2075; x_wconf 86' lang='lat' dir='ltr'>muribus.</span> 
     </span>
    </p>
   </div>
   <div class='ocr_carea' id='block_1_10' title="bbox 1155 2084 2159 2172">
    <p class='ocr_par' dir='ltr' id='par_1_33' title="bbox 1155 2084 2159 2172">
     <span class='ocr_line' id='line_1_92' title="bbox 1155 2084 2159 2138; baseline 0.01 -21"><span class='ocrx_word' id='word_1_564' title='bbox 1155 2084 1289 2131; x_wconf 88' lang='lat' dir='ltr'>Estque</span> <span class='ocrx_word' id='word_1_565' title='bbox 1316 2086 1414 2120; x_wconf 90' lang='lat' dir='ltr'>locus</span> <span class='ocrx_word' id='word_1_566' title='bbox 1439 2088 1641 2123; x_wconf 85' lang='lat' dir='ltr'>communis</span> <span class='ocrx_word' id='word_1_567' title='bbox 1666 2090 1709 2123; x_wconf 91' lang='lat' dir='ltr'>de</span> <span class='ocrx_word' id='word_1_568' title='bbox 1733 2091 1940 2126; x_wconf 86' lang='lat' dir='ltr'>difficultate</span> <span class='ocrx_word' id='word_1_569' title='bbox 1967 2093 2159 2138; x_wconf 81' lang='lat' dir='ltr'>agricultu-</span> 
     </span>
     <span class='ocr_line' id='line_1_93' title="bbox 1157 2138 1465 2172; baseline 0.006 -3"><span class='ocrx_word' id='word_1_570' title='bbox 1157 2149 1216 2169; x_wconf 87' lang='lat' dir='ltr'>rae</span> <span class='ocrx_word' id='word_1_571' title='bbox 1238 2143 1272 2170; x_wconf 87' lang='lat' dir='ltr'>et</span> <span class='ocrx_word' id='word_1_572' title='bbox 1293 2138 1465 2172; x_wconf 88' lang='lat' dir='ltr'>cultuum.</span> 
     </span>
    </p>
   </div>
   <div class='ocr_carea' id='block_1_11' title="bbox 2001 1472 2162 1507">
    <p class='ocr_par' dir='ltr' id='par_1_34' title="bbox 2001 1472 2162 1507">
     <span class='ocr_line' id='line_1_94' title="bbox 2001 1472 2162 1507; baseline -0.012 0"><span class='ocrx_word' id='word_1_573' title='bbox 2001 1473 2028 1507; x_wconf 88' lang='lat' dir='ltr'>si</span> <span class='ocrx_word' id='word_1_574' title='bbox 2054 1472 2162 1506; x_wconf 88' lang='lat' dir='ltr'>nimis</span> 
     </span>
    </p>
   </div>
   <div class='ocr_carea' id='block_1_12' title="bbox 1152 2188 2159 2751">
    <p class='ocr_par' dir='ltr' id='par_1_35' title="bbox 1152 2188 2159 2639">
     <span class='ocr_line' id='line_1_95' title="bbox 1258 2188 2159 2239; baseline 0.011 -20"><span class='ocrx_word' id='word_1_575' title='bbox 1258 2188 1318 2223; x_wconf 68' lang='lat' dir='ltr'>Vs.</span> <span class='ocrx_word' id='word_1_576' title='bbox 1339 2190 1422 2225; x_wconf 73' lang='lat'>120.</span> <span class='ocrx_word' id='word_1_577' title='bbox 1451 2189 1608 2239; x_wconf 67' lang='lat' dir='ltr'>Intyba]</span> <span class='ocrx_word' id='word_1_578' title='bbox 1630 2191 1818 2238; x_wconf 88' lang='lat' dir='ltr'>Intybum,</span> <span class='ocrx_word' id='word_1_579' title='bbox 1845 2193 2071 2236; x_wconf 72' lang='lat' dir='ltr'>cic-horeum,</span> <span class='ocrx_word' id='word_1_580' title='bbox 2099 2208 2159 2229; x_wconf 86' lang='lat' dir='ltr'>en·</span> 
     </span>
     <span class='ocr_line' id='line_1_96' title="bbox 1155 2239 2157 2292; baseline 0.009 -21"><span class='ocrx_word' id='word_1_581' title='bbox 1155 2239 1249 2272; x_wconf 79' lang='lat' dir='ltr'>divia</span> <span class='ocrx_word' id='word_1_582' title='bbox 1284 2243 1435 2275; x_wconf 85' lang='lat' dir='ltr'>eandem</span> <span class='ocrx_word' id='word_1_583' title='bbox 1462 2240 1612 2276; x_wconf 78' lang='lat' dir='ltr'>herbam</span> <span class='ocrx_word' id='word_1_584' title='bbox 1646 2244 1869 2289; x_wconf 83' lang='lat' dir='ltr'>significant,</span> <span class='ocrx_word' id='word_1_585' title='bbox 1902 2247 2002 2282; x_wconf 89' lang='lat' dir='ltr'>cuius</span> <span class='ocrx_word' id='word_1_586' title='bbox 2027 2259 2157 2292; x_wconf 80' lang='lat' dir='ltr'>inagna</span> 
     </span>
     <span class='ocr_line' id='line_1_97' title="bbox 1155 2292 2159 2333; baseline 0.01 -10"><span class='ocrx_word' id='word_1_587' title='bbox 1155 2292 1350 2326; x_wconf 85' lang='lat' dir='ltr'>admodum</span> <span class='ocrx_word' id='word_1_588' title='bbox 1376 2294 1428 2327; x_wconf 79' lang='lat' dir='ltr'>vis</span> <span class='ocrx_word' id='word_1_589' title='bbox 1450 2300 1501 2328; x_wconf 90' lang='lat' dir='ltr'>est</span> <span class='ocrx_word' id='word_1_590' title='bbox 1520 2294 1557 2327; x_wconf 89' lang='lat' dir='ltr'>in</span> <span class='ocrx_word' id='word_1_591' title='bbox 1574 2295 1922 2332; x_wconf 85' lang='lat' dir='ltr'>inflammationibus</span> <span class='ocrx_word' id='word_1_592' title='bbox 1939 2305 1973 2332; x_wconf 88' lang='lat' dir='ltr'>et</span> <span class='ocrx_word' id='word_1_593' title='bbox 1987 2299 2159 2333; x_wconf 80' lang='lat' dir='ltr'>febribus.</span> 
     </span>
     <span class='ocr_line' id='line_1_98' title="bbox 1154 2342 2158 2394; baseline 0.007 -18"><span class='ocrx_word' id='word_1_594' title='bbox 1154 2342 1224 2376; x_wconf 88' lang='lat' dir='ltr'>Sed</span> <span class='ocrx_word' id='word_1_595' title='bbox 1257 2344 1353 2378; x_wconf 88' lang='lat' dir='ltr'>aliud</span> <span class='ocrx_word' id='word_1_596' title='bbox 1387 2345 1560 2391; x_wconf 85' lang='lat' dir='ltr'>quiddam</span> <span class='ocrx_word' id='word_1_597' title='bbox 1594 2353 1646 2381; x_wconf 90' lang='lat' dir='ltr'>est</span> <span class='ocrx_word' id='word_1_598' title='bbox 1677 2345 1936 2394; x_wconf 83' lang='lat' dir='ltr'>heliotropium</span> <span class='ocrx_word' id='word_1_599' title='bbox 1964 2362 2026 2384; x_wconf 89' lang='lat' dir='ltr'>seu</span> <span class='ocrx_word' id='word_1_600' title='bbox 2051 2350 2158 2384; x_wconf 81' lang='lat' dir='ltr'>solse-</span> 
     </span>
     <span class='ocr_line' id='line_1_99' title="bbox 1155 2394 2157 2442; baseline 0.007 -14"><span class='ocrx_word' id='word_1_601' title='bbox 1155 2394 1300 2440; x_wconf 89' lang='lat' dir='ltr'>quium‚</span> <span class='ocrx_word' id='word_1_602' title='bbox 1338 2397 1434 2442; x_wconf 88' lang='lat' dir='ltr'>quod</span> <span class='ocrx_word' id='word_1_603' title='bbox 1460 2409 1496 2430; x_wconf 90' lang='lat' dir='ltr'>se</span> <span class='ocrx_word' id='word_1_604' title='bbox 1525 2409 1604 2431; x_wconf 91' lang='lat' dir='ltr'>cum</span> <span class='ocrx_word' id='word_1_605' title='bbox 1631 2399 1704 2433; x_wconf 91' lang='lat' dir='ltr'>sole</span> <span class='ocrx_word' id='word_1_606' title='bbox 1731 2400 1995 2441; x_wconf 79' lang='lat' dir='ltr'>circumvertit,</span> <span class='ocrx_word' id='word_1_607' title='bbox 2024 2408 2057 2434; x_wconf 92' lang='lat' dir='ltr'>et</span> <span class='ocrx_word' id='word_1_608' title='bbox 2081 2413 2157 2435; x_wconf 79' lang='lat' dir='ltr'>cae-</span> 
     </span>
     <span class='ocr_line' id='line_1_100' title="bbox 1154 2447 2157 2497; baseline 0.007 -18"><span class='ocrx_word' id='word_1_609' title='bbox 1154 2447 1293 2480; x_wconf 90' lang='lat' dir='ltr'>ruleum</span> <span class='ocrx_word' id='word_1_610' title='bbox 1318 2447 1445 2481; x_wconf 86' lang='lat' dir='ltr'>florem</span> <span class='ocrx_word' id='word_1_611' title='bbox 1467 2447 1587 2483; x_wconf 87' lang='lat' dir='ltr'>habet.</span> <span class='ocrx_word' id='word_1_612' title='bbox 1640 2449 1731 2485; x_wconf 84' lang='lat' dir='ltr'>Illud</span> <span class='ocrx_word' id='word_1_613' title='bbox 1750 2449 2008 2497; x_wconf 81' lang='lat' dir='ltr'>heliotropium</span> <span class='ocrx_word' id='word_1_614' title='bbox 2027 2452 2157 2486; x_wconf 88' lang='lat' dir='ltr'>medici</span> 
     </span>
     <span class='ocr_line' id='line_1_101' title="bbox 1154 2495 2156 2549; baseline 0.007 -19"><span class='ocrx_word' id='word_1_615' title='bbox 1154 2495 1262 2531; x_wconf 89' lang='lat' dir='ltr'>hodie</span> <span class='ocrx_word' id='word_1_616' title='bbox 1295 2506 1425 2532; x_wconf 68' lang='lat' dir='ltr'>vocant</span> <span class='ocrx_word' id='word_1_617' title='bbox 1460 2498 1685 2543; x_wconf 86' lang='lat' dir='ltr'>cichoreum,</span> <span class='ocrx_word' id='word_1_618' title='bbox 1719 2504 1818 2549; x_wconf 92' lang='lat' dir='ltr'>quod</span> <span class='ocrx_word' id='word_1_619' title='bbox 1840 2504 1957 2547; x_wconf 88' lang='lat' dir='ltr'>ipsum</span> <span class='ocrx_word' id='word_1_620' title='bbox 1986 2503 2092 2537; x_wconf 84' lang='lat' dir='ltr'>etiam</span> <span class='ocrx_word' id='word_1_621' title='bbox 2118 2504 2156 2537; x_wconf 92' lang='lat' dir='ltr'>in</span> 
     </span>
     <span class='ocr_line' id='line_1_102' title="bbox 1152 2549 2153 2599; baseline 0.007 -17"><span class='ocrx_word' id='word_1_622' title='bbox 1152 2550 1311 2584; x_wconf 83' lang='lat' dir='ltr'>febribus</span> <span class='ocrx_word' id='word_1_623' title='bbox 1343 2549 1506 2585; x_wconf 85' lang='lat' dir='ltr'>adhiberi</span> <span class='ocrx_word' id='word_1_624' title='bbox 1537 2554 1647 2594; x_wconf 90' lang='lat' dir='ltr'>solet,</span> <span class='ocrx_word' id='word_1_625' title='bbox 1682 2560 1715 2588; x_wconf 92' lang='lat' dir='ltr'>et</span> <span class='ocrx_word' id='word_1_626' title='bbox 1744 2561 1934 2599; x_wconf 81' lang='lat' dir='ltr'>cognatam</span> <span class='ocrx_word' id='word_1_627' title='bbox 1957 2556 2153 2589; x_wconf 82' lang='lat' dir='ltr'>admodum</span> 
     </span>
     <span class='ocr_line' id='line_1_103' title="bbox 1153 2602 1643 2639; baseline 0.008 -4"><span class='ocrx_word' id='word_1_628' title='bbox 1153 2608 1321 2635; x_wconf 86' lang='lat' dir='ltr'>naturam</span> <span class='ocrx_word' id='word_1_629' title='bbox 1342 2603 1506 2638; x_wconf 89' lang='lat' dir='ltr'>endiviae</span> <span class='ocrx_word' id='word_1_630' title='bbox 1524 2602 1643 2639; x_wconf 85' lang='lat' dir='ltr'>habet.</span> 
     </span>
    </p>

    <p class='ocr_par' dir='ltr' id='par_1_36' title="bbox 1153 2653 2155 2751">
     <span class='ocr_line' id='line_1_104' title="bbox 1256 2653 2155 2704; baseline 0.003 -16"><span class='ocrx_word' id='word_1_631' title='bbox 1256 2653 1316 2689; x_wconf 83' lang='lat' dir='ltr'>Vs.</span> <span class='ocrx_word' id='word_1_632' title='bbox 1335 2655 1420 2690; x_wconf 76' lang='lat'>121.</span> <span class='ocrx_word' id='word_1_633' title='bbox 1457 2654 1603 2703; x_wconf 81' lang='lat' dir='ltr'>Umbra]</span> <span class='ocrx_word' id='word_1_634' title='bbox 1632 2655 1710 2689; x_wconf 90' lang='lat' dir='ltr'>Hoc</span> <span class='ocrx_word' id='word_1_635' title='bbox 1731 2656 1818 2690; x_wconf 86' lang='lat' dir='ltr'>dicit</span> <span class='ocrx_word' id='word_1_636' title='bbox 1842 2664 1993 2703; x_wconf 87' lang='lat' dir='ltr'>propter</span> <span class='ocrx_word' id='word_1_637' title='bbox 2016 2658 2155 2704; x_wconf 58' lang='lat' dir='ltr'>intyba,</span> 
     </span>
     <span class='ocr_line' id='line_1_105' title="bbox 1153 2705 1900 2751; baseline 0.005 -13"><span class='ocrx_word' id='word_1_638' title='bbox 1153 2705 1237 2749; x_wconf 86' lang='lat' dir='ltr'>quia</span> <span class='ocrx_word' id='word_1_639' title='bbox 1255 2706 1339 2739; x_wconf 81' lang='lat' dir='ltr'>folia</span> <span class='ocrx_word' id='word_1_640' title='bbox 1360 2707 1514 2741; x_wconf 88' lang='lat' dir='ltr'>reddunt</span> <span class='ocrx_word' id='word_1_641' title='bbox 1533 2719 1701 2751; x_wconf 82' lang='lat' dir='ltr'>magnam</span> <span class='ocrx_word' id='word_1_642' title='bbox 1719 2709 1900 2743; x_wconf 87' lang='lat' dir='ltr'>umbram.</span> 
     </span>
    </p>
   </div>
  </div>
 </body>
</html>
