2421 3005
87 98 164 136 533
421 96 511 133 XCI.
574 96 861 132 ENARRATIO
896 95 1028 131 LIBRI
1052 95 1110 132 ΠΙ.

284 183 494 219 Tiresias
523 185 568 218 in
595 184 813 218 seminam
829 185 888 233 ⁷4).

184 253 309 289 Livius
335 255 459 289 scribit
482 253 619 299 Spoleti
645 253 762 287 virum
792 267 833 287 ex
860 253 1010 288 muliere
1037 252 1088 284 fa-

82 313 177 340 ctum
207 319 293 341 esse.
347 306 394 340 Et
417 318 531 352 pauca
558 306 627 339 alia
655 306 785 340 similia
813 306 977 351 exempla
1000 304 1088 337 reci-

79 364 215 393 tantur.
270 358 367 392 Haec
384 359 412 393 si
432 359 578 404 quando
595 358 780 398 accidunt,
815 358 893 391 dira
919 355 1087 402 prodigia

79 417 176 451 sunt,
204 416 239 444 et
256 423 402 455 prorsus
420 410 539 444 aliena
557 411 600 444 ab
617 410 745 444 ordine
763 417 927 443 naturae.
968 408 1085 441 Multa

80 469 202 496 autem
240 468 331 496 tetra
368 462 576 496 acciderunt
613 462 650 495 in
695 462 877 495 idolorum
914 460 1086 494 cultibus:

81 526 193 560 quare
222 520 257 547 et
283 514 445 548 Tiresiae
473 514 611 560 aliquid
642 520 888 548 monstrosum
925 512 1085 546 accidere

78 566 210 610 potuit.
280 566 401 600 Minus
428 567 587 600 alienum
614 572 666 600 est
691 579 708 599 a
736 573 888 599 naturae
915 563 1086 608 exemplis

78 618 179 651 nasci
196 617 440 663 androgynos.
493 618 540 651 Et
555 618 717 652 fortassis
733 618 814 651 talis
832 618 899 651 suit
915 616 1086 655 Tiresias,

79 675 142 702 aut
175 681 324 714 prorsus
357 670 547 714 allegorice
579 670 817 713 significatum
854 676 924 708 est,
966 669 1084 701 virum

78 727 322 765 praestantem
341 722 519 756 Tiresiam
538 722 771 767 perterritum
794 721 969 765 recepisse
986 720 1086 752 fana-

78 773 167 807 ticos
184 773 285 807 ritus.

339 864 465 900 Echo
494 873 536 900 et
562 865 825 901 Narcissus.

128 935 207 970 Vss.
235 934 310 970 370
334 948 387 981 sq.
441 938 531 980 Eryo
565 937 623 970 ubi
657 938 864 970 Narcissum
894 947 956 979 per
989 936 1086 969 devia
1114 950 1115 966 t

498 987 640 1034 rurcc75)
665 992 843 1032 vayantem
1043 1000 1050 1002 ·

131 1040 244 1079 Vidit,
270 1043 303 1073 et
329 1039 486 1073 incaluit.

179 1095 280 1132 Echo
307 1098 499 1142 allegorice
531 1098 708 1143 significat
731 1098 957 1132 iactantiam:
996 1095 1085 1131 haec
1113 1118 1115 1128 ι

76 1156 197 1195 spreta
216 1156 381 1183 mutatur
401 1150 439 1182 in
455 1162 606 1190 sonum,
641 1148 710 1183 hoc
737 1157 807 1190 est,
842 1150 881 1182 in
905 1162 981 1182 rem
1010 1150 1086 1182 lna-

75 1214 172 1235 nem.
228 1201 329 1235 Talis
347 1208 399 1235 est
418 1202 514 1234 enim
532 1202 702 1235 iactantia
724 1201 801 1247 (Vs.
820 1201 941 1246 401.):

131 1263 297 1297 Omnibus
312 1264 472 1303 eluditur,-
500 1275 602 1297 sonus
617 1268 686 1304 est,
714 1265 773 1309 qui
789 1265 871 1296 vivit
890 1265 926 1296 ‘in
945 1263 1017 1311 illa.

74 1322 265 1356 Narcissus
284 1335 370 1355 vero
389 1323 568 1367 significat
588 1321 775 1356 hominem
798 1323 865 1356 sibi
894 1320 1086 1356 vehemen-

75 1379 130 1406 ter
158 1373 383 1418 placentem,
428 1386 469 1407 ac
493 1386 602 1418 supra
628 1375 779 1416 modum
805 1374 860 1408 sui
888 1380 1085 1414 amantem,

75 1425 175 1471 quod
201 1437 243 1458 ex
269 1425 382 1470 ipsius
407 1426 526 1459 verbis
552 1426 705 1470 intelligi
727 1432 857 1470 potest.
911 1426 968 1460 Sic
988 1426 1083 1459 enim
1111 1447 1114 1464 ι

74 1477 118 1510 de
133 1489 170 1511 se
189 1477 264 1521 ipse
281 1477 445 1523 loquitur
463 1477 558 1523 (Vss.
575 1476 651 1512 463
667 1479 754 1524 sq.):

127 1536 252 1582 Iste⁷⁶)
268 1550 326 1582 ‘³9⁰
340 1551 434 1580 sum,
462 1541 573 1580 sensi,
603 1551 663 1573 nec
680 1552 731 1573 me
748 1551 822 1573 mea
832 1538 929 1583 fallit
954 1543 1081 1584 e'muyo,
1110 1567 1113 1581 ,

131 1593 222 1624 Uror
237 1602 353 1624 amore
368 1593 446 1625 mei.

74 1649 186 1682 Recte
222 1649 333 1693 igitur
362 1648 463 1683 Echo
503 1657 601 1683 amat
633 1650 863 1691 Narcissum,
912 1649 982 1685 hoc
1021 1659 1084 1693 est,

74 1701 247 1734 iactantia
277 1699 494 1748 φιλαυτίαν.
549 1702 606 1734 Ad
631 1700 719 1735 haec
737 1703 919 1747 sapienter
936 1705 1084 1748 fingitur
1109 1701 1112 1752 l

74 1752 259 1793 Nemesis,
284 1753 499 1787 insolentiae
525 1760 559 1786 et
584 1754 814 1798 arrogantiae
840 1755 992 1796 vindex,
1028 1769 1083 1790 re-
1109 1754 1112 1792 !

75 1811 197 1850 petere
214 1817 352 1850 poenas
368 1818 386 1838 a
404 1805 572 1840 Narcisso
591 1818 626 1839 se
643 1806 692 1838 ita
717 1812 880 1846 amante,
916 1814 956 1840 ut
980 1820 1081 1841 suam

74 1857 188 1902 ipsius
210 1857 380 1891 umbram
405 1857 618 1891 admiretur,
686 1857 871 1891 Divinitus
899 1859 994 1892 enim
1018 1873 1083 1904 pu-
1109 1887 1110 1890 ,

74 1909 227 1943 niuntur
252 1907 429 1956 φίλαυτοι
455 1907 522 1942 hac
547 1910 749 1950 dementia,
784 1916 823 1942 ut
845 1910 952 1944 etiam
978 1911 1082 1945 insci—
1108 1892 1112 1962 1

74 1961 164 1994 tiam
181 1973 284 1995 suam
308 1973 382 1994 esse
401 1961 614 2006 sapientiam
638 1962 872 1995 arbitrentur.

179 2020 331 2054 Erudite
348 2021 513 2066 exposuit
538 2018 631 2054 hanc
657 2021 815 2055 fabulam
833 2021 937 2056 Vitus
954 2022 1082 2057 &vins-

74 2071 218 2107 hemius
235 2073 271 2105 in
289 2074 445 2117 quadam
462 2073 747 2114 declamatione,
782 2073 844 2107 ubi
868 2069 917 2107 sic
944 2075 1079 2121 inquit:

73 2125 264 2160 Narcissus
284 2124 321 2156 in
340 2124 469 2158 fabulis
486 2131 674 2169 poetarum
689 2152 697 2166 ‚
729 2127 814 2159 dum
834 2126 987 2160 nimium
1006 2140 1080 2161 sese

72 2183 194 2217 amat,
239 2176 460 2210 contabescit
492 2177 657 2223 peritque
691 2184 725 2210 et
749 2178 824 2222 ipse
851 2185 885 2211 et
909 2179 966 2211 illa
992 2180 1079 2213 falsa

73 2229 216 2273 imago,
258 2241 368 2274 quam
406 2234 593 2273 tantopere
627 2229 827 2274 deperibat.
902 2229 950 2264 Et
985 2243 1082 2265 nunc

75 2287 236 2314 mutatus
255 2282 293 2313 in
310 2280 452 2320 florem,
476 2287 600 2313 monet
618 2294 683 2315 nos
701 2294 781 2315 sero
803 2282 1007 2323 florescens,
1035 2296 1080 2317 ne

73 2332 184 2366 nimis
199 2339 340 2365 mature
368 2338 403 2365 et
431 2338 513 2364 ante
539 2339 679 2377 tempus
700 2346 826 2378 sapere
850 2334 1080 2379 incipiamus,

73 2397 165 2418 neve
183 2396 249 2418 nos
267 2390 329 2417 aut
345 2390 467 2417 nostra
488 2384 595 2418 nimis
619 2397 800 2426 amemus,
835 2393 942 2432 atque
966 2388 1080 2420 admi-

74 2448 219 2477 remur,
259 2437 358 2482 quod
380 2449 459 2469 cum
486 2436 523 2468 in
556 2436 656 2469 omni
681 2443 795 2470 aetate
821 2439 987 2473 odiosum
1016 2446 1079 2481 est,

75 2494 153 2522 tum
189 2500 276 2521 vero
310 2488 348 2527 in
385 2488 626 2522 adolescentia
663 2501 810 2533 prorsus
838 2490 1078 2527 intolerabile.

110 2627 160 2660 74)
182 2627 261 2652 ovid.
282 2629 348 2654 Met.
361 2628 408 2659 111,
426 2629 478 2654 323
495 2636 555 2660 sqq.

108 2680 157 2711 75)
177 2679 266 2712 rura]
288 2681 329 2705 sic
346 2682 429 2705 Editt.
446 2683 541 2714 1555.‚
564 2681 657 2711 ¹559.;
677 2681 756 2705 ovid.
774 2682 824 2705 Ed.
839 2681 951 2708 Mitsch.
970 2685 1077 2709 lustra.

110 2732 159 2763 76)
182 2731 252 2765 Iste]
274 2733 315 2758 sic
334 2734 419 2761 Editt.
436 2734 527 2763 1555.‚
552 2734 644 2765 1559.;
665 2733 745 2760 ovid.
765 2735 814 2759 Ed.
834 2734 942 2762 Mitsch.
963 2736 999 2762 In
1016 2738 1053 2763 le.

1144 95 1626 133 METAMORPHOSEON
1663 97 1826 134 OVIDII.
2074 98 2150 137 534

1144 182 1237 217 Nam
1260 191 1300 217 ut
1322 185 1365 217 ab
1389 196 1456 218 usu
1481 196 1603 218 rerum
1628 185 1816 231 solidaque
1844 192 1878 219 et
1903 186 2059 231 perfecta
2086 188 2149 220 do-

1146 235 1259 268 ctrina
1299 242 1334 269 et
1368 236 1545 280 sapientia
1585 234 1759 271 hactenus
1792 236 1908 271 adhuc
1942 238 2149 282 longissime

1144 288 1259 321 abest:
1290 288 1337 321 ita
1357 285 1422 322 has
1437 300 1494 321 res
1509 300 1585 321 non
1606 295 1758 333 possunt
1782 290 1849 323 sibi
1875 302 2046 334 arrogare
2074 291 2150 324 sine

1143 351 1284 372 summa
1308 340 1534 384 turpitudine
1561 352 1600 373 ac
1625 341 1796 374 vanitate.
1863 341 1913 374 Ut
1937 343 2033 375 enim
2058 355 2150 376 uvae

1143 397 1176 423 et
1195 404 1301 435 poma
1320 404 1394 424 non
1412 392 1448 425 in
1467 404 1550 425 vere
1563 419 1572 431 ‚
1598 392 1717 425 necin
1737 399 1871 426 aestate
1891 401 2150 435 maturescunt,

1141 444 1203 476 sed
1222 443 1259 475 in
1279 450 1456 477 autumno
1473 444 1582 488 paulo
1610 450 1693 477 ante
1721 441 1906 489 hyemem:
1942 446 1990 478 ita
2018 446 2150 479 doctri-

1141 506 1209 528 nae
1235 495 1371 529 sructus
1394 495 1667 540 ingravescente
1694 502 1875 530 senectute
1899 497 2059 541 primum
2093 510 2150 532 so-

1141 546 1216 579 lent
1240 553 1493 581 maturescere.

1485 640 1546 673 De
1582 638 1804 674 Pentheo.

1193 707 1252 742 Vs.
1271 705 1360 743 528.
1388 709 1496 742 Liber
1511 710 1625 749 adest,
1648 709 1812 756 festisque
1833 709 1987 753 fremunt
2006 712 2149 747 ululati-

1455 761 1515 793 bus
1533 763 1623 804 (ιφ-ἰ.

1245 817 1345 853 Nihil
1370 819 1408 851 in
1433 820 1589 864 speciem
1618 820 1780 854 fallacius
1807 828 1877 861 est,
1913 820 2076 870 nihilque
2105 827 2151 859 ad

1143 871 1318 914 populum
1358 871 1582 915 plausibilius
1618 884 1734 911 nova,
1783 872 1857 905 sive
1894 877 2149 918 superstitione

1141 922 1215 955 sive
1235 923 1412 957 doctriua.
1467 925 1523 957 Ad
1541 921 1636 956 hanc
1664 924 1753 956 fiunt
1781 921 1972 958 homiuum
2000 940 2150 962 concur-

1141 986 1218 1013 sus,
1248 975 1371 1020 quales
1391 976 1645 1009 describuntur
1662 973 1720 1008 hic
1737 975 1833 1021 (Vss.
1852 975 1927 1012 529
1947 977 2034 1024 sq.):

1197 1037 1313 1069 Turba
1345 1041 1469 1076 ruunt,
1519 1038 1716 1081 mistaeque
1747 1037 1833 1070 viris
1866 1043 2055 1085 matresque
2086 1053 2150 1075 mc-

1560 1099 1684 1133 rusqne
1693 1113 1703 1127 ,

1198 1139 1388 1185 Vzelyusque
1405 1144 1437 1173 et
1451 1151 1608 1183 proceres
1617 1139 1662 1185 Π)
1677 1141 1793 1182 ῐφιοία
1805 1141 1849 1173 ad
1863 1153 1962 1176 sacra
1974 1142 2149 1186 feruntur.

1141 1197 1198 1231 Sic
1218 1198 1326 1238 olim,
1360 1199 1473 1232 sicubi
1496 1211 1612 1233 novus
1636 1199 1803 1232 divorum
1832 1201 1946 1236 cultus
1975 1215 1994 1236 a
2024 1217 2152 1238 mona-

1141 1247 1272 1296 chis⁷⁸)
1290 1251 1346 1284 vel
1365 1263 1384 1283 a
1402 1251 1610 1285 sacrificulis
1629 1257 1706 1284 erat
1724 1251 1928 1294 institutus,
1959 1268 2000 1288 eo
2020 1257 2088 1289 viri
2109 1269 2150 1290 ac

1140 1302 1295 1335 feminae
1312 1304 1550 1337 accurrebant
1568 1303 1768 1338 turmatim‘
1823 1304 1881 1338 Sic
1902 1307 2034 1342 nostris
2053 1306 2150 1342 hisce

1140 1354 1385 1398 temporibus,
1414 1356 1443 1390 si
1462 1356 1542 1402 quis
1559 1368 1577 1388 a
1597 1355 1772 1390 ministris
1789 1354 1966 1393 Ecclesiae
1987 1360 2151 1394 dissentit

1140 1406 1316 1450 fingendis
1346 1408 1450 1441 novis
1476 1408 1731 1453 opinionibus,
1769 1409 1815 1441 ad
1841 1408 1938 1444 hunc
1965 1413 2149 1447 concurrit

1139 1458 1296 1491 maxima
1320 1460 1529 1495 multitudo,

1245 1510 1427 1545 Pentheus
1445 1525 1530 1545 vero
1547 1512 1592 1559 (si
1622 1513 1825 1558 exemplum
1850 1513 1918 1547 rite
1943 1527 2148 1550 accommo-

1138 1562 1260 1607 detur)
1288 1569 1340 1596 est
1363 1561 1474 1599 εἰκών
1495 1577 1557 1598 seu
1587 1565 1707 1609 imago
1742 1566 1906 1610 tyranni,
1949 1567 2148 1601 immanem

1138 1614 1325 1647 saevitiam
1344 1617 1541 1650 exercentis
1560 1616 1596 1649 in
1620 1617 1805 1651 ministros
1824 1617 2024 1660 Ecclesiae,
2063 1620 2147 1653 odio

1137 1665 1344 1710 religionis,
1378 1680 1488 1713 quam
1507 1668 1707 1703 arbitratur
1729 1670 1926 1703 offuturam
1952 1671 2024 1705 suis
2051 1684 2149 1705 com-

1138 1718 1267 1752 modis.
1315 1718 1382 1752 Hic
1400 1732 1539 1753 summa
1561 1720 1792 1755 contentione
1810 1720 2024 1757 dehortatur
2041 1723 2147 1765 cives,

1137 1781 1182 1802 ne
1219 1770 1485 1814 amplectantur
1520 1784 1635 1806 novos
1669 1785 1855 1807 sacrorum
1888 1775 1995 1808 ritus:
2047 1775 2148 1809 iubet

1138 1820 1400 1866 comprehendi
1435 1825 1681 1865 sacerdotem,
1727 1832 1761 1858 et
1794 1825 1912 1869 abripi
1941 1827 1987 1859 ad
2010 1828 2147 1871 suppli-

1138 1874 1253 1914 cium,
1281 1887 1347 1908 nec
1365 1875 1520 1909 flectitur
1547 1876 1655 1909 ullius
1680 1876 1948 1917 admonitione,
1986 1891 2051 1911 nec
2068 1892 2146 1912 mo—

1137 1932 1241 1959 vetur
1257 1927 1339 1960 ullis
1359 1928 1561 1968 miraculis,
1598 1941 1670 1974 quo
1697 1928 1817 1963 minus
1839 1930 1997 1970 saeviat,
2030 1931 2145 1964 donec

1137 1978 1281 2010 amittat
1307 1979 1439 2019 vitam,
1484 1980 1528 2013 ab
1562 1980 1637 2024 ipsa
1664 1988 1778 2014 matre
1802 1987 1836 2014 et
1857 1988 2051 2015 matertera
2081 1995 2145 2016 sua

1136 2029 1348 2074 discerptus,
1372 2031 1513 2077 istoque
1530 2033 1728 2066 miserabili
1744 2032 1892 2066 interitu
1912 2035 2052 2078 probet,
2077 2035 2145 2067 im-

1136 2082 1215 2126 pios
1240 2094 1284 2115 ne
1311 2094 1329 2115 a
1353 2083 1425 2117 suis
1451 2084 1597 2129 quidem
1628 2091 1723 2119 tutos
1750 2097 1823 2118 esse
1848 2098 1964 2130 posse.
2043 2086 2143 2121 Talis

1135 2134 1310 2167 nimirum
1331 2141 1380 2168 est
1401 2136 1621 2180 pertiliacia,
1659 2149 1699 2169 ac
1724 2137 1805 2171 talis
1830 2137 1943 2171 exitus
1969 2144 2143 2183 tyranno-

1135 2198 1230 2226 rum,
1247 2188 1459 2230 praesertim
1480 2188 1542 2233 qui
1561 2189 1799 2222 adversantur
1817 2189 1997 2233 religioni.
2033 2190 2142 2235 Quod

1136 2250 1221 2271 vero
1251 2239 1404 2272 Ovidius
1439 2241 1482 2272 de
1508 2238 1671 2273 Pentheo
1698 2253 1738 2273 ac
1766 2241 1906 2275 Tiresia
1935 2239 1993 2275 hic
2021 2243 2140 2281 refert,

1135 2302 1214 2323 cum
1236 2291 1285 2324 ait
1306 2290 1401 2335 (Vss.
1420 2289 1692 2339 513—518.):

1187 2354 1330 2395 Spernit
1366 2353 1568 2386 Echionides
1602 2358 1716 2387 tamen
1751 2354 1858 2394 hune,
1906 2366 1953 2388 ex
1988 2355 2140 2388 omnibus

1554 2417 1642 2438 unus

1188 2457 1401 2499 Contempior
1433 2468 1611 2499 superum,

1551 2510 1640 2542 ridet

1668 2458 1854 2491 Pentheus:
1904 2469 2137 2503 praesayaque

1168 2648 1215 2679 77)
1235 2649 1263 2672 et
1280 2649 1431 2679 proceres]
1454 2647 1495 2671 sic
1516 2647 1599 2671 Editt.
1624 2647 1715 2677 1555„
1739 2646 1830 2676 1559.;
1858 2646 1936 2671 ovid.
1957 2646 2007 2670 Ed.
2027 2647 2135 2671 Mttsch.

1203 2689 1403 2714 proceresque.

1170 2735 1216 2766 78)
1237 2735 1395 2764 monachis]
1416 2735 1465 2759 Ed.
1483 2733 1557 2757 1559ι
1580 2733 1678 2757 mendo
1698 2734 1827 2764 tuingia:
1847 2733 1995 2757 Aonacliis.

1523 2766 1611 2802 34*-
