2421 3005
69 102 138 136 601
410 100 496 134 XCI.

550 97 838 135 ENARRNHO
874 97 1004 134 LIBRI
1032 100 1073 134 Χ.
1109 98 1591 137 METAMORPHOSEON
1629 102 1792 138 OVlDlI.

2056 109 2130 144 602

690 185 737 219 ln
777 187 943 221 librum
982 187 1024 220 X.
1060 186 1506 232 Metamorphoseon.

310 271 460 305 Urnae
485 272 693 306 Belidum
715 272 774 319 ⁵³).

118 339 196 374 Vss.
215 339 265 375 43
282 353 334 386 sq.
365 343 530 386 urnisque
547 346 711 376 vacarunt

120 393 268 426 Belides.

173 452 336 492 Belides,
364 451 484 485 Danai
503 451 598 495 regis
617 452 732 493 filiae,
761 451 830 486 hoc
853 464 964 497 genus
988 463 1072 496 poe-

66 517 133 538 nae
157 506 253 549 apud
278 504 414 537 inferos
440 504 618 549 pendent,
646 510 687 538 ut
710 504 851 539 assidue
880 516 1013 550 aquam
1035 503 1072 535 in

65 557 204 591 dolium
236 561 422 600 pertusum
464 555 566 589 urnis
594 556 760 590 similiter
799 555 952 601 pertusis
985 555 1072 587 infe-

67 615 160 642 rant.
230 607 294 642 His
319 607 420 642 urnis
446 614 480 641 et
505 605 589 641 huic
618 609 716 642 dolio
740 608 845 642 Plato
873 608 910 640 in
935 606 1069 651 Gorgia

65 659 241 694 assimilat
264 659 428 694 animum
454 659 761 701 incontinentem,
797 659 859 706 qui
889 659 1008 693 effusis
1034 659 1069 690 in

67 711 168 745 omni
201 711 481 756 intemperantia
512 711 722 746 libidinibus
757 711 925 756 agitatur.
995 709 1071 743 Eis-

63 764 146 797 dem
163 763 363 808 persimiles
377 770 461 797 sunt
477 761 642 797 homines
667 757 807 803 futiles,
837 763 920 808 qui,
949 768 988 795 ut
1011 762 1070 795 ille

65 815 326 856 Terentianus,
369 815 467 860 pleni
501 821 584 849 sunt
614 814 813 854 rimarum,
850 820 884 847 et
909 814 1071 859 undique

64 867 226 901 effluunt.

65 972 233 1006 fortunae
249 971 391 1015 explere
411 976 606 1015 nequeant.

177 1022 232 1056 De
255 1019 401 1067 Sisyphi
425 1034 511 1055 saxo
536 1028 570 1055 et
587 1021 677 1054 Titii
706 1021 822 1054 iecore
851 1033 993 1066 semper
1017 1033 1073 1053 re-

65 1080 251 1113 nascente,
279 1073 379 1117 prius
397 1073 532 1106 dictum
553 1079 605 1107 est
620 1073 713 1106 libro
730 1073 765 1107 4.

178 1164 352 1212 Orphei
388 1168 639 1200 descensus
674 1168 727 1199 ad
765 1167 956 1200 inferos.

120 1233 197 1268 VSS.
215 1231 264 1267 50
281 1246 333 1278 sq.
360 1236 460 1267 Hamc
475 1235 579 1267 simul
603 1239 634 1267 ei
658 1235 761 1277 leyem
778 1235 992 1278 Rhodopeius
1017 1247 1076 1266 ac-

386 1287 467 1326 cipit
486 1286 638 1328 orpheus
656 1286 742 1331 ⁵³³),

122 1339 175 1370 Ne
185 1336 302 1379 flectat
317 1342 409 1370 retro
425 1349 486 1370 sua
504 1338 647 1370 lumina.

171 1404 306 1439 Audivi
329 1405 489 1438 fabulam
510 1403 681 1450 Orpheae
709 1405 861 1439 similem
876 1432 885 1445 ,
914 1404 943 1438 si
966 1405 1076 1438 modo

69 1457 221 1491 dicenda
249 1463 300 1491 est
323 1457 466 1496 fabula,
505 1469 615 1502 quam
646 1458 842 1490 multorum
869 1456 1075 1490 testimonia

69 1510 253 1543 affirmant
276 1520 349 1543 esse
365 1506 568 1541 historiam.
622 1508 759 1542 Ferunt
783 1509 820 1541 in
843 1508 1000 1541 Bavaria
1026 1509 1078 1541 vi-

69 1573 151 1595 rum
183 1560 301 1594 nobili
332 1560 469 1593 familia
501 1566 627 1594 natum
670 1561 824 1594 extincta
855 1573 967 1594 uxore
999 1567 1078 1593 tan-

71 1670 163 1698 teret
191 1663 498 1704 consolationem,
533 1676 574 1696 ac
603 1664 715 1697 vitam
743 1671 865 1708 ageret
892 1664 931 1697 in
954 1665 1079 1698 solitu-

72 1716 169 1750 dine.
222 1715 389 1748 Tandem
405 1715 468 1748 ubi
482 1715 622 1748 nullum
638 1716 746 1749 finem
773 1716 920 1760 lugendi
934 1717 1079 1757 faceret,

296 867 422 901 Potest
447 867 555 900 etiam
591 867 762 911 allegoria
787 866 906 911 lepide
939 866 1072 910 exponi
1098 883 1100 911 3
1149 894 1156 901 ,

65 920 108 953 de
133 920 218 953 fisco
241 918 435 964 principis,
465 930 573 963 quem
599 930 724 953 omnes
748 918 913 952 omnium
937 917 1070 951 civium
1098 933 1101 948 ι
1127 900 1185 928 ῙἩ·

1130 279 1218 307 stem
1239 286 1278 307 ac
1296 275 1481 319 pallidam.
1536 275 1624 309 Post
1644 276 1777 310 multos
1803 289 1888 311 vero
1915 290 2031 313 annos
2057 292 2134 313 ma-

1129 325 1239 359 ritum
1256 327 1395 371 vesperi
1414 333 1561 371 potum,
1594 333 1629 360 et
1647 328 1798 361 ancillae
1824 329 1956 363 iratum
1981 332 2134 366 edidisse

1129 378 1258 417 verba,
1301 391 1395 424 qnae
1421 391 1495 411 non
1521 380 1693 417 debebat;
1730 380 1865 413 interea
1892 382 1989 415 illam
2015 383 2133 428 dispa-

1128 428 1239 462 ruisse
1265 442 1282 462 e
1306 430 1492 470 cubiculo,
1527 432 1621 464 unde
1642 431 1794 464 allatura
1822 439 1898 465 erat
1917 435 2049 468 marito
2069 448 2135 480 po-

1128 492 1205 519 ma,
1241 493 1280 514 ac
1309 482 1495 527 reliquisse
1518 483 1731 516 muliebrem
1757 485 1925 518 vestitum
1949 486 2026 519 sine
2055 499 2134 520 cor-

1126 544 1215 575 pore
1235 539 1408 571 stantem,
1437 535 1540 579 quasi
1559 533 1796 579 phantasma,
1829 537 1874 569 ad
1899 536 2043 578 cistam,
2072 539 2132 571 ubi

1127 595 1235 627 poma
1261 585 1512 620 servabantur.
1567 586 1664 620 Haec
1687 587 1810 621 audivi
1835 600 1876 621 ex
1901 589 2024 623 multis
2048 590 2135 624 viris

1125 635 1194 668 fide
1231 636 1376 680 dignis,
1429 637 1490 682 qui
1524 638 1754 672 affirmabant
1793 640 1919 673 ducem
1953 640 2133 675 Bavariae

1127 687 1251 720 eadem
1286 688 1449 722 retulisse
1480 690 1561 723 duci
1590 689 1767 724 Saxoniae
1794 704 1860 736 pro
1884 692 1991 727 veris.
2063 693 2132 727 Sed

1127 736 1265 783 Orphei
1282 740 1439 773 fabulam
1466 754 1699 785 exponamus.
1753 743 1953 778 Pausanias
1971 744 2018 791 Μ)
2049 746 2136 779 scri-

1125 791 1178 823 bit
1196 788 1341 835 Orphea
1362 792 1509 836 magicis
1530 794 1667 827 artibus
1685 806 1724 827 ac
1746 796 1949 840 praestigiis
1967 809 2134 832 evocasse

1098 866 1100 878 ,·
1126 843 1293 876 umbram
1310 856 1394 877 suae
1413 846 1554 885 uxoris,
1583 858 1676 890 quae
1694 853 1819 890 postea
1839 848 1958 881 statim
1980 862 2135 883 evanue-

1245 894 1339 929 Hinc
1364 897 1529 941 equidem
1558 897 1690 942 opinor
1715 899 1907 932 confictam
1934 912 2007 934 esse
2034 901 2136 934 fabu-

1127 946 1199 979 lam
1217 947 1259 980 de
1278 947 1373 981 illius
1391 961 1500 982 uxore
1523 950 1668 982 reducta
1688 949 1733 982 ab
1755 950 1889 984 inferis,
1941 951 2136 986 Commen-

1128 999 1191 1031 dat
1213 1005 1331 1032 autem
1356 1000 1477 1033 fabula
1499 1013 1662 1034 amorem
1688 1002 1914 1047 coniugalem
1930 1030 1939 1043 ,
1969 1010 2003 1037 et
2029 1005 2135 1038 simul

1130 1051 1323 1092 admonet,
1346 1064 1389 1085 ne
1409 1052 1644 1087 conficiamur
1661 1053 1759 1088 luctu
1778 1061 1813 1088 et
1836 1055 2016 1089 desiderio
2039 1069 2137 1090 mor-

1100 1120 1101 1124 =
1129 1108 1289 1137 tuorum.

1104 1581 1105 1608 j
1133 1577 1210 1604 tum
1226 1571 1422 1605 immodico
1440 1579 1539 1606 metu
1557 1572 1745 1617 diriguisse
1766 1573 1803 1606 in
1820 1587 1957 1609 saxum.

70 1620 148 1647 tum
173 1612 295 1646 animo
324 1612 488 1644 dolorem
522 1613 676 1654 cepisse,
714 1619 754 1646 ut
784 1612 922 1646 nullam
947 1612 1078 1646 admit-
1104 1618 1106 1642 ξ

71 1780 223 1803 uxorem
256 1767 332 1801 eius
363 1767 607 1812 comparuisse
642 1767 831 1800 excitatam
867 1780 885 1801 a
913 1768 1079 1808 mortuis,
1105 1771 1107 1795 ἲ

73 1832 114 1854 ac
140 1819 268 1854 dixisse
295 1832 331 1853 se
362 1819 509 1864 quidem
544 1819 654 1852 semel
682 1819 873 1853 confecisse
901 1819 1075 1853 circulum

73 1871 168 1906 vitae
194 1885 212 1904 a
243 1877 372 1905 natura
400 1872 546 1910 datum,
581 1872 641 1904 sed
669 1871 944 1916 importunitate
969 1871 1080 1916 ipsius
1106 1882 1108 1901 1

71 1923 279 1958 revocatam
306 1935 380 1957 esse
405 1935 502 1956 nunc
527 1923 564 1955 in
582 1923 714 1963 vitam,
743 1930 852 1969 atque
876 1935 895 1956 a
911 1922 991 1956 Deo
1010 1923 1080 1956 ius-

72 1988 148 2010 sam
167 1975 218 2009 uti
237 1975 312 2009 eius
331 1974 591 2008 consuetudine
610 1973 727 2009 adbuc
752 1975 904 2015 diutius,
937 1972 1006 2007 hac
1028 1981 1080 2008 ta-

72 2040 157 2062 men
181 2027 388 2060 conditione
413 2039 453 2060 ac
478 2027 574 2071 lege,
602 2033 643 2060 ut
667 2027 943 2060 matrimonium
962 2032 1080 2060 morte

73 2080 231 2114 solutum
249 2080 369 2112 denuo
386 2091 450 2123 per
467 2079 690 2113 sacerdotem
709 2079 851 2113 solenni
868 2078 941 2112 ritu
957 2079 1080 2123 iunge-

74 2138 194 2171 retur,
221 2137 334 2176 utque
352 2130 520 2175 deinceps
538 2130 611 2175 ipse
639 2131 833 2165 abstineret
858 2128 1079 2175 blasphemis
1107 2136 1109 2167 ἒ

1037 2182 1080 2216 Se

74 2182 303 2216 conviciandi
326 2182 466 2223 verbis,
496 2183 624 2228 quibus
654 2183 707 2217 uti
733 2189 981 2217 consueverat.

75 2235 170 2268 enim
190 2233 321 2268 horum
341 2246 445 2267 causa
464 2233 497 2266 ei
513 2235 719 2280 ademptam
738 2236 864 2275 fuisse,
892 2241 1000 2280 atque
1016 2234 1082 2267 ite-
1109 2268 1110 2273 ,

74 2299 157 2320 rum
183 2298 406 2320 excessuram
432 2298 449 2318 e
475 2284 568 2326 vita,
611 2299 690 2320 cum
716 2288 875 2332 primum
903 2286 1081 2320 eiusmodi

76 2338 225 2384 aliquod
252 2338 403 2371 verbum
432 2337 611 2372 edidisset.
673 2338 737 2373 His
761 2339 868 2379 actis,
896 2339 996 2371 illam
1023 2350 1082 2371 cu-

75 2402 171 2425 rasse
205 2402 281 2423 rem
325 2389 581 2429 domesticam,
625 2396 666 2423 ut
700 2397 827 2432 antea,
869 2396 903 2424 et
938 2390 1084 2436 aliquot

77 2443 184 2476 etiam
204 2441 384 2487 peperisse
402 2441 553 2479 liberos;
583 2454 724 2486 semper
746 2449 868 2476 tamen
891 2442 998 2476 fuisse
1016 2443 1081 2474 tri-

111 2574 160 2606 53)
187 2576 277 2606 Haec,
297 2583 367 2608 quae
387 2578 414 2602 in
433 2578 518 2602 Editt.
534 2579 627 2607 1555..
659 2578 733 2602 1559.
752 2579 825 2602 maie
844 2578 906 2603 libri
923 2578 971 2603 lx.
999 2585 1083 2603 enar-

149 2610 250 2634 rationi
273 2614 338 2636 sunt
366 2613 474 2637 inserta
507 2613 586 2641 (vide
612 2619 697 2643 supra
724 2621 747 2643 p,
764 2613 824 2638 597.
854 2614 948 2637 notam
969 2615 1028 2641 49.)
1056 2614 1081 2637 in

148 2646 218 2669 hunc
239 2646 328 2671 iocum
347 2648 580 2677 transposuimus.

112 2694 181 2754 5³2)
200 2696 347 2727 Orpheus]
373 2698 413 2722 sic
437 2698 520 2724 Editt.
545 2699 639 2722 1555..
669 2699 760 2724 1559.:

168 2736 243 2757 GTOS,

791 2699 873 2724 Ovid.
900 2699 949 2724 Ed.
968 2699 1081 2724 Mitsch,

1206 1190 1508 1235 Prospiciens
1537 1204 1554 1225 e
1583 1204 1725 1236 specu
1758 1192 1802 1225 in
1830 1205 1985 1227 saxum
2004 1195 2065 1241 ³³).

1234 1258 1297 1293 Est
1316 1260 1498 1305 quoddam
1520 1272 1645 1294 saxum
1664 1261 1781 1305 specie
1802 1261 1873 1295 viri
1891 1274 1908 1296 e
1927 1275 2036 1307 specu
2054 1276 2138 1308 pro-

1131 1310 1332 1355 spicientis,
1370 1312 1413 1345 de
1445 1324 1516 1358 quo
1550 1313 1731 1346 finxerunt
1753 1313 1932 1347 eiusmodi
1957 1315 2137 1349 fabulam:

1131 1362 1238 1396 fuisse
1254 1361 1440 1397 hominem
1459 1371 1589 1398 natura
1605 1365 1772 1398 timidum
1789 1392 1797 1405 ‚
1826 1367 1888 1412 qui
1907 1366 2028 1400 audita
2048 1366 2139 1400 Her-

1133 1414 1221 1448 culis
1239 1416 1333 1448 fama
1352 1428 1387 1450 se
1407 1416 1595 1450 abdiderat
1613 1417 1650 1450 in
1665 1429 1829 1462 specum:
1858 1420 1954 1452 unde
1975 1432 2055 1453 cum
2073 1419 2138 1452 ali-

1133 1468 1279 1512 quando
1306 1467 1549 1513 prospiceret,
1584 1475 1617 1502 et
1642 1470 1734 1502 sorte
1758 1469 1950 1504 Herculem
1981 1472 2138 1504 adducto

1133 1518 1291 1552 Cerbero
1318 1526 1607 1564 praetereuntem
1637 1521 1927 1565 conspicaretur,
1957 1523 2141 1556 exanima-

2012 1574 2142 1608 Memi-

1133 1623 1187 1656 nit
1212 1621 1318 1657 huius
1346 1624 1487 1657 fabulae
1510 1623 1683 1659 Erasmus
1709 1625 1746 1658 in
1773 1628 1988 1669 proverbio:
2025 1626 2141 1659 Timi-

1134 1674 1216 1708 dior
1235 1675 1477 1720 prospiciente
1494 1674 1554 1722 56).

1213 1760 1387 1795 Olenus
1424 1768 1466 1795 et
1500 1760 1700 1796 Lethaea
1738 1763 1782 1797 in
1817 1764 2078 1811 lapides57).

1239 1829 1328 1864 Cum
1343 1829 1501 1865 Lethaea
1521 1832 1665 1866 dotibus
1683 1834 1822 1866 formae
1838 1833 2050 1878 superbiens
2064 1846 2139 1868 sese

1134 1882 1362 1926 praetulisset
1378 1882 1456 1917 Diis
1467 1911 1476 1925 ‚
1501 1897 1613 1930 eaque
1631 1884 1817 1929 impietate
1833 1886 2063 1920 conscivisset
2089 1886 2142 1919 di-

1135 1933 1257 1966 vinam
1277 1933 1369 1967 iram
1391 1941 1425 1968 et
1443 1936 1617 1969 ultionem
1630 1964 1639 1977 ,
1668 1936 1806 1970 Olenus
1824 1937 1976 1971 maritus
1997 1939 2141 1983 culpam

1106 2006 1108 2016 <
1134 1985 1257 2019 uxoris
1273 1985 1310 2019 in
1328 1999 1363 2020 se
1380 1989 1616 2029 transferens,
1645 2001 1716 2022 una
1734 2001 1815 2022 cum
1832 1989 1892 2022 illa
1911 1989 2060 2034 punitus
2079 1996 2142 2024 est.

1135 2036 1233 2070 Haec
1256 2038 1376 2072 fabula
1399 2039 1494 2073 idem
1519 2041 1642 2081 docet,
1674 2041 1772 2087 quod
1790 2041 1913 2086 regula
1932 2042 2039 2076 iuris:
2070 2042 2143 2075 cul-

1107 2122 1109 2131 ,
1137 2101 1220 2134 pam
1239 2102 1312 2124 esse
1324 2117 1333 2131 ‚
1358 2091 1559 2126 immiscere
1577 2105 1612 2127 se
1630 2092 1682 2126 rei
1701 2094 1746 2125 ad
1761 2105 1797 2127 se
1812 2105 1887 2126 non
1903 2094 2114 2138 pertinenti.

1447 2184 1620 2230 Orphei
1657 2193 1829 2221 cantus.

1169 2243 1196 2274 'V
1204 2257 1230 2278 S.
1239 2244 1300 2279 90.
1315 2248 1441 2280 Umbra
1453 2247 1520 2281 Ioco
1530 2249 1620 2280 venit
1629 2262 1639 2287 ,-
1665 2260 1731 2281 non
1742 2249 1890 2283 Chaonis
1899 2248 2009 2291 abfuit
2019 2249 2135 2281 arbor.

1229 2305 1492 2350 Sapientissimi
1503 2305 1681 2349 homines,
1697 2308 1909 2342 utmitiores
1921 2315 2027 2348 artes,
2043 2319 2143 2340 nem-

1138 2368 1181 2400 pe
1208 2358 1385 2401 poeticam
1411 2365 1445 2392 et
1471 2359 1666 2401 musicam,
1694 2360 1816 2404 pueris
1833 2361 2143 2399 commendarent,

1137 2408 1318 2442 finxerunt
1342 2411 1508 2451 arbores,
1541 2412 1655 2452 feras,
1689 2413 1852 2446 volucres
1868 2410 2055 2455 Orpheum
2079 2411 2141 2441 ad-

1138 2460 1298 2500 miratas,
1323 2468 1357 2494 et
1373 2469 1560 2496 canentem
1579 2471 1718 2498 secutas
1737 2476 1821 2498 esse.
1856 2463 1937 2497 Fuit
1957 2462 2051 2495 enim
2065 2461 2141 2495 ‘Or-

1171 2582 1221 2610 52)
1241 2581 1360 2605 Pausau.
1378 2581 1423 2606 Vl.
1444 2588 1468 2608 c,
1482 2582 1525 2607 20.

1172 2633 1223 2661 55)
1244 2633 1325 2657 Ovid.
1345 2634 1411 2657 Met.
1428 2634 1465 2665 X,
1481 2634 1514 2657 65
1526 2633 1608 2658 ν67.

1171 2685 1220 2713 56)
1239 2685 1350 2708 Erasmi
1369 2686 1458 2716 Adag.
1477 2686 1538 2710 ciiii.
1554 2686 1572 2710 1.
1593 2686 1664 2709 cent.
1681 2685 1728 2708 lx.
1750 2689 1827 2714 prov.
1846 2684 1870 2708 2.

1172 2736 1221 2765 57)
1242 2738 1321 2762 Ovid.
1343 2738 1406 2763 Met.
1421 2738 1458 2768 X,
1470 2738 1504 2761 69
1521 2745 1560 2767 sq.
