2421 3005
72 83 146 121 597
399 79 489 116 XCI.

172 168 419 200 praescriptosque
435 167 522 192 maris
543 167 628 197 fines,
648 164 767 194 annique
787 167 912 194 meatus,

171 214 206 237 Et
226 213 298 237 lucis
318 211 463 242 noctisque
482 211 575 241 vices,
599 210 666 233 tunc
686 208 777 233 omnia
796 208 879 232 rebar

171 256 297 282 consilio
317 257 427 281 firmata
445 255 497 280 Dei
512 272 520 285 ‚
540 254 586 285 qui
604 254 668 284 lege
686 252 795 277 moveri

171 300 286 331 Sidera,
307 300 352 330 qui
370 299 468 330 fruges
487 298 601 322 diverso
624 298 748 327 tempore
768 295 863 325 nasci,

170 345 224 376 Qui
243 345 349 369 variam
368 344 496 368 Phoeben
517 341 609 366 alleuo
630 341 746 365 iusserit
766 341 831 372 igne

170 388 327 419 Compieri,
347 388 490 417 solemque
507 392 575 417 suo,
596 384 754 416 porrexerit
773 383 855 408 undis

171 433 298 464 Littera,
317 431 446 455 tellurem
464 429 554 453 medio
573 428 723 453 libraverit
741 433 804 453 axe.

170 475 226 501 sed
245 481 307 499 cum
325 480 372 498 res
390 473 528 497 hommum
549 472 628 496 tanta
647 470 767 501 caligine
786 469 863 494 volvi

170 518 368 548 Adspicerem,
386 516 534 545 laetosque
553 515 599 537 diu
616 514 717 537 florere
736 513 870 537 nocentes

172 560 332 591 Vexarique
353 559 431 590 pios:
453 564 554 582 rursus
575 558 713 582 labefacta
733 556 848 580 cadebat

170 604 300 636 Religio,
320 609 478 634 causaeque
496 602 572 625 viam
592 607 645 625 non
665 602 764 630 sponte
783 599 921 629 sequebar

165 649 309 679 Alterius,
329 653 415 671 vacuo
435 652 505 677 quae
524 651 639 670 currere
660 643 767 668 semina
787 644 878 666 mortu

167 692 313 723 Amnum,
333 697 518 722 magnumque
537 695 625 713 novas
646 694 696 719 per
715 688 797 711 inane
816 686 921 717 figuras

165 735 306 765 Fortuna,
326 740 381 758 non
400 734 463 758 arte
482 732 544 765 regi
561 730 625 761 με).

258 808 432 844 Lichas
468 811 512 843 in
549 808 792 853 scopulum
816 806 877 854 4⁷).

170 878 305 914 Lichae
333 879 538 924 exemplum
574 878 699 917 docet,
738 875 939 910 ministeria
968 888 1073 921 prae-

65 934 189 969 sertim
207 933 244 966 in
262 931 353 966 aulis
368 943 441 965 esse
460 930 681 975 periculosa;
711 940 817 973 saepe
835 927 932 962 enim
955 928 1073 961 famu-

65 986 110 1020 lis
144 998 184 1019 ac
221 983 395 1018 ministris
431 982 690 1027 iniunguntur‚
728 992 821 1026 quae
857 985 1074 1024 comparant

64 1037 152 1083 ipsis
176 1036 336 1070 exitium.

316 1120 544 1153 Hercules
581 1119 625 1152 in
660 1117 814 1153 Deum.

118 1191 180 1225 Vs.
194 1189 282 1226 272.
327 1190 537 1233 Quadriiuyo
557 1200 662 1222 curru
693 1188 866 1221 radicibus
884 1187 929 1235 ⁴⁸)
956 1190 1074 1224 intulit

382 1243 502 1275 astris.

173 1302 245 1348 Qui
272 1302 462 1335 Herculem
489 1308 523 1335 et
546 1308 706 1335 caeteros
732 1298 862 1334 heroas
886 1313 928 1334 ex
957 1299 1075 1334 homi-

68 1354 176 1388 nibus
194 1353 291 1388 Deos
308 1359 586 1394 consecrarunt,
614 1353 775 1386 indicare
799 1353 993 1386 voluerunt
1017 1352 1076 1398 (ut

70 1405 190 1452 inquit
215 1405 341 1439 Cicero
366 1407 411 1438 de
436 1404 610 1450 Legibus)
636 1404 800 1437 omnium
828 1404 973 1449 quidem
998 1404 1075 1438 ani-

69 1470 149 1491 mos
172 1457 397 1491 immortales
422 1469 521 1496 esse,
557 1457 619 1490 sed
645 1456 794 1489 fortium
823 1468 862 1488 ac
894 1457 1074 1491 bonorum

71 1509 214 1543 divinos
231 1508 292 1556 ⁴⁹).
611 1513 618 1536 Ὗ

266 1603 376 1637 Gala
390 1600 517 1636 uthis
552 1603 596 1635 in
634 1605 883 1638 mustelam.

128 1672 185 1706 Vs.
203 1672 290 1707 323.
329 1674 395 1707 Ore
426 1674 538 1715 parii,
583 1678 781 1719 nostrasque
808 1675 941 1713 domos,
988 1679 1022 1708 ut
1047 1679 1078 1707 el

384 1730 480 1763 maie,
507 1723 714 1769 frequentat.

152 1792 251 1827 Idem
271 1793 385 1826 fertur
401 1794 444 1825 de
463 1805 528 1825 ave
537 1793 773 1838 Aegyptiaca,
791 1805 900 1839 quam
918 1792 997 1826 Ibin
1016 1806 1078 1826 vo-

77 1851 178 1886 cant,
204 1857 335 1890 nempe
352 1845 451 1891 quod
467 1844 584 1878 foetus
604 1856 669 1889 per
686 1851 845 1878 rostrum
863 1846 956 1879 edat.
998 1844 1079 1878 Mu-

75 1897 162 1933 stela
180 1903 303 1931 tamen
326 1896 383 1943 (ut
406 1896 529 1931 scribit
543 1896 756 1931 Aristoteles
781 1897 825 1930 de
849 1903 979 1930 natura
1004 1895 1080 1929 ani-

75 1949 246 1996 malium)
271 1961 347 1982 non
363 1948 510 1995 quidem
529 1960 591 1982 ore
616 1949 713 1994 parit
735 1947 826 1996 (quo
853 1948 948 1982 enim
974 1955 1079 1993 pacto

76 2002 193 2035 foetus
217 2002 262 2034 ad
285 2013 325 2036 os
349 2001 555 2046 perveniret
565 2000 619 2048 ?)‚
659 2002 721 2035 sed
745 2001 830 2047 quia
861 2001 957 2046 parit
982 2006 1081 2034 catu-

77 2054 132 2088 los
168 2053 367 2087 admodum
402 2065 557 2099 parvos,
591 2065 632 2086 ac
667 2065 773 2098 saepe
808 2065 870 2086 ore
898 2059 1081 2097 susceptos

78 2106 268 2146 transfert,
295 2105 378 2139 ideo
397 2105 505 2150 vulgo
526 2105 575 2138 ita
594 2117 805 2150 persuasum
826 2112 878 2139 est
900 2104 997 2138 illam
1018 2116 1080 2138 ore

78 2169 220 2203 parere.
288 2157 417 2191 Monet
450 2164 568 2191 autem
592 2155 833 2191 Galanthidos
859 2157 1002 2198 fabula,
1045 2169 1080 2190 se

79 2209 177 2254 ipsos
192 2209 336 2250 fallere,
365 2209 428 2256 qui
445 2209 584 2244 insidiis
608 2216 643 2243 et
666 2216 855 2255 praetextu
872 2208 988 2242 Deum
1017 2209 1081 2241 fal—

80 2261 154 2294 lere
181 2268 380 2301 conantur;
416 2261 477 2294 illa
506 2261 622 2301 enim,
657 2263 742 2296 dum
768 2262 954 2306 deceptam
977 2259 1082 2294 Luci-

81 2324 167 2346 nam
184 2312 331 2353 irridet,
360 2314 405 2346 ab
426 2326 465 2346 ea
486 2313 523 2346 in
540 2313 730 2347 bestiolam
747 2320 921 2347 mutatur.

117 2434 186 2468 46⁸)
204 2435 350 2460 claudian.
372 2435 398 2459 iu
418 2435 508 2459 Rufin.
528 2435 550 2465 Ι,
572 2436 629 2457 1-
642 2434 682 2458 18.

117 2477 164 2510 4⁷)
183 2477 264 2504 ovid.
283 2479 348 2502 Met.
366 2478 417 2508 lx,
431 2478 480 2502 211
497 2484 556 2508 sqq.

119 2521 168 2553 48)
197 2522 364 2551 radicibus]
393 2521 434 2546 sic
459 2522 543 2545 Editt.
561 2520 653 2551 1555,
672 2519 767 2549 1559.;
790 2519 885 2544 ovid.
905 2519 956 2545 Ed.
975 2519 1086 2543 Mitscn.

154 2557 352 2581 radiantibus.

121 2598 170 2630 49)
191 2599 241 2624 uis
260 2599 288 2622 in
308 2599 500 2626 Editt.1555.,
530 2599 605 2623 1559.
633 2598 756 2628 proxime
775 2602 884 2621 annexa
909 2600 953 2621 est
970 2603 1088 2621 enarra-

156 2634 195 2659 tio
215 2634 328 2659 Vss.4a
342 2641 383 2664 sq.
404 2634 467 2658 libri
484 2634 531 2663 Χ.,
550 2633 702 2663 inscripta:
725 2634 821 2657 Urnae
838 2632 981 2657 Belmina.
1008 2633 1090 2656 Hane

155 2670 208 2693 boc
225 2669 334 2700 quidem
354 2669 415 2693 ioco
435 2669 534 2700 omisi,
560 2669 660 2699 quippe
685 2673 755 2698 quiae
781 2667 808 2691 in
838 2667 947 2691 iibrix.
966 2672 1089 2692 enarra-

159 2704 234 2729 tione
253 2704 408 2728 exbibenda
427 2706 478 2727 est.

541 76 828 114 ENARRATIO
864 73 995 109 LIBRI
1021 74 1079 109 IX.
1118 66 1602 107 METAMORPHOSEON
1637 64 1800 103 OVIDII.

2060 65 2134 102 598

1273 157 1457 203 Dryope
1493 155 1538 189 in
1575 155 1718 188 lotum
1752 154 1987 189 arboren·.

1188 225 1247 261 Vs.
1265 225 1353 260 393.
1383 228 1528 268 Corpore
1546 228 1674 257 mutato
1689 227 1781 258 rami
1795 225 1926 259 caluere
1942 229 2103 257 recentes.

1216 293 1379 340 Dryope,
1396 293 1496 327 cuius
1513 304 1648 326 nomen
1663 303 1681 324 a
1702 304 1837 337 quercu
1855 300 1889 326 et
1900 304 1985 326 voce
2002 293 2134 326 sactum

1129 352 1203 387 est,
1242 346 1390 390 fingitur
1414 345 1452 378 in
1476 345 1590 378 lotum
1619 355 1814 383 conversa,
1849 345 1894 378 ob
1924 341 2018 377 hanc
2044 345 2136 377 forte

1128 409 1293 438 causam,
1330 398 1427 443 quod
1451 396 1546 430 inter
1573 401 1768 440 utramque
1803 396 1994 437 arborem,
2032 408 2137 442 quer-

1128 461 1208 481 cum
1239 455 1273 482 et
1297 449 1433 488 lotum,
1471 448 1593 493 aliqua
1620 447 1665 481 sit
1692 447 1958 481 convenientia.
2025 448 2138 481 Aiunt

1128 500 1224 533 enim
1254 501 1359 533 loton
1384 512 1459 533 non
1483 499 1616 534 sentire
1642 499 1796 539 cariem,
1825 499 1973 544 eiusque
2000 498 2136 543 lignum

1129 564 1202 586 esse
1226 551 1383 586 solidum
1417 551 1567 596 perinde
1596 556 1635 584 ut
1669 562 1856 596 quercum.
1926 549 1992 584 Est
2016 557 2137 584 autern

1129 603 1285 637 iucunda
1312 603 1433 636 sabula
1461 600 1549 636 haec
1573 609 1607 636 et
1633 602 1739 646 plena
1767 601 1989 636 suavissimis
2006 602 2139 635 affecti—

1126 655 1214 695 bus,
1242 654 1457 699 praesertim
1488 654 1525 687 in
1549 654 1640 694 fine,
1676 653 1738 687 ubi
1762 653 1912 700 Dryope
1939 665 1982 687 ex
2007 654 2137 687 arbore

1128 705 1293 753 loquitur
1305 733 1314 746 ,
1342 706 1466 739 iurans
1483 717 1519 739 se
1536 717 1609 739 esse
1629 705 1881 746 innocentem,
1911 711 1946 738 et
1961 706 2138 739 mandans

1128 757 1258 792 adduci
1281 757 1424 803 saepius
1447 757 1598 790 filiolum
1620 757 1665 790 ad
1682 769 1783 791 suam
1801 758 1991 799 arborem,
2018 764 2059 791 ut
2073 758 2139 792 sub

1127 822 1168 843 ea
1194 810 1349 851 ludens,
1386 809 1512 843 matris
1544 809 1764 842 recordetur.
1833 808 1942 849 Item,
1978 809 2041 843 ubi
2065 809 2139 844 suis

1127 861 1350 902 valedicens,
1379 861 1469 906 petit
1486 873 1522 894 se
1538 860 1681 893 defendi
1700 871 1720 893 a
1736 872 1861 895 morsu
1879 873 2051 904 pecorum
2064 888 2073 901 ,
2105 867 2139 894 et

1128 926 1147 947 a
1171 914 1282 954 falce,
1318 925 1388 959 qua
1414 913 1562 946 frondes
1588 918 1836 956 amputantur.
1889 911 1987 945 Haec
2013 913 2139 945 admo-

1127 966 1215 999 dum
1246 971 1330 999 sunt
1358 964 1483 999 sauvia
1512 970 1547 997 et
1572 963 1750 1004 iucunda,
1778 964 1991 1008 praesertim
2016 963 2054 997 in
2076 963 2139 997 tali

1129 1017 1359 1062 argumento.

1362 1111 1484 1144 Hebe
1522 1122 1632 1143 uxor
1665 1108 1784 1143 Herc
1800 1110 1900 1144 ulis.

1126 1181 1188 1216 Vs.
1207 1181 1294 1216 400.
1323 1183 1396 1214 Hoc
1415 1182 1467 1214 ἰΙΙὶ
1482 1181 1620 1213 dederat
1638 1182 1786 1214 lemonia
1804 1183 1958 1214 muneris
1976 1182 2079 1214 Hebe.

1232 1250 1332 1283 Hebe
1357 1250 1505 1294 fingitur
1537 1260 1629 1282 uxor
1656 1248 1819 1283 Herculis
1846 1261 1910 1290 e0‚
1946 1251 2046 1295 quod
2075 1262 2140 1294 pu-

1128 1304 1249 1337 bertas
1266 1314 1330 1336 seu
1344 1302 1477 1336 florens
1493 1307 1591 1335 aetas
1608 1301 1799 1334 coniuncta
1822 1307 1874 1335 est
1893 1313 1973 1334 cum
1993 1301 2137 1341 robore,

1131 1356 1229 1401 quod
1259 1365 1323 1398 per
1344 1353 1537 1387 Herculem
1570 1352 1813 1397 intelligitur,
1854 1359 2006 1398 propter
2032 1352 2141 1386 fortia

1131 1407 1243 1452 ipsius
1268 1406 1373 1440 facta.

1507 1490 1766 1525 Iolaus.

1186 1561 1243 1595 Vs.
1262 1560 1349 1595 399.
1379 1563 1449 1596 Ora
1469 1561 1673 1604 reformatus
1687 1562 1817 1603 primos
1834 1561 1950 1593 Iolaus
1966 1561 2002 1593 in
2020 1572 2139 1594 annos.

1235 1629 1356 1663 Iolaus
1374 1629 1463 1662 vixit
1481 1629 1524 1661 ad
1551 1640 1731 1662 summam
1750 1632 1971 1661 senectutem
1991 1627 2140 1671 integris

1134 1694 1247 1726 prope
1263 1681 1421 1721 viribus,
1450 1686 1484 1713 et
1501 1681 1539 1712 in
1555 1680 1659 1714 senili
1682 1685 1799 1712 aetate
1824 1678 1956 1712 multas
1982 1679 2142 1723 praecla-

1134 1746 1191 1767 ras
1225 1745 1281 1766 res
1313 1732 1439 1777 gessit;
1477 1732 1558 1765 ideo
1586 1731 1735 1776 fingitur
1763 1732 1883 1764 denuo
1909 1730 2136 1774 pubertatem

1135 1786 1296 1829 adeptus.
1357 1783 1473 1817 Simili
1488 1783 1635 1816 ratione
1652 1785 1840 1827 finguntur
1857 1782 2088 1816 Alcmaeonis
2107 1790 2141 1815 et

1135 1833 1356 1870 Callirrhoes
1383 1835 1446 1868 filii
1473 1834 1647 1868 beneficio
1679 1834 1797 1867 Hebes
1825 1833 2073 1866 transformati
2099 1846 2142 1867 ex

1134 1887 1332 1921 infantibus
1350 1887 1471 1920 statim
1487 1887 1524 1920 in
1545 1887 1809 1926 adolescentes,
1836 1897 1967 1928 nempe
1991 1891 2141 1929 propter

1135 1952 1191 1974 res
1217 1939 1313 1972 virili
1340 1945 1456 1972 aetate
1488 1939 1641 1983 dignas,
1686 1949 1775 1984 quas
1799 1937 1836 1969 in
1870 1930 1992 1970 tenera
2024 1943 2140 1971 aetate

1135 1997 1331 2037 gesserunt.

1487 2073 1788 2110 Tithonus.

1187 2147 1265 2181 VSS.
1282 2146 1357 2181 420
1374 2158 1427 2191 sq.
1455 2147 1612 2191 «μων-ὕην
1631 2150 1755 2177 veteres
1776 2144 1969 2177 Pallantias
1985 2156 2093 2177 annus

1189 2201 1349 2242 Goniatyis
1365 2209 1436 2231 esse
1450 2200 1515 2230 sui.

1240 2266 1422 2300 Tithonus
1445 2265 1593 2309 fingitur
1619 2266 1808 2298 adamatus
1824 2265 1869 2297 ab
1885 2264 2048 2304 Aurora,
2080 2275 2139 2296 ea-

1139 2321 1220 2353 dem
1250 2317 1418 2365 (opinor)
1455 2318 1618 2356 ratione,
1663 2329 1733 2362 qua
1772 2314 1970 2360 Cephalus,
2010 2327 2139 2359 nempe

1140 2372 1239 2418 quod
1261 2377 1344 2404 ante
1366 2370 1451 2404 solis
1475 2376 1595 2402 ortum
1621 2380 1766 2412 surgere
1790 2374 1824 2401 et
1847 2367 2024 2400 matutina
2052 2373 2140 2400 tem-

1141 2435 1231 2469 pora
1247 2435 1321 2455 non
1338 2434 1488 2461 somno,
1515 2422 1576 2455 sed
1594 2420 1742 2464 agendis
1769 2420 1875 2453 rebus
1902 2419 2060 2452 tribuere
2082 2430 2143 2451 so·-

1141 2476 1224 2509 litus
1250 2475 1368 2508 fuerit.
1439 2473 1606 2518 Fingitur
1628 2473 1713 2505 item
1738 2473 1783 2504 ad
1811 2482 1990 2505 summam
2016 2481 2142 2514 perve-

1142 2528 1235 2561 nisse
1265 2532 1505 2565 senectutem,
1545 2525 1704 2558 eiusdem
1731 2523 1894 2556 Aurorae
1924 2534 2028 2555 succo
2060 2533 2142 2565 per-

1144 2581 1260 2616 susus;
1307 2579 1351 2611 ad
1385 2578 1557 2611 tuendam
1593 2577 1688 2609 enini
1721 2574 1963 2607 valetudinem
1993 2574 2140 2618 prodest

1144 2631 1313 2677 perfundi
1329 2630 1494 2663 Aurorae
1517 2641 1642 2669 succo,
1671 2625 1739 2660 hoc
1755 2632 1828 2665 est,
1855 2625 1951 2660 simil
1967 2638 2046 2659 cum
2067 2625 2142 2659 sole

1146 2682 1390 2729 expergefieri.

1481 2733 1530 2766 38
1546 2730 1565 2748 ⁷*
