2421 3005
92 59 140 97 25
430 56 601 92 LXXVII.

142 147 177 182 Si
193 158 250 180 me
269 146 321 181 vis
338 146 459 179 lavare
473 172 481 186 ,
508 144 622 190 capite
641 144 828 190 impolluta
847 158 865 180 a
882 159 1024 181 summo

191 198 340 243 Semper
361 198 440 231 alba
459 208 551 242 aqua
571 196 656 231 fluet
674 205 820 237 nostro;

139 249 373 296 Inveniesque
408 261 465 282 me
488 248 656 283 omnibus
681 250 718 284 in
746 252 872 291 rebus,
918 257 1091 297 tanquam

505 307 688 335 excoctum

383 353 532 387 rubrum
558 354 726 398 adspectu
739 382 747 395 ,

498 404 631 439 indice:

139 458 248 493 Cuius
264 458 421 492 colorem
439 458 591 502 desuper
610 458 712 502 nigra
729 470 803 492 non
821 459 936 504 tangit
950 459 1091 504 rubigo,

188 510 314 557 Neque
348 509 479 549 caries,
532 521 673 555 semper
705 523 789 544 vero
820 510 946 545 florem
982 510 1091 545 habet

505 573 649 606 purum.

357 613 384 647 si
412 614 624 658 prudentiae
647 613 793 648 sortitus
821 626 911 648 esses
938 621 1090 660 partem,

502 672 538 699 ut
556 678 591 699 es
607 665 778 699 stultitiae
790 693 798 705 ,

186 717 233 752 Et
248 718 405 763 prudens
421 717 470 751 sic
481 743 490 757 ,
519 723 557 750 ut
576 718 722 751 demens
733 744 742 758 ,
770 717 912 752 fuisses:

84 769 159 806 455
190 770 314 804 Multis
331 769 564 803 admirandus
580 769 753 803 videreris
772 770 904 804 civium

187 822 263 862 Sic,
293 828 331 856 ut
347 833 443 855 nunc
460 818 564 853 nihili
585 821 712 866 dignus
733 834 780 856 es,

131 875 370 920 Nequaquam
388 872 473 907 utile
491 879 543 906 est
561 873 691 907 mulier
708 873 846 908 iuvenis
865 873 943 907 viro
961 873 1054 912 seni;

186 926 270 960 Non
289 925 383 959 enim
404 925 646 970 gubernaculo
664 933 779 971 paret,
805 926 991 972 quomodo
1011 937 1088 959 aca-

495 976 584 1010 tium
599 1004 608 1018 ‚

134 1029 259 1076 Neque
300 1026 497 1063 anchoram
535 1026 688 1068 habeon

505 1080 647 1115 vincula

82 1134 158 1170 460
185 1134 298 1179 Saepe
317 1134 359 1167 de
375 1139 480 1166 nocte
498 1132 609 1166 alium
619 1133 665 1179 35)
685 1131 794 1166 habet
813 1139 971 1177 portum.

88 353 163 390 450
191 354 348 394 Aurum,
792 355 938 400 quando
965 354 1092 389 teritur

139 616 167 649 0
188 611 319 654 homo,

741 1030 960 1075 abrumpens
1002 1041 1087 1063 vero

131 1187 328 1232 Nunquam
344 1197 418 1218 non
435 1184 606 1218 faciendis
624 1191 781 1218 mentem
801 1183 944 1226 adhibe,
972 1197 1088 1230 neque
1116 1178 1117 1186 ¹

500 1236 665 1270 intendas
685 1236 845 1269 animum

185 1289 324 1327 Rebus,
354 1299 507 1333 quarum
525 1287 674 1321 facultas
696 1294 745 1322 est
763 1288 873 1322 nulla.

129 1340 250 1375 Facile
268 1351 353 1374 sane
372 1351 448 1372 rem
461 1338 522 1371 Dii
539 1339 728 1380 dederunt,
757 1352 873 1385 neque
893 1339 1086 1385 quicquam
1114 1355 1117 1390 ε

493 1390 624 1423 malam

180 1444 306 1491 Neque
330 1443 484 1483 bonam,
513 1417 647 1476 difficili
676 1449 794 1476 autem
820 1442 913 1476 facto
934 1443 1085 1487 gloriam

494 1492 614 1529 habet.

79 1547 154 1584 465
183 1547 285 1582 Circa
302 1547 473 1581 virtutem
495 1553 694 1587 conterere,
723 1552 756 1579 et
773 1545 838 1579 tibi
860 1546 949 1581 iusta
971 1547 1084 1581 amica
1113 1567 1115 1593 3

495 1605 602 1633 sunto

180 1652 306 1697 Neque
324 1657 357 1684 te
374 1651 495 1684 vincat
512 1626 651 1685 lucruin
663 1677 672 1691 ‚
701 1650 800 1696 quod
818 1656 922 1695 turpe
941 1651 996 1686 sit.

129 1703 320 1738 Neminem
352 1701 482 1736 horum
515 1702 670 1736 invitum
699 1714 846 1736 manere
871 1714 956 1748 coge
989 1704 1083 1749 apud

496 1766 562 1788 nos
574 1781 582 1794 ,

181 1807 306 1852 Neque
325 1806 422 1840 foras
440 1805 522 1839 iube
539 1818 613 1839 non
632 1806 811 1839 volentem
828 1806 899 1846 ire,

128 1858 253 1905 Neque
290 1858 530 1892 dormientem
569 1858 704 1898 excita,
753 1870 770 1891 ο
805 1857 1008 1892 Simonides
1023 1857 1083 1903 36)
1110 1873 1111 1876 “

493 1921 745 1955 quemcunque
762 1906 927 1943 nostrum

77 1963 151 1999 470
178 1962 370 1996 Armatum
388 1960 472 1993 vino
482 1960 530 2006 3⁷)
546 1961 664 1995 mollis
680 1974 827 1996 somnus
855 1961 1081 2006 corripuerit.
1109 1956 1111 1983 ¹¹

126 2015 252 2061 Neque
270 2012 480 2058 vigilantem
499 2012 581 2046 iube
601 2013 755 2046 invitum
777 2013 954 2051 dormire;

177 2065 308 2101 Omnis
325 2064 420 2099 enim
440 2071 561 2098 coacta
580 2065 802 2099 resmolesta
825 2072 887 2100 est.

126 2119 256 2153 Elbere
275 2129 360 2151 vero
376 2117 512 2150 volenti
528 2118 704 2151 adstando
725 2119 801 2164 quis
819 2118 964 2152 misceat
979 2130 984 2149 2

175 2171 260 2206 Non
277 2181 400 2203 omnes
418 2175 540 2203 noctes
559 2168 735 2214 contingit
751 2169 874 2203 suavia
894 2169 981 2215 pati.

75 2221 151 2259 475
177 2224 226 2258 At
242 2233 307 2266 ego
319 2247 328 2262 ,
354 2222 504 2255 modum
523 2221 616 2254 enim
636 2219 752 2255 habeo
769 2221 888 2256 suavis
907 2220 1001 2261 vini,

177 2273 305 2310 Somni
335 2273 510 2308 sedatoris
542 2274 721 2308 malorum
753 2286 896 2308 memor
930 2285 991 2307 ero
1015 2273 1078 2306 do-

488 2338 587 2359 mum
606 2326 797 2371 profectus.

510 2379 606 2422 quod
626 2378 751 2412 vinum
778 2377 1074 2412 iucundissimum

489 2435 540 2462 est
558 2429 636 2462 viro
657 2437 782 2474 potatu
798 2443 804 2467 ;

123 2379 320 2414 Ostendam
340 2383 458 2411 autem
473 2403 481 2412 .

103 2564 151 2596 ³5)
170 2564 270 2594 alium]
289 2566 372 2590 Editt.
395 2565 487 2595 1576.,
509 2566 584 2589 1581.
605 2565 704 2589 mendo
724 2566 853 2595 typogr:
880 2563 972 2588 aliam.

103 2615 152 2648 36)
173 2617 345 2646 Simonides]
371 2617 411 2642 sic
443 2619 492 2646 (ε
519 2618 639 2649 Theogn.
666 2614 817 2649 Σιμονίδη)
843 2616 926 2641 Editt.
955 2616 1021 2640 1563
1041 2630 1072 2633 —
1099 2640 1101 2644 ,

139 2651 231 2682 ¹581.;
256 2652 308 2678 Ed.
327 2652 401 2676 1561.
420 2652 602 2677 Simoniades.

103 2702 151 2731 ³7)
170 2702 250 2733 vino]
268 2704 318 2730 Ed.
334 2704 408 2729 1581.
426 2704 525 2728 mendo
545 2706 674 2736 typogr.:
700 2709 762 2727 uno.

657 56 1059 93 INTERPRETATIO
1087 55 1474 93 SENTENTIARUM
1505 55 1811 93 THEOGMDIS.
2106 61 2154 96 26

1249 144 1375 192 Neque
1394 144 1488 178 enim
1508 143 1648 179 sobrius
1666 157 1758 187 sum,
1774 159 1891 193 neque
1905 148 2008 180 valde
2023 147 2152 182 ebrius.

1198 197 1372 244 Quisquis
1388 203 1506 231 autem
1527 197 1753 242 praeterierit
1770 205 1875 243 potus
1893 200 2056 239 modum,
2078 212 2151 233 non

1565 248 1718 293 amplius
1735 250 1793 283 ille

1147 299 1222 335 480
1249 300 1342 335 Suae
1379 300 1490 346 ipsius
1535 300 1677 345 linguae
1718 314 1864 347 compos
1910 308 1983 343 est,
2037 314 2152 348 neque

1564 352 1706 388 mentis.

1198 403 1377 451 Loquitur
1397 411 1515 439 autem
1530 404 1691 445 infinita,
1728 417 1819 451 quae
1838 406 1965 439 sobriis
1985 405 2152 439 videntur

1563 457 1703 502 turpia3

1250 507 1403 543 Veretur
1431 521 1516 543 vero
1542 508 1674 543 faciens
1704 506 1812 549 nihil,
1857 509 2002 555 quando
2035 510 2151 542 ebrius

1565 561 1692 594 fuerit:

1198 611 1290 645 Ante
1308 611 1369 657 qui
1387 618 1462 644 erat
1477 613 1630 656 sapiens,
1648 619 1733 647 tunc
1750 612 1889 647 stultns.
1924 613 1990 645 Sed
2012 619 2047 646 tu
2067 610 2152 644 liae(-

1250 662 1478 708 Cognoscens
1491 689 1499 703 ,
1527 677 1571 697 ne
1588 665 1669 698 bibe
1689 665 1813 698 vinum
1833 676 1941 709 supra
1961 666 2128 701 modum;

1146 713 1220 750 485
1249 715 1318 749 Sed
1336 722 1397 749 aut
1416 715 1626 762 priusquam
1650 724 1757 761 potus
1789 716 1854 755 sis,
1893 728 2015 761 surge,
2051 728 2094 748 ne
2120 722 2151 748 te

1563 775 1689 813 urgeat

1248 818 1383 852 Venter
1396 846 1403 860 ‚
1433 831 1495 853 cen
1515 820 1650 853 malum
1667 832 1809 853 servum
1826 820 2090 865 quotidianum.

1196 871 1269 904 Aut
1301 883 1469 916 praesens
1504 884 1549 906 ne
1581 871 1680 909 bibe;
1724 878 1762 905 tu
1788 884 1872 905 vero
1899 870 1990 906 habe
2007 872 2053 917 3³³)
2083 871 2149 905 lioc

1560 936 1693 957 vanum
1708 950 1716 963 ,

1249 974 1377 1008 Calicis
1396 987 1537 1020 semper
1554 987 1659 1010 causa
1675 987 1760 1009 sane
1778 982 1884 1021 potus
1903 988 1949 1010 es.

1196 1025 1262 1060 Hic
1292 1027 1388 1060 enim
1423 1028 1537 1061 fertur
1569 1028 1768 1061 amicorum
1797 1027 1909 1072 gratia
1923 1054 1931 1068 ,
1974 1026 2032 1059 ille
2070 1038 2150 1058 xero

1567 1081 1787 1124 proponitur
1798 1094 1804 1117 ;

1115 1167 1118 1175 ⁴
1145 1128 1219 1163 490
1248 1128 1351 1163 Illum
1368 1142 1454 1164 vero
1475 1130 1552 1165 Diis
1570 1131 1680 1170 libas,
1710 1129 1805 1165 hunc
1822 1131 1858 1163 in
1879 1144 1988 1164 manu
2007 1129 2129 1164 habes.

1195 1182 1335 1225 Negare
1354 1194 1429 1215 non
1448 1184 1555 1223 nosti,
1575 1183 1792 1217 invincibilis
1808 1195 1892 1217 vero
1912 1195 1996 1216 sane
2014 1183 2072 1215 ille
2089 1187 2148 1221 est,

1249 1234 1320 1279 Qui
1339 1235 1471 1268 multos
1482 1234 1529 1281 39)
1545 1235 1671 1269 bibens
1690 1235 1741 1268 nil
1760 1235 1920 1280 ineptum
1941 1235 2045 1268 dicet.

1196 1284 1268 1319 Vos
1298 1297 1383 1319 vero
1410 1287 1499 1320 bene
1523 1287 1715 1333 loquimini
1744 1288 1786 1320 ad
1815 1293 1989 1321 craterem
2001 1286 2048 1331 ²¹⁰)
2074 1297 2148 1318 ma-

1564 1345 1709 1379 nentes,

1245 1387 1401 1422 lnvicem
1422 1389 1536 1434 iurgia
1557 1391 1619 1423 diu
1636 1389 1879 1435 prohibentes.

1143 1438 1217 1475 495
1245 1439 1284 1474 In
1303 1441 1460 1475 medium
1481 1442 1668 1488 loquentes
1686 1443 1792 1477 simul
1808 1455 1886 1477 cum
1906 1454 1992 1481 uno,
2018 1448 2049 1474 et
2062 1445 2147 1474 'cum

1560 1495 1746 1535 omnibus,

1246 1543 1289 1577 Et
1306 1544 1355 1578 sic
1371 1545 1577 1579 convivium
1598 1547 1635 1580 fit
1654 1558 1728 1579 non
1746 1546 1981 1579 iniucundum
1991 1543 2050 1589 ⁴¹).

1192 1594 1396 1641 Insipientis
1434 1598 1502 1630 viri
1539 1599 1645 1632 simul
1686 1605 1718 1631 et
1762 1597 1953 1643 sapientis,
2005 1596 2145 1628 vinum:

1557 1651 1702 1696 quando
1722 1662 1806 1685 sane

1244 1700 1396 1735 Potatur
1413 1714 1518 1746 supra
1538 1704 1708 1742 modum,
1738 1703 1792 1736 lex·
1797 1714 1850 1735 em
1874 1701 1959 1733 facit
1977 1705 2145 1732 mentem.

1192 1751 1261 1785 In
1252 1765 1333 1797 igne
1352 1754 1497 1799 quidem
1519 1767 1646 1788 aurum
1664 1761 1697 1788 et
1707 1760 1901 1813 'argentum
1924 1751 2028 1797 periti
2048 1751 2114 1783 xiri

1110 1810 1113 1834 .'
1139 1802 1213 1838 500
1230 1804 1477 1849 Cognoscunt;
1494 1807 1562 1839 xiri
1577 1819 1662 1839 xero
1681 1807 1803 1840 xinum
1824 1805 1957 1838 indicat
1975 1809 2145 1841 mentem,

1189 1855 1234 1889 Et
1259 1857 1415 1891 maxime
1441 1859 1546 1891 etiam
1572 1858 1762 1903 sapientis,
1804 1858 1902 1903 quod
1927 1867 2034 1900 supra
2066 1866 2143 1887 mo-

1552 1911 1637 1944 dum
1659 1908 1777 1944 hausit
1793 1910 1937 1946 bibens,

1242 1958 1292 1993 Ita
1321 1967 1361 1994 ut
1384 1962 1549 2006 deturpet
1577 1969 1611 1995 et
1633 1975 1726 2004 eum,
1763 1964 1821 2008 qui
1852 1960 1950 2006 prius
1984 1963 2061 1990 crat
2090 1969 2141 1990 5³¹-

1555 2014 1669 2058 piens.

1186 2061 1280 2095 Vino
1301 2074 1433 2107 gravor
1450 2071 1574 2109 caput,
1603 2065 1885 2105 oOnomacrite,
1914 2070 1947 2097 et
1965 2059 2052 2095 mihi
2070 2060 2140 2092 vim

1554 2116 1661 2149 infert

1237 2164 1385 2205 Vinum,
1402 2173 1435 2200 et
1449 2167 1577 2201 mentis
1592 2180 1665 2201 non
1680 2167 1834 2212 amplius
1849 2178 1915 2211 ego
1930 2178 2006 2200 sum
2023 2170 2139 2198 custos

1134 2214 1209 2252 505
1236 2217 1409 2258 Nostram
1443 2225 1478 2252 at
1502 2220 1631 2253 domus
1658 2219 1924 2257 circumcurrit;
1967 2218 2025 2252 sed
2054 2228 2137 2251 sane

1554 2283 1703 2316 surgens

1165 2404 1213 2437 38)
1232 2405 1314 2434 habe]
1335 2405 1376 2428 sic
1403 2405 1451 2434 (=
1470 2405 1591 2436 Theogn.
1612 2403 1671 2437 ἔχε)
1699 2404 1782 2431 Editt.
1804 2405 1898 2436 1561.‚
1926 2403 2020 2432 1563.,
2049 2402 2134 2428 ¹576..

1202 2441 1298 2470 1581.;
1324 2439 1518 2471 Editt.1564.,
1541 2441 1614 2464 1570.
1635 2441 1729 2465 habes,

1164 2492 1211 2524 39)
1232 2492 1333 2516 multos
1360 2491 1436 2523 (scil.
1455 2492 1586 2523 calices„
1614 2492 1656 2516 sie
1681 2491 1729 2523 (=
1748 2492 1867 2522 Theogn.
1888 2488 2022 2520 πολλοὺς)
2049 2489 2131 2514 ῙζιίῑῑῐΔ

1199 2528 1292 2558 1564.,
1313 2526 1405 2558 1570.;
1429 2527 1515 2551 Editt.
1533 2527 1625 2558 1561.,
1647 2527 1739 2557 1563„
1762 2526 1853 2557 1576.,
1875 2526 1949 2550 1581.
1970 2525 2072 2549 inultis.

1162 2580 1210 2608 40)
1231 2579 1384 2608 craterem]
1404 2579 1444 2602 sic
1465 2578 1512 2610 (=
1531 2579 1652 2607 Theogn.
1672 2577 1798 2610 κρητῆρι)
1825 2577 1907 2601 Editt.
1926 2577 1987 2601 1561
2001 2577 2129 2600 —1564..

1199 2614 1288 2643 1576„
1312 2615 1404 2644 1581.;
1431 2614 1481 2637 Ed.
1500 2613 1573 2637 1570.
1594 2615 1739 2642 corrupte:
1766 2613 1930 2637 creatorem.

1161 2667 1209 2695 41)
1229 2671 1282 2689 non
1303 2665 1495 2694 iniucundum]
1515 2665 1556 2688 sic
1572 2664 1619 2694 (ε
1632 2665 1750 2691 Theogn.
1772 2660 1821 2687 οὐκ
1839 2662 1937 2695 ἄχαρι)
1951 2664 2034 2687 Editt.
2049 2663 2130 2693 1561,

1198 2701 1291 2731 1570.;
1315 2701 1400 2726 Editt.
1419 2702 1510 2729 156¹.,
1536 2701 1626 2727 1563„
1650 2699 1741 2729 15?6.,
1764 2699 1838 2722 15⁵1.
1859 2705 1912 2723 non
1933 2699 2084 2722 iucundum.
