2341 2973
241 111 316 148 335

243 212 264 232 a
282 199 389 243 Myda
400 197 446 241 83)
460 223 468 236 ,
496 195 558 241 qui
575 194 759 240 respondit
774 195 1012 239 interrogatus
1029 196 1072 228 de
1090 207 1230 229 summo

821 109 943 143 PHIL.
977 108 1090 144 MEL.
1122 109 1322 144 SCRIPTA
1356 111 1689 149 PfflLOLOGlGA.

243 252 358 289 bono,
388 247 561 291 optimum
582 258 655 280 esse
671 244 811 279 homini
834 258 907 279 non
931 246 1050 286 nasci,
1085 252 1146 279 aut
1168 259 1232 280 na·
1257 263 1259 279 x

242 308 316 334 tum
335 311 442 345 quam
463 298 645 331 celerrime
662 298 767 337 mori,
794 299 853 331 sed
870 303 1147 330 consentaneum
1168 304 1231 338 est,

240 351 352 385 Sileni
368 350 644 394 appellationem
664 354 841 392 sumptam
861 360 933 382 esse
951 360 992 381 ex
1005 348 1141 382 Graeca
1159 355 1230 382 tra-

242 403 366 446 goedia
391 400 592 445 Euripidis,
633 400 730 433 cuius
754 411 860 444 supra
884 399 1019 432 mentio
1046 400 1137 432 facta
1167 406 1229 434 est.

240 455 292 486 Ac
315 450 405 485 mihi
433 451 604 495 cogitanti
627 452 670 483 de
696 450 835 489 Sileno,
876 449 1080 483 consiliario
1105 450 1230 495 Cyelo-

240 505 294 549 pis
305 503 371 551 ⁸⁸²),
402 504 456 536 cui
476 503 616 547 Ulysses
642 502 736 545 apud
753 501 950 534 Homerum
976 501 1120 535 unicum
1147 514 1229 535 ocu-
1254 517 1256 527 1

242 557 335 595 lum,
364 567 468 599 quem
486 554 522 585 in
540 554 657 585 fronte
679 550 870 591 habuerat,
903 552 1098 597 0110111185),
1131 552 1230 585 venit

1256 293 1258 309 )

1256 329 1257 363 l

1255 365 1258 397 1

1255 403 1257 418 i

1254 466 1257 480 1

1255 487 1257 507 l

240 607 278 639 in
304 612 459 638 mentem
486 603 754 637 xenustissimae
781 603 974 642 orationis,
1016 615 1106 648 quae
1133 604 1229 647 apud
1255 606 1256 636 Ξ

238 657 447 702 Oppianum
465 661 558 688 extat
582 655 619 686 in
644 654 735 686 libro
761 655 803 687 de
826 654 1043 698 piscatione,
1078 656 1120 687 de
1150 660 1227 687 ceto

237 715 274 742 et
288 707 448 741 musculo
457 705 516 752 ⁸⁶).
563 706 878 750 Quemadmodum
899 708 993 738 enim
1012 711 1108 739 cetus
1125 718 1228 738 111011-

239 766 350 793 strum
377 757 621 794 horrendum,
649 757 773 800 ingens
801 762 834 789 et
858 756 1032 795 immane,
1067 756 1228 801 sequitur

237 812 381 844 ductum
417 815 449 841 et
484 807 641 852 auspicia
671 807 772 851 parvi
804 807 926 851 piscis,
971 819 1075 852 quem
1106 806 1227 839 Latini

239 862 436 895 musculum
456 860 651 904 appellant:
682 859 729 890 ita
750 859 787 890 in
804 859 893 891 aulis
919 858 1130 903 plerumque
1153 870 1226 890 ma-

238 915 297 957 gni
321 925 420 956 reges
446 918 480 944 et
505 910 684 955 principes
708 922 781 942 non
808 910 879 943 suis
907 909 1061 942 consiliis
1092 909 1226 941 obtem-

236 971 384 1009 perant,
409 964 469 997 sed
486 968 657 1005 reguntur
684 962 728 993 ab
751 961 871 1005 aliquo
894 960 1050 1004 parasito
1076 966 1108 992 et
1134 966 1226 992 vete-

234 1022 357 1048 ratore
382 1014 515 1052 aulic0,
552 1012 613 1058 qui
635 1012 747 1045 doctis
771 1012 862 1044 dolis
885 1018 918 1044 et
942 1010 1063 1044 facetis
1085 1010 1226 1043 fabricis

237 1066 294 1111 (ut
314 1066 433 1099 Plauti
451 1064 567 1097 verbis
587 1063 685 1108 utar)
703 1063 925 1105 glaucomain
945 1062 990 1094 ob
1015 1062 1136 1094 oculos
1164 1062 1225 1093 ob-

237 1118 311 1150 iicit
327 1116 501 1161 principi,
528 1121 585 1153 ut,
614 1114 709 1159 quod
728 1113 843 1153 videt,
870 1124 943 1145 non
961 1112 1090 1145 videat.
1136 1111 1226 1145 Nar-

237 1175 291 1202 rat
312 1168 417 1201 etiam
440 1165 646 1211 Oppianus,
674 1163 741 1198 hoc
765 1170 903 1197 tantum
933 1169 965 1196 et
991 1170 1062 1196 tam
1087 1169 1225 1196 vastum

238 1226 437 1253 monstrum
463 1230 538 1251 non
563 1217 600 1249 111
623 1216 858 1261 longinquum
895 1214 1119 1259 prospicere,
1165 1214 1225 1246 sed

238 1272 313 1306 visu
331 1283 403 1305 0550
422 1269 616 1302 admodum
635 1265 774 1307 hebeti,
803 1278 952 1312 eamque
968 1266 1013 1298 ob
1030 1276 1170 1298 causam
1195 1264 1226 1297 ei

238 1336 327 1367 opus
344 1334 416 1356 esse
435 1321 551 1354 alieno
569 1320 695 1359 ductu,
729 1325 763 1351 et
785 1318 902 1357 addit,
938 1323 1041 1361 capto
1064 1316 1225 1349 musculo

237 1376 384 1408 ductore
408 1372 509 1406 facile
540 1370 695 1415 opprimi
719 1382 821 1414 posse
846 1369 960 1413 ipsum
987 1373 1115 1400 cetum.
1175 1365 1225 1398 lta

238 1426 338 1459 multi
365 1424 543 1469 principes
567 1420 657 1454 nibil
678 1420 811 1454 habent
839 1419 977 1453 consilii
1007 1424 1040 1451 et
1071 1419 1227 1462 pruden-

237 1478 319 1516 tiae,
339 1477 399 1510 sed
415 1481 552 1508 tantum
571 1479 653 1508 sunt
667 1473 774 1505 tibiae
793 1471 910 1504 alieno
930 1469 1226 1514 spirituinssatae,

238 1542 277 1562 ae
296 1528 397 1560 facile
416 1525 744 1560 circumveniuntur
775 1522 938 1556 inescatis
961 1521 1059 1565 prius
1087 1532 1125 1552 ac
1149 1531 1226 1552 001-

237 1580 350 1624 ruptis
371 1578 519 1622 110οι111111
541 1576 703 1621 parasitis
723 1574 857 1608 aulicis.
917 1573 1017 1605 llanc
1034 1570 1225 1614 imaginem

238 1630 522 1674 contemplentur
540 1627 706 1666 studiosi,
735 1625 873 1670 quoties
897 1622 1141 1656 confusionem
1166 1634 1227 1654 au-
1252 1639 1254 1663 5

238 1683 351 1715 larum
369 1693 442 1714 11011
460 1681 533 1714 51110
552 1679 687 1723 gemitu
703 1684 737 1709 et
754 1674 945 1719 lachrymis
964 1673 1174 1717 adspiciunt.

568 1796 776 1847 Ecloga
807 1793 903 1832 vn.

273 1875 597 1918 Argumentum
629 1871 672 1902 in
700 1868 940 1913 septimam
970 1865 1192 1909 Eclogam.

344 1948 500 1992 Septima
526 1945 655 1989 Ecloga
687 1944 868 1989 quandam
896 1939 1003 1974 babet
1027 1939 1228 1973 similitudi-

243 2013 323 2035 nem
351 2012 428 2032 011111
453 1997 567 2031 1011111.
622 1997 703 2030 Nm
728 1995 821 2027 enim
847 1998 980 2026 constat
1008 2004 1080 2025 11110
1107 1991 1227 2036 111111110

242 2057 415 2098 perpetuo
437 2055 668 2091 argumento,
706 2047 765 2080 sed
788 2046 916 2078 ludunt
941 2050 1099 2088 pastores
1121 2042 1228 2075 variis

243 2101 444 2140 sententiis,
473 2106 645 2133 certantes
662 2100 703 2131 de
722 2098 825 2131 laude
844 2095 995 2140 ingenii3
1022 2101 1055 2127 et
1076 2091 1142 2126 hae
1169 2105 1229 2125 va-

243 2155 318 2188 riae
335 2151 529 2188 sententiae
549 2157 629 2184 sunt
648 2157 707 2183 aut
725 2148 946 2182 laudationes
964 2151 1141 2178 certorum
1165 2142 1228 2177 ho-

244 2206 380 2239 minum
393 2230 401 2243 ,
426 2209 486 2235 aut
504 2204 671 2246 figuratae
690 2207 722 2233 et
738 2206 905 2233 venustae
924 2194 1228 2242 reprehensiones,

245 2263 307 2290 aut
323 2254 578 2298 descriptiones
596 2253 866 2285 commodorum
888 2246 1116 2293 100011111187),
1144 2247 1226 2280 110111

245 2312 515 2352 tempestatum,
550 2316 640 2350 quae
668 2310 748 2336 sunt
772 2302 910 2345 egregia
939 2299 1072 2333 lmnina
1097 2299 1228 2331 oratio-

282 2447 328 2471 03)
350 2444 448 2473 Mydon
476 2442 513 2464 sir
543 2440 624 2463 mitt,
653 2438 742 2467 ¹558,
772 2438 860 2465 ¹593.;
898 2437 973 2460 cuius
1001 2437 1060 2460 1000
1087 2435 1228 2463 tegendum

316 2486 380 2501 mse
400 2477 507 2499 videtur
527 2481 640 2498 nomen:
672 2473 767 2503 Sylla,
794 2479 871 2502 qur-m
892 2474 1016 2501 satyrum
1037 2470 1145 2498 cepisse
1165 2469 1229 2492 Plu-

319 2513 428 2535 tan-mm
450 2511 474 2533 in
495 2510 553 2532 eius
575 2509 631 2531 vita
650 2515 673 2532 e.
687 2507 728 2531 27.
749 2510 853 2530 narrat.

285 2556 331 2582 m)
351 2554 427 2577 (jons.
449 2553 541 2581 Eur-ip.
565 2551 685 2581 Cyclops
704 2549 755 2573 203
772 2556 829 2579 sqq.

284 2598 329 2627 ⁸5)
351 2598 425 2619 110111.
447 2597 495 2619 011.
517 2595 564 2618 lx.
583 2593 739 2618 371ffl2102.

283 2640 331 2667 Ἀθ)
351 2638 462 2668 oppiani.
482 2639 515 2661 de
534 2637 628 2667 piscat.
649 2636 692 2659 111.

282 2683 330 2708 87)
349 2682 548 2705 commodorum
573 2679 726 2707 locorum,]
754 2677 795 2701 sic
819 2675 902 2702 Editt.
923 2677 1014 2705 ¹568..

322 2717 391 2740 1565.
412 2716 627 2739 commodorum.
647 2715 785 2742 locorum,

1050 2675 1117 2699 1592
1138 2682 1145 2702 ς

1182 2672 1230 2696 Ed,

2202 118 2275 153 336

1284 197 1350 230 nis.
1401 198 1593 233 Possumus
1612 206 1729 233 autem
1748 201 1791 233 ad
1809 207 1970 234 nostrum
1987 214 2089 235 usum
2106 202 2271 247 inprimis

1284 248 1393 281 multa
1423 261 1464 281 ex
1488 255 1561 282 tam
1585 250 1691 284 variis
1722 251 1905 284 sententiis
1939 254 2148 293 transferre,
2190 267 2268 288 cum

1283 299 1350 343 ipsi
1369 305 1429 332 aut
1438 299 1483 344 ³⁸)
1501 300 1688 335 laudamus
1705 302 1881 342 eruditos,
1908 309 1969 336 aut
1992 304 2193 338 deridemus
2217 305 2271 338 in-

1283 357 1401 393 eptos,
1429 357 1489 383 aut
1509 351 1668 391 invidos,
1694 359 1734 385 ut
1751 350 1808 386 bic
1830 353 2058 393 deridentur,
2095 367 2174 389 cum
2203 355 2267 388 ait:

1285 401 1360 445 (Vs.
1378 401 1457 446 26.)
1489 403 1623 436 Invidia
1647 410 1847 446 rumpantur
1870 410 1905 438 1ιί
1931 405 1992 438 ilia
2016 407 2131 440 codro.
2192 405 2269 440 Ma-

1283 464 1388 494 gnam
1413 458 1530 485 autem
1556 453 1707 496 gratiam
1734 452 1866 487 habent
1893 453 1959 488 hae
1983 456 2094 489 salsae
2122 458 2267 500 figurae.

1281 502 1343 536 Est
1360 509 1393 535 et
1409 503 1500 535 bella
1526 504 1716 547 descriptio
1740 507 1889 549 superbe
1916 509 2195 547 contemnentis,
2230 514 2268 541 ut

1282 553 1309 587 si
1327 554 1460 586 dicam:
1489 553 1649 598 lmprobi
1666 561 1803 588 tantum
1820 563 1945 590 curant
1963 558 2056 601 leges
2075 564 2109 591 et
2128 558 2270 602 religio·

1282 617 1383 643 nem,
1413 604 1505 648 (Vss.
1523 604 1567 640 51
1587 606 1656 651 sq.)
1681 612 1841 652 quantum
1865 620 2040 643 munerum
2060 610 2176 652 lupus,
2211 615 2269 644 aut

1281 658 1446 689 torrentia
1464 657 1609 699 flumina
1634 659 1739 700 ripas.
1807 658 1968 704 Utraque
1993 660 2188 693 similitudo
2218 666 2268 694 est

1282 707 1481 750 aptissima:
1519 708 1606 740 Mali
1622 715 1860 753 perrumpunt
1874 709 1986 753 leges,
2013 711 2102 744 sicut
2118 711 2266 744 flumina

1280 758 1550 791 intumescentia
1577 765 1673 792 extra
1698 759 1795 804 ripas
1819 766 2023 804 erumpunt.
2075 760 2212 795 lndocti
2234 768 2268 795 et

1281 809 1401 852 cupidi
1436 807 1549 842 nihilo
1586 811 1697 854 pluris
1728 811 1863 844 faciunt
1898 811 2061 845 ordinem
2098 819 2132 845 et
2164 804 2281 856 legess

1281 872 1387 904 quam
1404 861 1507 904 lupus
1526 874 1714 894 numerum
1734 862 1867 896 ovium.
1911 862 1988 895 Hoc
2004 863 2113 896 modo
2131 875 2268 897 accom-

1280 912 1428 944 modare
1447 911 1622 946 discamus
1642 910 1703 946 bas
1720 914 1861 956 figuras.
1915 913 2010 946 Haec
2027 914 2209 958 diligentia
2234 921 2267 947 et

1279 961 1449 995 iudicium
1465 963 1597 996 format
1617 969 1650 996 et
1669 964 1730 996 alit
1750 964 1890 1008 copiam
1911 964 2096 999 orationis.

1580 1047 1712 1081 Aliud
1742 1048 1955 1083 eiusdem.

1382 1114 1477 1147 Haec
1492 1114 1622 1159 Ecloga
1648 1117 1786 1160 generis
1801 1123 1852 1150 est
1874 1117 2061 1150 iudicialis.
2116 1116 2262 1150 Certant

1280 1164 1374 1196 enim
1394 1166 1465 1197 duo
1488 1165 1581 1199 inter
1605 1180 1640 1200 se
1663 1167 1881 1201 carminibus
1906 1169 1948 1200 de
1974 1166 2123 1199 victoria
2149 1173 2266 1210 pasto-

1280 1227 1347 1248 res.
1401 1216 1551 1250 Videtur
1570 1224 1686 1251 autem
1704 1216 1762 1251 hic
1780 1224 1884 1262 poeta
1904 1218 2063 1251 aemulos
2080 1229 2162 1251 suos
2187 1229 2267 1250 exa—

1280 1266 1391 1309 gitare
1418 1267 1589 1308 voluisse,
1628 1282 1707 1302 cum
1732 1269 1961 1314 Corydonem
1987 1268 2128 1301 vincere
2155 1267 2266 1311 fingit.

1280 1316 1342 1350 Est
1368 1324 1486 1351 autem
1515 1320 1637 1363 copiae
1663 1322 1885 1364 exemplum,
1931 1319 2160 1364 consistitque
2192 1324 2267 1351 tota

1279 1367 1409 1411 Ecloga
1441 1369 1478 1401 in
1510 1376 1680 1414 perpetua
1709 1369 1877 1404 antithesi
1902 1371 2069 1415 quadam.
2129 1369 2267 1402 Princi-

1279 1419 1377 1462 pium
1399 1426 1579 1464 sumptum
1598 1427 1649 1454 est
1666 1434 1705 1454 ex
1727 1420 1783 1455 Vl.
1806 1420 1931 1466 Idyllio
1949 1418 2145 1454 Theocriti.
2196 1419 2267 1453 Per

1280 1470 1507 1515 Corydonem
1533 1471 1608 1504 sine
1636 1473 1744 1505 dubio
1770 1472 1935 1515 intelligit
1957 1471 2167 1515 Virgilium,
2203 1482 2266 1515 per

1280 1519 1436 1566 Thyrsin
1468 1535 1552 1555 xero
1586 1524 1764 1556 aemulum
1799 1524 1979 1568 quendam
2004 1522 2185 1556 Maevium
2212 1521 2265 1554 vel

1279 1572 1454 1606 Anserum
1468 1601 1476 1612 ,
1503 1575 1545 1606 de
1566 1586 1636 1619 quo
1656 1581 1776 1618 postea
1795 1575 1972 1619 loquetur.

1586 1656 1721 1688 Aliud
1750 1655 1963 1689 eiusdem.

1385 1723 1553 1756 Continet
1569 1724 1719 1768 septima
1729 1723 1859 1767 Ecloga
1874 1729 2054 1756 certamen
2069 1728 2266 1766 pastorum,

1281 1786 1352 1819 quo
1373 1775 1512 1808 videtur
1530 1781 1634 1818 poeta
1652 1775 1804 1808 voluisse
1825 1774 2002 1818 exagitare
2016 1786 2118 1807 suum
2147 1785 2267 1807 aemu-

1280 1826 1373 1865 lum,
1409 1838 1487 1859 cum
1511 1838 1547 1859 se
1565 1826 1813 1870 Corydonem,
1848 1826 1946 1858 illum
1965 1822 2122 1869 Thyrsin
2147 1825 2266 1868 fingat.

1282 1877 1397 1909 Porro
1433 1875 1489 1910 hic
1521 1877 1763 1911 observandae
1785 1883 1867 1910 sunt
1892 1876 2035 1909 crebrae
2064 1872 2266 1913 antitheses,

1282 1940 1373 1973 quae
1391 1929 1584 1972 plurimum
1604 1926 1735 1960 habent
1752 1927 1924 1960 momenti
1942 1928 1985 1959 ad
2011 1926 2185 1960 orationis
2210 1938 2266 1959 co-

1283 1980 1390 2023 piam.
1426 1981 1526 2013 Ordo
1537 1979 1687 2022 Eclogae
1707 1984 1767 2011 est.
1803 1977 1987 2021 Principio
2006 1978 2153 2021 ponitur
2171 1989 2266 2010 com-

1282 2031 1422 2075 paratio
1447 2037 1630 2074 pastorum
1653 2035 1793 2072 sumpta
1818 2029 1862 2061 ab
1889 2034 2022 2068 aetate,
2058 2028 2205 2061 natione
2233 2035 2267 2061 et

1437 2082 1591 2115 Additur
1615 2080 1867 2113 sermocinatio
1894 2092 1972 2112 cum
1997 2079 2209 2113 invitatione
2232 2085 2267 2112 et

1282 2133 1549 2166 deliberatione.
1618 2131 1755 2164 Deinde
1787 2130 1948 2177 sequitur
1974 2130 2108 2175 integra
2137 2130 2266 2164 descri-

1282 2184 1356 2228 ptio
1393 2183 1564 2227 propositi
1602 2182 1815 2216 certaminis.
1878 2182 2065 2216 Postremo
2101 2182 2180 2215 loco
2215 2187 2265 2215 est

1282 2235 1397 2268 brevis
1424 2234 1624 2278 peroratio,
1667 2246 1736 2279 qua
1763 2233 1887 2267 tribuit
1910 2233 2097 2266 victoriam
2121 2233 2158 2266 in
2183 2244 2265 2266 can-

1283 2287 1390 2320 tando
1411 2286 1605 2330 Corydoni.

1282 2088 1369 2115 arte.

1580 2370 1719 2403 Aliud
1748 2370 1958 2404 eiusdem.

1385 2440 1476 2474 Satis
1495 2445 1659 2483 apparet,
1689 2445 1828 2483 poetam
1843 2465 1851 2477 ,
1879 2448 2095 2483 quamquam
2120 2435 2164 2469 sit
2187 2435 2266 2468 imi-

1284 2497 1375 2524 tatus
1398 2497 1532 2524 sextum
1558 2489 1709 2535 ldyllion
1733 2487 1933 2527 Theocriti,
1972 2486 2038 2520 hoc
2064 2499 2186 2531 agere,
2227 2493 2266 2520 ut

1284 2540 1439 2575 exhibito
1458 2542 1643 2586 magnifico
1661 2541 1820 2584 exemplo
1837 2539 1972 2584 copiae,
1992 2539 2026 2572 id
2045 2539 2141 2584 quod
2158 2537 2265 2572 etiam

1285 2594 1364 2628 facit
1382 2593 1510 2637 Ecloga
1530 2593 1650 2633 tertia,
1685 2592 1855 2637 significet
1876 2603 1911 2624 sc
1942 2602 2013 2624 esse
2038 2590 2138 2624 illum
2155 2588 2265 2634 Cory-

1320 2707 1367 2735 ss)
1389 2704 1446 2737 aut]
1468 2705 1507 2729 sic
1526 2704 1679 2733 Ed.1565.;
1707 2703 1788 2728 1111111.
1806 2703 1896 2731 1563..
1920 2701 1991 2727 1593.
2012 2694 2051 2726 et.'
