2421 3005
91 107 168 144 629
423 102 510 138 XCI.

92 195 210 240 Atque
227 190 315 226 haec
331 191 488 225 inversio
506 190 745 235 amplificatur
763 202 804 223 ex
832 189 941 234 signis
968 199 1088 222 conse-

91 245 304 292 quentibus,
350 243 479 289 quibus
504 242 650 287 Ulysses
681 242 812 287 probat
844 254 880 276 se
910 251 1088 286 pugnasse

89 297 206 331 acrius
229 296 306 341 ipso
331 295 459 336 Aiace,
503 294 587 340 quia
621 294 797 339 exceperit
828 294 976 327 vulnera
1011 302 1086 324 non

89 349 235 395 clypeo,
263 348 325 382 sed
349 348 498 381 adverso
521 359 693 391 corpore,
720 346 866 380 Aiacem
884 357 970 379 vero
995 356 1087 379 sem-

87 413 152 447 per
168 400 236 436 sibi
253 399 386 434 cavisse
397 426 406 439 ,
433 411 479 432 ne
495 398 760 436 vulneraretm.

190 452 313 494 „iilud
340 459 457 487 autem
483 451 521 486 in
546 465 676 498 magna
698 453 804 487 laude
832 465 950 497 pono,
986 451 1083 498 quod

85 505 321 545 Diomedem,
363 504 482 538 virum
516 505 771 546 fortissimum,
812 505 888 539 sine
923 516 994 551 quo
1020 503 1083 537 iste

85 558 137 592 ait
152 556 243 591 nihil
262 569 282 590 a
298 568 355 589 me
385 563 522 600 gestum
548 569 640 598 esse,
669 557 804 592 socium
828 554 943 590 habeo
970 555 1083 589 consi-

83 610 219 643 liorum
245 615 279 642 et
301 609 489 642 laborum:
527 621 606 642 cum
624 609 699 654 ipse
724 616 796 642 tam
817 609 919 653 parvi
935 609 1016 647 fiat,
1044 613 1083 640 ut

82 673 190 695 nemo
218 673 259 694 ex
273 660 421 694 Graecis
445 661 612 695 omnibus
636 673 716 695 eum
737 661 803 695 sibi
822 661 958 694 socium
980 671 1083 704 expe—
1108 695 1109 703 ἵ

82 719 146 748 tat.
201 713 261 746 Me
286 724 372 746 vero
389 711 582 747 Diomedes
610 725 651 746 ex
675 719 775 746 tanto
794 724 946 745 numero
964 711 1078 744 solum

80 765 207 809 elegit,
236 777 308 811 quo
326 764 423 798 socio
442 765 598 798 maxima
619 765 734 798 obiret
751 764 921 808 pericula.
976 762 1080 796 Scitis

81 817 178 850 enim
203 829 260 849 me
284 828 361 849 non
384 823 480 850 sorte
506 816 559 849 illi
585 816 815 856 adiunctum,
842 816 903 849 sed
932 815 977 848 ab
1001 815 1079 859 ipso

78 868 185 903 fuisse
209 867 343 902 iudicio
369 867 517 901 electum
535 894 544 908 ‚
583 873 623 901 ut
647 868 890 912 speculatores
915 867 1079 911 ingrede-

78 932 202 954 remur
237 926 351 954 castra
386 916 555 953 hostium.
636 919 715 964 Qua
752 920 789 952 in
823 931 861 952 re
903 925 1078 965 quantum

77 971 230 1017 periculi
257 971 472 1016 susceperim
503 983 569 1015 pro
599 971 752 1005 utilitate
778 971 942 1016 publica,
977 971 1079 1004 vobis

78 1030 231 1058 constat.

75 1075 170 1111 Nam
194 1074 376 1108 Dolonem
401 1075 525 1108 eadem
552 1088 699 1116 ausum,
733 1087 824 1121 quae
847 1087 932 1115 nos,
968 1074 1079 1107 inter-

76 1127 168 1167 emi,
204 1139 279 1160 non
299 1132 382 1160 ante
405 1133 550 1167 tamen,
579 1139 687 1172 quam
713 1139 755 1160 ex
771 1127 849 1171 ipso
874 1126 995 1159 omnia
1022 1138 1079 1159 ex-

78 1179 298 1224 plorassem,
341 1190 434 1224 quae
460 1176 580 1212 hostes
609 1176 922 1212 machinabantur.
985 1177 1079 1212 Con-

76 1231 208 1264 fectum
229 1236 306 1264 erat
321 1230 520 1274 negotium,
550 1230 648 1264 cuius
666 1242 770 1264 causa
789 1230 944 1264 exieram
957 1257 966 1270 ,
989 1230 1077 1262 iam-

77 1295 148 1329 que
182 1288 348 1327 poteram
378 1281 498 1315 redire
531 1294 611 1315 cum
645 1282 751 1316 laude
782 1283 887 1316 rebus
919 1279 1077 1316 hostium

76 1437 153 1482 ipsa
181 1442 296 1471 castra
320 1434 499 1477 hostium,
533 1436 655 1483 ibique
677 1435 859 1477 Rhesum,
893 1443 1077 1481 potentem

77 1592 120 1626 lis
143 1589 385 1636 triumphanti
409 1603 571 1626 reversus
598 1605 688 1626 sum.

79 1707 191 1742 equos
206 1693 342 1735 Dolon,
365 1693 612 1729 Troianorum
628 1696 844 1740 speculator,
872 1707 978 1730 ausus
1000 1701 1077 1729 erat

78 1754 198 1793 petere
214 1758 281 1791 pro
299 1752 476 1779 nocturna
497 1759 560 1780 sua
577 1759 707 1792 opera,
733 1747 850 1794 sitque
876 1747 1004 1781 melius
1032 1748 1075 1780 de

79 1799 181 1832 vobis
205 1797 356 1832 meritus
379 1798 488 1838 Aiax,
529 1810 637 1844 quam
664 1811 740 1843 egO.
801 1798 853 1832 Ac
877 1811 922 1831 ne
944 1798 1076 1843 putetis

79 1862 136 1884 me
163 1849 303 1884 insidiis
325 1855 465 1883 tantuin
490 1856 524 1883 et
560 1850 681 1895 lingua
712 1862 790 1884 cum
817 1848 980 1884 hostibus
1003 1850 1077 1883 hel-
1102 1859 1104 1862 ’

77 1903 172 1943 lare,
199 1901 301 1936 vobis
319 1908 446 1935 notum
465 1908 534 1942 est,
562 1903 746 1948 quomodo
768 1914 824 1936 me
846 1902 1012 1947 gesserim
1039 1901 1077 1934 in

80 1954 178 1994 acie,
206 1965 287 1988 cum
306 1953 509 1987 incidissem
529 1953 567 1986 in
582 1954 703 1998 copias
717 1953 912 1999 Lyciorum
925 1981 933 1995 ,
952 1966 1078 2000 quam·
1103 1959 1104 1963 ’

80 2017 151 2052 que
176 2005 307 2039 multos
330 2011 553 2049 praestantes
578 2005 676 2040 viros
699 2018 740 2039 ex
773 2006 841 2039 illis
864 2018 941 2038 mea
967 2018 1078 2039 manu

82 2120 236 2153 corpore
270 2113 460 2152 exceptae,
502 2121 610 2154 quas,
651 2109 680 2143 si
715 2109 833 2142 verbis
860 2109 948 2143 meis
971 2110 1076 2142 fidem

81 2172 157 2194 non
187 2157 346 2200 habetis,
375 2171 418 2192 en
445 2160 627 2204 adspicite.
687 2159 793 2194 Libet
817 2160 911 2194 enim
938 2173 996 2195 eas
1023 2172 1079 2193 ex-

83 2210 209 2246 hlbere
237 2223 278 2245 ac
308 2211 470 2256 pmferre
494 2217 667 2258 tanquam
694 2218 800 2246 κεῖρε
831 2225 933 2245 mede
969 2219 1080 2245 urtu-
1105 2259 1108 2263 ·
1134 2240 1322 2281 militiam,
1360 2253 1400 2274 ac
1425 2239 1538 2274 serius
1563 2239 1700 2272 venisse
1725 2240 1769 2271 ad
1795 2239 2009 2277 exercitum,

718 2263 754 2298 Sl
772 2265 870 2310 qUOd
887 2276 982 2297 emm
1005 2264 1081 2297 ‘Ul‘
1105 2291 1109 2314 ³
1134 2299 1208 2326 tam
1234 2305 1292 2325 me
1323 2304 1430 2338 quam
1457 2289 1632 2324 Achillem
1663 2290 1791 2334 arguit.

1106 2342 1110 2373 ἒ
1136 2344 1296 2378 criminis
1321 2342 1448 2378 habuit
1469 2342 1672 2382 simulatio,
1716 2354 1785 2387 qua
1812 2354 1895 2376 usus
1919 2354 2018 2380 sum,
2056 2341 2128 2383 ipse

84 2265 130 2298 tis
142 2290 151 2304 ‚
175 2263 211 2296 id
228 2264 325 2308 quod
342 2262 434 2295 Aiax
449 2274 524 2295 non
542 2269 670 2307 potest.

84 2327 152 2348 nus
169 2314 305 2358 accepit
321 2326 386 2358 per
403 2320 455 2347 tot
475 2326 610 2355 annos,
638 2315 712 2359 ipse
730 2314 932 2350 ostendat.

136 2365 196 2400 Vs.
215 2365 302 2401 268.
332 2367 420 2407 Quid
434 2371 545 2399 {amen
564 2367 624 2399 hoc
640 2367 742 2410 refert
754 2394 764 2408 ‚
801 2370 832 2402 .ςί
851 2380 885 2402 se
898 2380 961 2412 pro
978 2368 1083 2401 classe

399 2418 555 2461 Pelasqu.

87 2468 262 2503 Concedit
286 2481 359 2503 esse
387 2469 531 2515 quidem
561 2481 664 2509 vera,
706 2471 767 2503 sed
794 2482 867 2504 non
895 2469 958 2503 uni
982 2481 1083 2502 arro—

88 2521 224 2565 ganda,
264 2533 356 2566 quae
380 2521 471 2554 Aiax
503 2521 624 2555 retulit
646 2522 690 2554 de
718 2521 845 2561 classe,
881 2528 914 2555 et
939 2522 982 2554 de
1007 2533 1083 2554 mo-

87 2569 294 2606 nomachia.

194 2622 300 2665 „lam
332 2636 418 2657 vero
453 2625 609 2657 concedo
637 2623 667 2656 ei
694 2621 786 2656 hanc
814 2623 955 2658 laudem
980 2623 1082 2669 (nolo
1109 2637 1111 2639 ’

92 2675 190 2708 enim
207 2675 399 2722 quicquam
420 2676 452 2708 ei
478 2674 704 2722 detrahere),
739 2676 835 2720 quod
861 2687 926 2720 pro
950 2677 1081 2709 tuenda

90 2726 200 2761 classe
220 2734 254 2760 et
274 2727 504 2771 reprimendo
522 2726 679 2762 hostium
696 2727 833 2772 impetu
860 2733 1002 2761 strenue
1027 2739 1082 2760 ar—

562 101 848 138 ENARRATIO
876 100 1005 136 LIBRI
1032 99 1121 134 XIII.
1150 98 1626 133 METAMORPHOSEON
1657 97 1817 132 OVIDII.

1103 1263 1106 1274 .
1131 1241 1302 1277 humeros
1324 1269 1333 1283 ,

1104 1306 1105 1313 ¹
1177 1308 1211 1327 m
1316 1294 1346 1327 ri
1595 1294 1615 1326 d
1644 1293 1719 1326 lore
1778 1305 1819 1326 ro
1940 1293 2077 1326 animat

77 1334 261 1379 praeclare
277 1333 471 1378 exploratis
492 1340 526 1366 et
546 1334 698 1378 cognitis
715 1332 987 1379 perDoloneiii;
1016 1334 1076 1367 sed
1132 1307 1174 1328 cu
1240 1295 1312 1328 fece
1351 1307 1385 1327 m
1412 1295 1509 1328 luem
1535 1300 1569 1327 et
1621 1306 1640 1327 O
1751 1305 1774 1338 p
1822 1305 1867 1338 pe
1895 1306 1936 1327 ex
2080 1306 2133 1333 ω’

76 1392 118 1420 ut
141 1386 296 1430 amplius
319 1385 362 1418 de
387 1385 503 1429 patria
527 1397 706 1426 mererer,
741 1386 870 1420 accessi
897 1385 1005 1419 etiam
1032 1385 1077 1418 ad
1104 1400 1107 1404 v

1103 2042 1105 2068 ἐ
1132 2034 1330 2068 mulatione
1361 2032 1527 2067 militiam
1558 2033 1803 2076 subterfugere
1833 2032 1998 2065 voluerit.

80 2056 335 2091 interfecerim.
381 2056 455 2091 Nec
474 2057 603 2091 desunt
618 2055 708 2090 mihi
726 2057 906 2091 cicatrices
926 2059 1076 2091 adverso
1103 2071 1105 2091 ¹,
1290 2087 1297 2092 .
1343 2086 1350 2092 .
1422 2085 1428 2091 .
1569 2085 1576 2091 .

1104 2095 1105 2099 ’
1132 2085 1225 2120 hanc
1249 2092 1538 2119 criminationem
1566 2096 1642 2128 ipse
1664 2096 1759 2117 nunc
1780 2085 1996 2129 respondet,
2033 2095 2129 2115 eain-

2065 100 2140 134 630

1143 199 1200 219 ma
1219 186 1370 231 ceperit;
1398 187 1524 220 sedita
1544 192 1666 219 tamen
1683 187 1858 226 concedo,
1885 192 1925 219 ut
1949 185 2028 219 aliis
2053 198 2143 231 quo-

1143 250 1211 284 que
1227 250 1470 272 communem.
1497 237 1580 272 Non
1590 238 1686 271 solus
1697 238 1790 270 enim
1800 236 2045 283 propugnavit
2056 237 2143 274 cias-

1114 294 1115 297 ’
1141 303 1236 332 sem,
1270 302 1336 323 nec
1359 290 1455 324 solus
1481 289 1706 334 propulsavit
1733 287 1872 331 hostes,
1916 291 1977 324 sed
2003 291 2139 326 socium

1141 339 1268 376 habuit
1298 342 1527 382 Patroclum,
1570 341 1633 387 qui
1672 347 1820 386 propter
1850 353 1950 376 arma
1979 341 2140 386 Adustis,

1110 405 1114 432 ἶ
1140 394 1270 443 quibus
1296 402 1382 432 tunc
1415 403 1492 432 erat
1515 396 1685 438 indutus,
1728 395 1852 430 intulit
1876 394 2038 432 hostibus
2062 405 2139 431 tan-

1139 455 1215 483 tum
1232 450 1402 491 terroris,
1430 449 1522 484 utin
1538 450 1658 494 sugam
1679 455 1989 483 converterentur.
2044 450 2137 495 Quia

1139 502 1247 535 etiam
1274 502 1382 536 nimis
1407 507 1620 546 arroganter
1647 502 1758 535 iactas
1774 507 1808 534 te
1824 501 1939 535 solum
1965 502 2138 546 singulari

1110 558 1111 561 ’
1138 554 1334 587 certamine
1353 566 1478 588 ausum
1505 554 1675 598 congredi
1702 565 1780 586 cum
1799 552 1974 594 Hectore,
2009 555 2138 588 oblitus

1136 605 1441 649 Agamemnonis,
1470 605 1646 646 Menelai,
1682 606 1774 646 mei,
1803 612 1838 639 et
1862 605 2039 647 aliorum,
2077 607 2136 651 qui

1136 657 1231 690 idem
1250 658 1379 690 facturi
1397 664 1517 697 erant,
1546 658 1574 691 si
1592 669 1656 702 per
1674 663 1806 692 sortem
1821 684 1830 697 ,
1858 670 1927 703 qua
1956 658 2138 702 praelatus

1137 721 1192 749 es,
1231 708 1404 746 licuisset;
1447 721 1667 754 quamquam
1695 709 1732 742 in
1757 721 1798 742 eo
1825 710 2020 743 certamine
2046 707 2137 743 nihil

1106 759 1108 761 ’
1134 761 1239 794 laude
1264 761 1413 804 dignum
1440 761 1606 801 effecisti,
1645 774 1724 795 cum
1749 760 1884 794 Hector
1908 762 2036 795 abierit
2060 762 2136 796 sine

1135 812 1295 846 vulnere.
1307 811 1322 819 ”

1184 873 1244 907 Vs.
1269 873 1356 908 280.
1380 875 1441 907 JIe
1468 875 1626 905 miset-nm
1661 878 1786 917 (statuto
1817 885 1916 916 caym·
1945 877 2135 907 meminis-se

1443 926 1566 958 dolore.

309 1023 318 1029 ,
449 1023 457 1028 ,
841 1023 848 1029 ι
909 1023 915 1029 ,
936 1023 942 1029 ,
1035 1022 1042 1029 ,
1105 1016 1107 1025 ,
1132 983 1316 1017 Refutatio
1342 984 1547 1028 argumenti
1565 983 1608 1016 de
1626 982 1747 1016 inutili
1766 995 1954 1017 armorum
1977 995 2044 1018 usu
2069 996 2134 1029 per

285 1022 411 1069 Reque
429 1035 505 1056 sine
521 1024 638 1057 fructu
659 1029 781 1058 nostra
799 1024 867 1056 suit
882 1023 1078 1067 diligentia.
1105 1026 1107 1031 ’

1131 1036 1388 1070 inversionem.

1237 1087 1370 1127 „Nunc
1395 1093 1516 1120 autem
1539 1098 1614 1120 non
1645 1085 1721 1119 sine
1751 1085 1983 1120 acerbissimo
2008 1086 2133 1119 dolore

1132 1136 1222 1172 mihi
1240 1139 1277 1172 in
1298 1145 1455 1172 mentem
1472 1138 1592 1178 venit,
1621 1143 1660 1170 ut
1676 1135 1826 1172 Achillis
1850 1137 2029 1171 interfecti
2056 1150 2133 1171 cor-

1131 1203 1218 1236 pus,
1247 1188 1365 1224 adhuc
1389 1191 1497 1224 armis
1523 1190 1710 1230 indutum,
1739 1190 1943 1224 sustulerim
1968 1189 2006 1223 in
2033 1202 2134 1224 meos

1380 1254 1420 1276 ac
1462 1241 1726 1287 reportaverim
1769 1241 1806 1274 in
1841 1249 1955 1276 castra
1977 1255 1983 1274 :
2034 1243 2133 1287 quod

1133 1358 1179 1379 an
1196 1346 1395 1386 veremini,
1433 1358 1478 1379 ne
1504 1346 1570 1380 sim
1596 1357 1663 1390 par
1683 1344 1768 1379 solis
1791 1345 1901 1380 armis
1927 1344 2132 1390 gestandis?

1130 1397 1182 1431 Ac
1200 1397 1291 1432 mihi
1304 1425 1312 1438 ,
1340 1398 1519 1443 principes
1532 1425 1541 1438 ‚
1569 1410 1644 1430 non
1661 1398 1770 1431 modo
1790 1404 1873 1431 sunt
1892 1398 1986 1432 vires
2005 1398 2049 1430 ad
2075 1409 2133 1441 ge-

1103 1446 1105 1483 ζ
1131 1451 1258 1484 standa
1283 1462 1404 1490 arma,
1433 1451 1493 1484 sed
1517 1449 1624 1482 etiam
1651 1461 1753 1483 mens
1777 1455 1849 1489 est,
1886 1461 1978 1495 quae
2004 1461 2131 1482 eorum

77 1489 178 1522 illum
198 1500 337 1532 regem,
366 1500 445 1521 cum
468 1488 588 1522 multis
605 1488 826 1534 primoribus
842 1487 1020 1522 Thraciae
1040 1488 1077 1521 in
1104 1494 1105 1533 J
1131 1502 1342 1535 (firmitatem
1369 1513 1409 1534 ac
1435 1501 1593 1546 pretium
1617 1500 1795 1534 intefljost,

77 1539 244 1574 tentoriis
262 1539 334 1574 suis
349 1539 536 1580 interemi,
565 1546 599 1573 et
618 1547 722 1585 capto
739 1541 838 1585 regio
854 1552 962 1574 curru
979 1540 1077 1574 simi·
1103 1557 1105 1568 ε
1170 1529 1188 1546 ⁰
1733 1526 1751 1545 τ’

762 1592 868 1627 Nunc
893 1592 1003 1637 igitur
1030 1591 1076 1638 (si
1102 1586 1105 1606 ¹

77 1643 157 1678 Diis
185 1643 319 1689 placet)
354 1640 444 1675 mihi
475 1643 664 1688 denegate?
682 1643 778 1679 illius
809 1656 934 1685 arma,
976 1643 1076 1677 cuius
1102 1657 1104 1664 ’

1848 1499 1980 1534 Ideone
1998 1500 2132 1545 putatis

1131 1552 1285 1593 Thetin,
1325 1551 1474 1587 Achillis
1500 1559 1673 1594 matrem,
1718 1551 1873 1586 voluisse
1906 1559 2006 1586 tanta
2046 1564 2129 1585 cura

1131 1605 1300 1639 fabricari
1334 1603 1423 1638 haec
1456 1618 1577 1645 arma,
1620 1612 1660 1638 ut
1695 1603 1884 1648 imperitus
1916 1611 1950 1638 et
1980 1604 2131 1638 stolidus

1132 1657 1233 1691 miles
1256 1669 1295 1690 ea
1322 1656 1575 1690 circumferat?
1623 1656 1719 1701 Quid
1748 1655 1842 1689 enim
1873 1655 1938 1690 iste
1964 1656 2129 1700 intelligit

1102 1716 1104 1735 ='
1130 1709 1314 1748 Pleiades,
1342 1708 1506 1754 Hyadas,
1545 1715 1578 1742 et
1605 1708 1673 1742 alia
1700 1714 1913 1741 ornamenta
1940 1708 1977 1741 in
2003 1708 2128 1753 clypeo

1102 1790 1103 1802 2
1130 1758 1361 1804 insculpt:1?''

1182 1819 1259 1853 Yss.
1277 1818 1351 1854 296
1369 1832 1420 1864 sq.
1466 1816 1579 1860 Quid?
1621 1820 1705 1864 qnod
1729 1831 1797 1857 me,
1840 1819 1921 1850 duri
1945 1817 2127 1861 fuye'emem

1446 1883 1585 1903 numera
1602 1870 1697 1909 helil,

1182 1924 1309 1966 Aryuit
1328 1928 1391 1955 etc.

1130 1981 1227 2016 Inter
1251 1983 1370 2027 turpia
1396 1982 1488 2015 facta
1514 1980 1692 2014 obiectum
1719 1987 1770 2014 est
1788 1980 1930 2026 Ulyssi,
1966 1982 2063 2025 quod
2085 1980 2129 2013 si-

2073 2033 2129 2065 Ad

1132 2150 1201 2185 que
1218 2137 1265 2170 ita
1285 2138 1390 2171 diluit
1405 2150 1423 2170 a
1442 2136 1562 2170 simili.

1228 2189 1370 2230 „Porro
1388 2201 1467 2222 cuin
1489 2188 1538 2220 ait
1556 2199 1611 2220 iiie
1627 2186 1858 2221 simulatione
1876 2185 2128 2230 subterfugisse

2055 2249 2129 2270 non

1860 2290 1896 2323 Si
1921 2289 2007 2335 quid
2034 2289 2127 2322 eiiiin

1137 2396 1245 2430 etiarn
1278 2393 1433 2430 Achilles
1466 2407 1540 2428 non
1578 2400 1674 2427 caret
1698 2393 1867 2433 crimine,
1912 2393 1973 2438 qui
2004 2392 2127 2424 eadem

1137 2460 1221 2482 usus
1235 2454 1298 2482 est.
1341 2447 1377 2482 Si
1395 2459 1481 2480 vero
1500 2458 1601 2480 mora
1620 2445 1756 2489 culpari
1776 2445 1898 2477 debet:
1929 2456 1992 2487 ego
2012 2443 2130 2475 minus

1137 2512 1215 2534 sum
1241 2499 1459 2544 culpandus,
1488 2498 1549 2544 qui
1576 2497 1659 2531 veni
1685 2496 1860 2529 maturius
1887 2507 1993 2540 quam
2011 2492 2131 2527 Achil-

1137 2552 1197 2586 les.
1252 2550 1400 2597 Alioqui
1422 2557 1573 2596 uterque
1599 2554 1762 2582 nostrum
1784 2547 1893 2581 iustas
1911 2544 2036 2579 habuit
2051 2558 2131 2579 cau-

1137 2616 1213 2644 sas,
1256 2615 1318 2636 cur
1348 2602 1523 2636 eiusmodi
1556 2599 1784 2635 simulatione
1816 2604 1992 2632 uteretur:
2030 2597 2129 2630 illum

1136 2655 1250 2700 pietas
1267 2655 1410 2693 matris,
1439 2666 1495 2686 me
1514 2653 1626 2698 pietas
1647 2651 1768 2685 uxoris
1792 2650 1945 2684 detinuit
1959 2649 2024 2695 12);
2060 2648 2132 2693 pri-

1162 2721 1218 2771 v12)
1230 2721 1369 2768 hemum]
1389 2738 1430 2762 sic
1450 2738 1532 2762 Editt.
1553 2736 1713 2804 1555.}52d.
1730 2737 1803 2760 1559.
1826 2736 1910 2759 male:
1932 2734 2042 2757 detinui.

1633 2779 1654 2805 4
1700 2774 1717 2785 v
