2341 2973
202 88 275 123 695

203 175 356 219 pentinis
373 176 483 207 animi
501 177 656 209 motibus
674 183 708 209 et
731 178 985 222 cupiditatibus
1013 186 1190 220 movetur,

203 226 259 258 vix
279 232 393 269 potest
419 226 472 258 sui
492 232 612 259 tenere
636 229 804 267 modum,
841 236 873 262 et
900 237 1047 274 propter
1070 242 1190 264 rerum

203 276 418 320 imperitiam
438 277 584 311 minime
601 278 667 312 sibi
688 280 882 313 consulere.

580 371 801 406 Aliud.

303 435 392 470 Cum
411 439 594 472 comoedia
617 440 761 473 unicum
788 452 929 473 morum
954 441 1191 485 fortunaeque
1216 434 1220 485 Ι

202 488 402 530 exemplum
420 489 477 529 sit,
504 491 659 534 pericula
678 491 848 532 continet,
874 503 965 536 quae
984 492 1190 535 impruden-

201 537 246 569 tia
263 546 385 573 nostra
403 547 582 574 contracta
603 542 841 576 discutiuntur
863 543 917 575 vel
945 555 1027 576 casu
1053 543 1108 575 vel
1136 554 1191 575 ra-

203 588 311 623 tione.
365 591 456 624 Nam
474 598 507 624 et
523 592 595 625 vita
624 594 789 637 periculis
815 593 923 627 variis
948 600 998 627 est
1023 593 1190 633 obnoxia,

201 646 233 672 et
251 641 525 675 admirationem
544 645 770 685 auditorum,
799 657 905 690 quam
930 651 1035 689 poeta
1061 650 1190 689 captat,
1216 655 1220 717 ι

201 699 305 734 auget
332 694 563 727 consiliorum
593 703 857 742 eventuumque
879 696 1032 730 varietas
1060 708 1100 729 ac
1126 708 1190 728 no-

200 741 300 775 vitas.
358 744 516 778 Proinde
533 746 570 778 in
587 748 806 790 argumentis
824 747 1092 780 comoediarum
1118 747 1191 791 pri-

199 805 296 825 mum
343 796 505 829 omnium
549 798 747 841 periculum
801 799 1065 832 observandum
1117 804 1190 836 est3

198 843 324 876 deinde
344 858 538 889 personae,
565 861 648 882 nam
668 850 899 894 prudentium
927 856 959 882 et
985 849 1192 893 impruden·
1216 869 1220 911 ἰ

199 894 285 927 tium
306 899 465 942 exempla
483 907 756 944 proponuntur,
785 907 823 934 ut
841 913 881 933 ex
899 900 966 933 illis
992 907 1027 933 et
1049 907 1192 934 nostros

198 958 316 980 mores
353 960 622 994 comparemus,
677 958 710 985 et
746 952 917 985 iudicium
957 952 1191 995 corrigamus,

198 997 385 1039 discamus,
415 1013 505 1046 quae
522 1003 707 1046 probanda
725 1003 808 1043 sint,
833 1015 924 1048 quae
942 1003 1192 1047 improbanda.

427 1084 486 1118 De
515 1098 680 1130 genere
709 1088 952 1122 orationis.
1216 1087 1220 1190 1

302 1150 342 1184 In
361 1151 497 1187 Andria
515 1167 624 1199 genus
642 1156 818 1190 orationis
836 1156 1108 1190 deliberativum
1129 1163 1191 1190 est.

200 1201 292 1235 Tota
319 1204 413 1237 enim
438 1205 511 1238 fere
535 1207 655 1240 fabula
679 1208 716 1240 in
741 1220 782 1241 eo
808 1208 984 1247 consistit,
1025 1207 1191 1252 pollicea-

199 1261 303 1287 turne
333 1255 429 1299 patri
456 1256 668 1302 Pamphilus
703 1266 929 1304 accepturum
959 1271 994 1293 se
1026 1271 1190 1297 uxorem;

200 1304 320 1339 Davus
337 1308 461 1341 suadet
477 1315 509 1342 et
525 1310 678 1350 fallitur,
705 1311 779 1355 ipse
797 1311 863 1344 sibi
879 1311 1069 1344 dissuadet.
1123 1309 1191 1344 Ita-

199 1368 266 1401 que
285 1363 319 1389 et
335 1358 477 1392 dicendi
495 1362 694 1406 exemplum
712 1360 821 1396 habos
844 1360 936 1394 lianc
961 1362 1191 1395 consultatio-

200 1419 279 1440 nem
294 1435 303 1447 ,
332 1415 370 1442 ut
387 1411 473 1444 alias
493 1413 622 1446 multas
642 1414 868 1447 narrationes
885 1419 918 1446 et
934 1414 1063 1457 figuras
1090 1425 1191 1457 prae-

198 1466 385 1495 tereamus¹
454 1462 553 1496 Nam
574 1465 688 1508 prima
714 1465 825 1509 patris
849 1465 1010 1497 narratio
1035 1465 1189 1497 admira-

198 1510 286 1543 tioni
303 1519 354 1545 est
372 1512 478 1546 etiam
498 1514 661 1548 Ciceroni
680 1516 715 1548 in
731 1519 766 1551 2.
788 1518 830 1549 de
847 1515 1001 1549 Oratore
1020 1517 1063 1549 ad
1076 1515 1189 1560 Quin-

198 1567 273 1594 tum
291 1563 449 1598 fratrem.

750 1716 791 1749 B.

769 91 891 128 PHIL.
928 91 1040 127 MEL.
1068 93 1270 131 SCRIPTA
1305 94 1641 131 PHILOLOGICA.

2161 98 2237 134 696

1247 182 1370 215 Unde
1407 182 1591 215 fabulae
1620 181 1937 215 Terentianae
1971 184 2237 218 sortiuntur

1634 232 1853 266 nomina?

1347 300 1418 332 Aut
1448 312 1467 332 a
1499 300 1707 334 nominibus
1730 300 1906 346 propriis,
1944 314 2068 336 eorum
2094 303 2238 345 scilicet,

1246 363 1399 396 quorum
1419 357 1501 384 sunt
1518 353 1731 396 praecipuae
1747 359 1876 397 partes,
1903 359 1943 386 ut
1958 351 2150 394 Phormio;
2178 361 2240 389 aut

1246 414 1264 434 a
1283 402 1430 435 nomine
1448 403 1686 446 appellativo,
1714 409 1754 436 ut
1771 403 1929 448 Hecyra;
1959 411 2020 438 aut
2039 416 2056 437 a
2078 404 2176 445 loco,
2199 411 2239 439 ut

1244 453 1400 491 Andria;
1430 460 1490 486 aut
1507 466 1524 486 a
1541 454 1647 494 facto,
1669 453 1928 494 utEunuchus3
1957 462 2018 489 aut
2036 456 2080 489 ab
2099 462 2240 497 eventu,

1245 511 1282 537 ut
1303 504 1747 539 Heautontimorumenos.

1418 590 1480 623 De
1506 590 1713 624 moribus
1742 602 2058 635 personarum.

1347 657 1386 691 lu
1403 659 1550 703 singulis
1566 659 1694 693 fabulis
1711 666 1793 693 sunt
1809 659 1969 704 singulae
1987 671 2161 704 personae
2176 660 2238 693 ob-

1244 711 1451 751 servandae,
1469 723 1532 755 per
1550 724 1637 756 quas
1653 711 1812 755 exempla
1833 711 2077 744 communium
2095 723 2238 744 morum

1245 768 1511 806 proponuntur,
1527 769 1565 795 ut
1576 762 1611 795 in
1620 760 1790 807 Adelphis
1800 763 1888 796 duos
1899 774 1999 796 senes
2009 761 2239 808 proponit⁸¹),

1246 813 1395 846 alterum
1413 825 1549 846 comem
1564 841 1572 853 ,
1601 814 1751 847 alterum
1772 827 1954 848 morosum
1980 819 2013 846 et
2039 813 2238 846 incommo-

1246 865 1350 903 dum;
1378 865 1467 898 duos
1486 865 1570 897 item
1591 866 1846 906 adolescentes,
1874 866 2025 898 alterum
2044 863 2239 898 liberaliter

1247 917 1455 955 educatum,
1482 916 1633 949 alterum
1660 917 1854 957 serviliter,
1889 917 2001 949 multo
2030 915 2239 962 aequiorem

1247 980 1307 1007 eo,
1337 967 1391 1000 cui
1409 967 1596 1000 videbatur
1614 968 1798 1012 indulgens
1822 974 1923 1012 pater
1947 967 2067 1000 omnia
2092 966 2240 1012 permit-

1246 1026 1331 1052 tere.
1385 1017 1441 1051 Sic
1460 1018 1494 1051 in
1505 1019 1642 1052 Andria
1661 1020 1732 1053 (luo
1749 1026 1831 1052 sunt
1851 1018 1987 1052 cordati
2003 1030 2116 1059 senes,
2138 1017 2238 1052 Simo

1246 1076 1279 1103 et
1297 1067 1477 1103 Chremes.
1534 1068 1619 1103 Item
1639 1071 1710 1103 duo
1729 1077 1812 1103 sunt
1828 1071 2078 1104 adolescentes.
2131 1069 2238 1102 Parn-

1247 1119 1363 1165 philus
1383 1128 1433 1155 est
1451 1121 1623 1155 mediocri
1642 1121 1806 1166 ingenio,
1834 1121 1918 1156 satis
1937 1121 2123 1160 cordatus,
2158 1120 2239 1164 pius

1246 1179 1280 1205 et
1296 1173 1332 1205 in
1349 1179 1487 1217 patrem
1505 1179 1537 1205 et
1559 1173 1594 1206 in
1614 1174 1872 1207 mulierculam.
1914 1172 1982 1206 Sed
2000 1177 2039 1205 ut
2054 1171 2239 1216 ingenium

1247 1222 1427 1268 Pamphili
1447 1224 1576 1258 rectius
1600 1225 1878 1270 perspiceretur,
1914 1223 2065 1258 contulit
2087 1235 2167 1256 cum
2195 1234 2238 1255 eo

1246 1273 1441 1309 Charinum
1476 1275 1652 1310 furiosum
1683 1283 1717 1310 et
1749 1282 1925 1309 amentem
1966 1274 2239 1309 adolescentem.

1244 1325 1436 1371 Pamphilo
1467 1334 1586 1360 autem
1611 1327 1729 1374 (cuius
1753 1327 1890 1372 primae
1915 1333 1998 1361 sunt
2022 1325 2059 1359 in
2089 1323 2157 1359 hac
2187 1325 2239 1358 sa-

1243 1379 1345 1424 bula)
1362 1390 1424 1423 per
1438 1379 1558 1411 omnia
1577 1378 1859 1412 mediocritatem
1874 1379 2054 1424 quandam
2074 1376 2235 1410 omnium

1246 1443 1363 1463 rerum
1385 1429 1522 1463 tribuit.

1276 1544 1326 1602 8³3
1347 1545 1489 1576 proponit]
1515 1546 1564 1569 hoc
1589 1547 1702 1570 verbum
1726 1546 1785 1575 ipse
1815 1545 1973 1575 adscripsi,
2011 1545 2082 1575 apud
2113 1543 2234 1568 luceium

1331 1582 1399 1604 eest.

845 1719 1143 1761 Argumenta,
1186 1713 1374 1757 Prologi
1411 1720 1449 1746 et
1482 1711 1678 1747 Scholia.

895 1819 926 1851 1.
983 1817 1024 1851 ln
1061 1819 1279 1852 Andriam
1312 1815 1536 1849 Terentii.

467 1912 492 1938 Ο
534 1908 777 1943 Praefatio
798 1910 841 1956 ⁹).

297 1973 420 2008 Nullus
440 1983 490 2010 est
510 1978 657 2011 omnino
676 1979 829 2024 scriptor
849 1979 885 2012 in
904 1978 1031 2014 Latina
1050 1981 1183 2025 lingua,

193 2035 296 2068 quem
316 2032 501 2071 tantopere
521 2030 685 2074 cognosci
703 2030 881 2076 ediscique
897 2032 1059 2066 retulerit
1076 2039 1182 2078 atque
1208 2027 1212 2087 l

192 2075 415 2110 Terentium.
468 2079 560 2113 Nam
581 2093 661 2114 cum
680 2082 795 2126 prima
819 2083 931 2116 virtus
956 2083 992 2116 in
1019 2083 1182 2117 oratione
1208 2090 1212 2114 ί

192 2126 235 2158 sit
252 2129 396 2171 proprie
415 2129 530 2175 loqui,
566 2144 630 2165 nec
649 2133 788 2177 proprii
813 2135 988 2169 sermonis
1011 2135 1179 2169 artificem

191 2178 375 2233 meliorem
392 2180 562 2214 Terentio
587 2181 802 2224 habeamus,
838 2186 965 2229 (lignus
991 2187 1094 2231 plane
1119 2194 1180 2227 est,

192 2240 225 2260 m
251 2241 322 2275 quo
349 2232 580 2275 perdiscendo
614 2236 807 2278 plurimum
842 2249 971 2282 operae
1004 2250 1042 2271 ac
1073 2239 1178 2272 studii

189 2291 375 2323 ponamus.
415 2282 459 2316 Et
478 2284 521 2316 ab
537 2284 591 2325 iis,
618 2287 677 2331 qui
694 2288 821 2320 (locent
836 2300 986 2333 pueros,
1013 2290 1180 2334 supersti-

189 2331 316 2365 tiosam
334 2334 439 2367 etiam
454 2335 674 2378 diligentiam
694 2339 728 2371 in
749 2337 815 2372 hoc
834 2346 958 2373 autore
976 2343 1177 2375 enarrando
1204 2336 1209 2388 l

187 2383 344 2428 requiro.
398 2384 559 2421 Primum
578 2390 722 2433 prodest
740 2402 899 2431 monere,
927 2404 1018 2437 quae
1037 2405 1177 2426 comoe-
1204 2392 1207 2433 Ι

187 2434 266 2466 diae
283 2442 408 2469 natura
435 2439 499 2478 sit,
536 2440 665 2485 quidve
689 2442 883 2486 spectarint
909 2444 1173 2478 comoediarum
1203 2438 1207 2490 l

1201 2491 1205 2548 1

929 2559 1018 2584 inii..
1047 2561 1118 2583 1⁶23.
1149 2564 1174 2583 et
1201 2550 1204 2591 ἲ

256 2594 268 2605 ⁴-
298 2593 339 2612 a.:
367 2590 391 2611 iu
415 2590 495 2611 Editt.
515 2591 721 2616 1528—1575..
746 2591 836 2615 1552..
860 2592 933 2615 18412.
954 2594 1017 2615 itaci·
1038 2596 1173 2623 praefatio

254 2629 311 2644 <uim
332 2624 504 2652 sanaeque-nti
525 2628 685 2650 atzmu-*uto
714 2630 791 2649 arcte
812 2627 955 2649 coniuncta
975 2632 1020 2649 aut
1042 2630 1101 2651 snio
1122 2636 1172 2652 au-

253 2656 338 2678 vtnris
361 2662 466 2679 nomme
495 2659 626 2688 inuri-ima
652 2663 710 2683 est.
742 2664 787 2683 aut
815 2661 870 2683 ‘ier
907 2662 1104 2685 Amnum-utoni
1127 2664 1171 2687 m..

256 2691 314 2712 nei.
338 2691 362 2713 in
382 2692 521 2715 Andriam.

219 2551 248 2583 9)
271 2553 343 2576 nar—c
364 2554 501 2584 insnffptio
529 2556 628 2582 lez-'itur
656 2557 680 2579 iu
703 2557 782 2580 Editt.
809 2558 899 2583 1532·-

1231 2371 1285 2405 dis
1310 2371 1514 2405 comoediis.

1230 2474 1374 2508 discere.

1229 2525 1373 2569 plurimi
1398 2526 1540 2566 dicunt,
1578 2524 1650 2560 ἀπὸ
1673 2528 1742 2561 τοῦ
1764 2527 1913 2571 κώμου,
1948 2525 1983 2557 id
2013 2530 2082 2565 est,
2117 2536 2135 2557 a
2161 2535 2220 2557 co-

1201 2598 1203 2604 ·
1228 2577 1461 2617 messatione,
1488 2583 1522 2610 et
1539 2575 1611 2611 ἀπὸ
1626 2580 1689 2622 τῆς
1703 2575 1821 2624 ᾠδῆς,
1849 2577 1972 2615 idest,
2002 2588 2021 2608 a
2047 2574 2218 2614 carmine,

1226 2634 1265 2660 ut
1280 2628 1324 2661 sit
1342 2628 1537 2662 conxiviale
1561 2641 1716 2662 carmen.

1226 2691 1323 2712 mum
1355 2680 1474 2713 iocoso
1500 2681 1656 2725 quodam
1685 2679 1860 2717 carmine,
1895 2679 2026 2712 civium
2052 2677 2138 2711 vitia
2163 2677 2216 2710 iu-

1239 1915 1398 1948 autores,
1439 1921 1572 1941 nomen
1597 1911 1691 1943 unde
1716 1911 1845 1948 sactum
1869 1910 1925 1943 sit.
1992 1912 2110 1955 Atque
2144 1907 2231 1944 haec

1238 1960 1382 2005 quidem
1403 1959 1567 1994 Donatus
1583 1962 1725 2006 copiose
1745 1961 1917 2005 exposuit.
1972 1960 2151 1994 Convenit
2169 1972 2230 1995 au-

1238 2018 1308 2044 tem
1327 2011 1419 2044 inter
1438 2023 1581 2052 omnes,
1616 2019 1758 2046 autores
1781 2011 2049 2045 comoediarum
2074 2011 2229 2046 voluisse

1237 2069 1270 2095 et
1294 2063 1540 2096 communium
1568 2075 1709 2097 morum
1732 2070 1766 2096 et
1789 2076 1934 2097 casuum
1959 2063 2118 2108 exempla
2145 2075 2228 2108 pro-

1236 2126 1390 2158 ponere,
1426 2114 1554 2160 quibus
1578 2114 1675 2148 velut
1698 2114 1874 2148 admoniti
1899 2115 2110 2159 prudentius
2137 2114 2228 2148 iudi-

1235 2178 1354 2200 cemus
1371 2167 1414 2199 de
1430 2166 1534 2199 rebus
1555 2163 1741 2206 humanis,
1769 2173 1802 2199 et
1827 2178 1954 2211 genere
1978 2165 2152 2200 orationis
2175 2165 2227 2199 fa-

1235 2218 1401 2251 cundiam
1427 2217 1656 2261 locupletare.
1711 2217 1812 2262 Quae
1839 2218 2068 2251 inculcahunt
2091 2217 2226 2262 profes-

1233 2281 1329 2303 sores
1347 2281 1388 2301 eo
1405 2268 1609 2312 diligentius
1621 2296 1630 2309 ,
1658 2276 1697 2303 ut
1713 2269 1826 2303 sciant
1844 2269 1965 2314 pueri,
1992 2269 2079 2315 quid
2096 2281 2139 2302 ex
2155 2268 2225 2302 illis

1233 2326 1351 2364 petere
1368 2320 1540 2360 debeant,
1576 2333 1681 2366 quem
1700 2322 1853 2354 fructum
1872 2320 2000 2354 facturi
2016 2320 2087 2354 sint
2106 2320 2223 2363 legen-

1582 2372 1673 2406 Nam
1708 2384 1779 2418 quo
1806 2372 1953 2416 propius
1978 2370 2167 2415 cognorint
2188 2375 2224 2404 et

1231 2423 1302 2455 vim
1320 2423 1518 2456 litterarum
1539 2429 1572 2455 et
1590 2424 1778 2457 utilitatem
1793 2450 1802 2463 ,
1838 2435 1879 2455 eo
1904 2422 2100 2467 impensius
2122 2421 2223 2455 iuvat

1428 2474 1543 2507 Porro
1566 2486 1699 2509 nomen
1716 2474 1909 2508 Comoedia
1928 2475 2060 2507 factum
2085 2479 2155 2514 est,
2181 2478 2221 2506 ut

1770 2628 1861 2662 Nam
1889 2627 1925 2660 in
1951 2626 2124 2660 conviviis
2144 2625 2218 2671 pri-
