<?xml version="1.0" encoding="UTF-8"?>
<!DOCTYPE html PUBLIC "-//W3C//DTD XHTML 1.0 Transitional//EN"
    "http://www.w3.org/TR/xhtml1/DTD/xhtml1-transitional.dtd">
<html xmlns="http://www.w3.org/1999/xhtml" xml:lang="en" lang="en">
 <head>
  <title>
</title>
<meta http-equiv="Content-Type" content="text/html;charset=utf-8" />
  <meta name='ocr-system' content='tesseract 3.04.00' />
  <meta name='ocr-capabilities' content='ocr_page ocr_carea ocr_par ocr_line ocrx_word'/>
</head>
<body>
  <div class='ocr_page' id='page_1' title='image "./operaquaesupersu19melauoft_0116.png"; bbox 0 0 2341 2973; ppageno 0'>
   <div class='ocr_carea' id='block_1_1' title="bbox 176 103 249 140">
    <p class='ocr_par' dir='ltr' id='par_1_1' title="bbox 176 103 249 140">
     <span class='ocr_line' id='line_1_1' title="bbox 176 103 249 140; baseline -0.068 0"><span class='ocrx_word' id='word_1_1' title='bbox 176 103 249 140; x_wconf 77' lang='lat'>207</span> 
     </span>
    </p>
   </div>
   <div class='ocr_carea' id='block_1_2' title="bbox 173 183 1181 2235">
    <p class='ocr_par' dir='ltr' id='par_1_2' title="bbox 173 183 1170 692">
     <span class='ocr_line' id='line_1_2' title="bbox 175 183 1169 229; baseline -0.01 -5"><span class='ocrx_word' id='word_1_2' title='bbox 175 189 315 225; x_wconf 83' lang='lat' dir='ltr'>difficile</span> <span class='ocrx_word' id='word_1_3' title='bbox 339 194 401 221; x_wconf 85' lang='lat' dir='ltr'>est.</span> <span class='ocrx_word' id='word_1_4' title='bbox 454 185 502 219; x_wconf 81' lang='lat' dir='ltr'>Et</span> <span class='ocrx_word' id='word_1_5' title='bbox 524 184 665 229; x_wconf 81' lang='lat' dir='ltr'>Augeas</span> <span class='ocrx_word' id='word_1_6' title='bbox 688 184 835 217; x_wconf 81' lang='lat' dir='ltr'>stultitia</span> <span class='ocrx_word' id='word_1_7' title='bbox 862 183 1007 215; x_wconf 86' lang='lat' dir='ltr'>tandem</span> <span class='ocrx_word' id='word_1_8' title='bbox 1033 186 1169 225; x_wconf 82' lang='lat' dir='ltr'>captus,</span> 
     </span>
     <span class='ocr_line' id='line_1_3' title="bbox 176 232 1169 281; baseline -0.01 -5"><span class='ocrx_word' id='word_1_9' title='bbox 176 248 328 275; x_wconf 87' lang='lat' dir='ltr'>mortem</span> <span class='ocrx_word' id='word_1_10' title='bbox 355 250 428 271; x_wconf 89' lang='lat' dir='ltr'>non</span> <span class='ocrx_word' id='word_1_11' title='bbox 455 236 604 280; x_wconf 80' lang='lat' dir='ltr'>aufugit.</span> <span class='ocrx_word' id='word_1_12' title='bbox 654 235 745 281; x_wconf 76' lang='lat' dir='ltr'>(Str.</span> <span class='ocrx_word' id='word_1_13' title='bbox 764 234 817 281; x_wconf 88' lang='lat'><strong>3.)</strong></span> <span class='ocrx_word' id='word_1_14' title='bbox 855 234 975 279; x_wconf 83' lang='lat' dir='ltr'>ltaque</span> <span class='ocrx_word' id='word_1_15' title='bbox 1000 232 1169 266; x_wconf 85' lang='lat' dir='ltr'>Hercules</span> 
     </span>
     <span class='ocr_line' id='line_1_4' title="bbox 174 287 1168 331; baseline -0.011 -5"><span class='ocrx_word' id='word_1_16' title='bbox 174 294 277 326; x_wconf 81' lang='lat' dir='ltr'>Pisae</span> <span class='ocrx_word' id='word_1_17' title='bbox 303 297 418 323; x_wconf 90' lang='lat' dir='ltr'>totum</span> <span class='ocrx_word' id='word_1_18' title='bbox 447 300 668 331; x_wconf 83' lang='lat' dir='ltr'>congregans</span> <span class='ocrx_word' id='word_1_19' title='bbox 700 287 915 325; x_wconf 82' lang='lat' dir='ltr'>exercitum,</span> <span class='ocrx_word' id='word_1_20' title='bbox 956 291 996 317; x_wconf 92' lang='lat' dir='ltr'>ut</span> <span class='ocrx_word' id='word_1_21' title='bbox 1025 295 1168 317; x_wconf 87' lang='lat' dir='ltr'>omnem</span> 
     </span>
     <span class='ocr_line' id='line_1_5' title="bbox 174 338 1169 389; baseline -0.009 -13"><span class='ocrx_word' id='word_1_22' title='bbox 174 344 365 389; x_wconf 79' lang='lat' dir='ltr'>praedam,</span> <span class='ocrx_word' id='word_1_23' title='bbox 408 347 493 374; x_wconf 88' lang='lat' dir='ltr'>tunc</span> <span class='ocrx_word' id='word_1_24' title='bbox 523 340 641 373; x_wconf 89' lang='lat' dir='ltr'>lucum</span> <span class='ocrx_word' id='word_1_25' title='bbox 675 338 789 382; x_wconf 63' lang='lat' dir='ltr'>patria</span> <span class='ocrx_word' id='word_1_26' title='bbox 821 341 1066 370; x_wconf 87' lang='lat' dir='ltr'>consecratum</span> <span class='ocrx_word' id='word_1_27' title='bbox 1092 347 1169 368; x_wconf 91' lang='lat' dir='ltr'>mu—</span> 
     </span>
     <span class='ocr_line' id='line_1_6' title="bbox 175 388 1170 433; baseline -0.01 -5"><span class='ocrx_word' id='word_1_28' title='bbox 175 395 253 428; x_wconf 88' lang='lat' dir='ltr'>niit.</span> <span class='ocrx_word' id='word_1_29' title='bbox 311 392 357 425; x_wconf 86' lang='lat' dir='ltr'>Et</span> <span class='ocrx_word' id='word_1_30' title='bbox 383 392 519 425; x_wconf 74' lang='lat' dir='ltr'>inundo</span> <span class='ocrx_word' id='word_1_31' title='bbox 545 391 639 423; x_wconf 86' lang='lat' dir='ltr'>loco</span> <span class='ocrx_word' id='word_1_32' title='bbox 636 390 681 433; x_wconf 83' lang='lat'>·⁷)</span> <span class='ocrx_word' id='word_1_33' title='bbox 712 389 806 422; x_wconf 87' lang='lat' dir='ltr'>intus</span> <span class='ocrx_word' id='word_1_34' title='bbox 845 388 1033 427; x_wconf 84' lang='lat' dir='ltr'>sacellum,</span> <span class='ocrx_word' id='word_1_35' title='bbox 1076 398 1170 419; x_wconf 88' lang='lat' dir='ltr'>cam-</span> 
     </span>
     <span class='ocr_line' id='line_1_7' title="bbox 174 437 1169 491; baseline -0.01 -12"><span class='ocrx_word' id='word_1_36' title='bbox 174 459 259 491; x_wconf 85' lang='lat' dir='ltr'>pum</span> <span class='ocrx_word' id='word_1_37' title='bbox 290 456 375 477; x_wconf 82' lang='lat' dir='ltr'>vero</span> <span class='ocrx_word' id='word_1_38' title='bbox 407 443 499 475; x_wconf 85' lang='lat' dir='ltr'>circa</span> <span class='ocrx_word' id='word_1_39' title='bbox 522 443 641 474; x_wconf 88' lang='lat' dir='ltr'>lucum</span> <span class='ocrx_word' id='word_1_40' title='bbox 667 441 749 473; x_wconf 80' lang='lat' dir='ltr'>iecit</span> <span class='ocrx_word' id='word_1_41' title='bbox 776 439 971 473; x_wconf 62' lang='lat' dir='ltr'>dixersoria</span> <span class='ocrx_word' id='word_1_42' title='bbox 1002 437 1169 477; x_wconf 67' lang='lat' dir='ltr'>conxixii,</span> 
     </span>
     <span class='ocr_line' id='line_1_8' title="bbox 173 489 1169 541; baseline -0.008 -11"><span class='ocrx_word' id='word_1_43' title='bbox 173 494 351 541; x_wconf 82' lang='lat' dir='ltr'>Alpheum</span> <span class='ocrx_word' id='word_1_44' title='bbox 368 493 553 527; x_wconf 83' lang='lat' dir='ltr'>honorans</span> <span class='ocrx_word' id='word_1_45' title='bbox 574 493 674 537; x_wconf 82' lang='lat' dir='ltr'>(Ant.</span> <span class='ocrx_word' id='word_1_46' title='bbox 693 492 745 537; x_wconf 88' lang='lat'><strong>3.)</strong></span> <span class='ocrx_word' id='word_1_47' title='bbox 764 504 842 524; x_wconf 80' lang='lat' dir='ltr'>cuin</span> <span class='ocrx_word' id='word_1_48' title='bbox 872 490 1061 524; x_wconf 84' lang='lat' dir='ltr'>duodecim</span> <span class='ocrx_word' id='word_1_49' title='bbox 1080 489 1169 528; x_wconf 84' lang='lat' dir='ltr'>Diis,</span> 
     </span>
     <span class='ocr_line' id='line_1_9' title="bbox 175 541 1170 582; baseline -0.009 0"><span class='ocrx_word' id='word_1_50' title='bbox 175 556 208 582; x_wconf 92' lang='lat' dir='ltr'>et</span> <span class='ocrx_word' id='word_1_51' title='bbox 226 546 429 581; x_wconf 81' lang='lat' dir='ltr'>nominavit</span> <span class='ocrx_word' id='word_1_52' title='bbox 447 545 562 577; x_wconf 84' lang='lat' dir='ltr'>vicum</span> <span class='ocrx_word' id='word_1_53' title='bbox 581 543 745 580; x_wconf 80' lang='lat' dir='ltr'>Saturni;</span> <span class='ocrx_word' id='word_1_54' title='bbox 775 549 878 575; x_wconf 76' lang='lat' dir='ltr'>antea</span> <span class='ocrx_word' id='word_1_55' title='bbox 897 542 991 575; x_wconf 86' lang='lat' dir='ltr'>enim</span> <span class='ocrx_word' id='word_1_56' title='bbox 1010 541 1086 575; x_wconf 89' lang='lat' dir='ltr'>sine</span> <span class='ocrx_word' id='word_1_57' title='bbox 1105 552 1170 573; x_wconf 92' lang='lat' dir='ltr'>no-</span> 
     </span>
     <span class='ocr_line' id='line_1_10' title="bbox 176 592 1169 638; baseline -0.009 -5"><span class='ocrx_word' id='word_1_58' title='bbox 176 601 271 633; x_wconf 78' lang='lat' dir='ltr'>mine</span> <span class='ocrx_word' id='word_1_59' title='bbox 290 604 384 637; x_wconf 86' lang='lat' dir='ltr'>erat,</span> <span class='ocrx_word' id='word_1_60' title='bbox 413 598 526 629; x_wconf 87' lang='lat' dir='ltr'>donec</span> <span class='ocrx_word' id='word_1_61' title='bbox 545 595 754 628; x_wconf 77' lang='lat' dir='ltr'>Oenomaus</span> <span class='ocrx_word' id='word_1_62' title='bbox 783 595 964 638; x_wconf 79' lang='lat' dir='ltr'>regnavit,</span> <span class='ocrx_word' id='word_1_63' title='bbox 1001 599 1035 625; x_wconf 84' lang='lat' dir='ltr'>et</span> <span class='ocrx_word' id='word_1_64' title='bbox 1058 592 1169 625; x_wconf 81' lang='lat' dir='ltr'>multa</span> 
     </span>
     <span class='ocr_line' id='line_1_11' title="bbox 175 649 506 692; baseline -0.015 -8"><span class='ocrx_word' id='word_1_65' title='bbox 175 652 258 684; x_wconf 77' lang='lat' dir='ltr'>nive</span> <span class='ocrx_word' id='word_1_66' title='bbox 275 649 506 692; x_wconf 74' lang='lat' dir='ltr'>irrigabatur.</span> 
     </span>
    </p>

    <p class='ocr_par' dir='ltr' id='par_1_3' title="bbox 174 695 1171 940">
     <span class='ocr_line' id='line_1_12' title="bbox 277 695 1170 742; baseline -0.007 -9"><span class='ocrx_word' id='word_1_67' title='bbox 277 701 343 733; x_wconf 85' lang='lat' dir='ltr'>Sed</span> <span class='ocrx_word' id='word_1_68' title='bbox 362 706 446 731; x_wconf 88' lang='lat' dir='ltr'>tunc</span> <span class='ocrx_word' id='word_1_69' title='bbox 468 699 506 730; x_wconf 90' lang='lat' dir='ltr'>in</span> <span class='ocrx_word' id='word_1_70' title='bbox 522 697 641 742; x_wconf 90' lang='lat' dir='ltr'>primo</span> <span class='ocrx_word' id='word_1_71' title='bbox 662 697 828 730; x_wconf 86' lang='lat' dir='ltr'>convivio</span> <span class='ocrx_word' id='word_1_72' title='bbox 851 696 1065 730; x_wconf 82' lang='lat' dir='ltr'>adstiterunt</span> <span class='ocrx_word' id='word_1_73' title='bbox 1083 695 1170 727; x_wconf 86' lang='lat' dir='ltr'>Par-</span> 
     </span>
     <span class='ocr_line' id='line_1_13' title="bbox 175 747 1170 794; baseline -0.008 -8"><span class='ocrx_word' id='word_1_74' title='bbox 175 765 235 786; x_wconf 84' lang='lat' dir='ltr'>cae</span> <span class='ocrx_word' id='word_1_75' title='bbox 261 758 296 784; x_wconf 91' lang='lat' dir='ltr'>et</span> <span class='ocrx_word' id='word_1_76' title='bbox 316 750 563 789; x_wconf 70' lang='grc' dir='ltr'>ΒῙιιίιιι-ιιίῑ15,</span> <span class='ocrx_word' id='word_1_77' title='bbox 592 761 683 794; x_wconf 86' lang='lat' dir='ltr'>quae</span> <span class='ocrx_word' id='word_1_78' title='bbox 707 749 782 782; x_wconf 87' lang='lat' dir='ltr'>sola</span> <span class='ocrx_word' id='word_1_79' title='bbox 808 748 995 781; x_wconf 65' lang='lat' dir='ltr'>xerititem</span> <span class='ocrx_word' id='word_1_80' title='bbox 1021 747 1170 791; x_wconf 84' lang='lat' dir='ltr'>profert</span> 
     </span>
     <span class='ocr_line' id='line_1_14' title="bbox 175 797 1171 849; baseline -0.008 -12"><span class='ocrx_word' id='word_1_81' title='bbox 175 806 254 849; x_wconf 87' lang='lat' dir='ltr'><strong>(Ep.</strong></span> <span class='ocrx_word' id='word_1_82' title='bbox 273 803 326 848; x_wconf 92' lang='lat'><strong>3.)</strong></span> <span class='ocrx_word' id='word_1_83' title='bbox 353 802 450 834; x_wconf 72' lang='lat' dir='ltr'>Haec</span> <span class='ocrx_word' id='word_1_84' title='bbox 469 808 503 834; x_wconf 87' lang='lat' dir='ltr'>et</span> <span class='ocrx_word' id='word_1_85' title='bbox 527 800 700 840; x_wconf 82' lang='lat' dir='ltr'>ostendit,</span> <span class='ocrx_word' id='word_1_86' title='bbox 728 799 789 833; x_wconf 88' lang='lat' dir='ltr'>ubi</span> <span class='ocrx_word' id='word_1_87' title='bbox 806 799 976 832; x_wconf 86' lang='lat' dir='ltr'>Hercules</span> <span class='ocrx_word' id='word_1_88' title='bbox 1001 797 1171 831; x_wconf 83' lang='lat' dir='ltr'>obtulerit</span> 
     </span>
     <span class='ocr_line' id='line_1_15' title="bbox 174 848 1170 900; baseline -0.008 -11"><span class='ocrx_word' id='word_1_89' title='bbox 174 855 308 900; x_wconf 85' lang='lat' dir='ltr'>spolia,</span> <span class='ocrx_word' id='word_1_90' title='bbox 350 860 384 886; x_wconf 83' lang='lat' dir='ltr'>et</span> <span class='ocrx_word' id='word_1_91' title='bbox 420 853 482 886; x_wconf 91' lang='lat' dir='ltr'>ubi</span> <span class='ocrx_word' id='word_1_92' title='bbox 517 852 786 897; x_wconf 84' lang='lat' dir='ltr'>quinquennem</span> <span class='ocrx_word' id='word_1_93' title='bbox 815 850 1009 884; x_wconf 89' lang='lat' dir='ltr'>instituerit</span> <span class='ocrx_word' id='word_1_94' title='bbox 1036 848 1170 883; x_wconf 80' lang='lat' dir='ltr'>festivi-</span> 
     </span>
     <span class='ocr_line' id='line_1_16' title="bbox 175 914 296 940; baseline -0.008 -1"><span class='ocrx_word' id='word_1_95' title='bbox 175 914 296 940; x_wconf 84' lang='lat' dir='ltr'>tatem.</span> 
     </span>
    </p>

    <p class='ocr_par' dir='ltr' id='par_1_4' title="bbox 175 950 1174 1403">
     <span class='ocr_line' id='line_1_17' title="bbox 277 950 1171 1002; baseline -0.007 -13"><span class='ocrx_word' id='word_1_96' title='bbox 277 955 366 1002; x_wconf 82' lang='lat' dir='ltr'>Quis</span> <span class='ocrx_word' id='word_1_97' title='bbox 384 967 470 988; x_wconf 86' lang='lat' dir='ltr'>vero</span> <span class='ocrx_word' id='word_1_98' title='bbox 490 955 527 987; x_wconf 89' lang='lat' dir='ltr'>in</span> <span class='ocrx_word' id='word_1_99' title='bbox 539 953 719 998; x_wconf 80' lang='lat' dir='ltr'>Olympiis</span> <span class='ocrx_word' id='word_1_100' title='bbox 737 953 889 986; x_wconf 80' lang='lat' dir='ltr'>viridem</span> <span class='ocrx_word' id='word_1_101' title='bbox 908 964 1078 985; x_wconf 86' lang='lat' dir='ltr'>coronam</span> <span class='ocrx_word' id='word_1_102' title='bbox 1098 950 1171 995; x_wconf 90' lang='lat' dir='ltr'>pri·</span> 
     </span>
     <span class='ocr_line' id='line_1_18' title="bbox 175 1003 1171 1051; baseline -0.009 -8"><span class='ocrx_word' id='word_1_103' title='bbox 175 1021 254 1043; x_wconf 90' lang='lat' dir='ltr'>mus</span> <span class='ocrx_word' id='word_1_104' title='bbox 278 1007 432 1051; x_wconf 85' lang='lat' dir='ltr'>accepit,</span> <span class='ocrx_word' id='word_1_105' title='bbox 462 1006 646 1044; x_wconf 83' lang='lat' dir='ltr'>manibus,</span> <span class='ocrx_word' id='word_1_106' title='bbox 682 1005 852 1048; x_wconf 85' lang='lat' dir='ltr'>pedibus,</span> <span class='ocrx_word' id='word_1_107' title='bbox 887 1016 994 1036; x_wconf 87' lang='lat' dir='ltr'>curru</span> <span class='ocrx_word' id='word_1_108' title='bbox 1019 1003 1171 1047; x_wconf 73' lang='lat' dir='ltr'>gloriam</span> 
     </span>
     <span class='ocr_line' id='line_1_19' title="bbox 175 1053 1172 1102; baseline -0.009 -8"><span class='ocrx_word' id='word_1_109' title='bbox 175 1063 268 1094; x_wconf 83' lang='lat' dir='ltr'>facto</span> <span class='ocrx_word' id='word_1_110' title='bbox 305 1056 478 1102; x_wconf 81' lang='lat' dir='ltr'>adeptus?</span> <span class='ocrx_word' id='word_1_111' title='bbox 539 1057 630 1101; x_wconf 82' lang='lat' dir='ltr'>(Str.</span> <span class='ocrx_word' id='word_1_112' title='bbox 661 1056 713 1102; x_wconf 82' lang='lat'><strong>4.)</strong></span> <span class='ocrx_word' id='word_1_113' title='bbox 756 1055 880 1089; x_wconf 88' lang='lat' dir='ltr'>Stadio</span> <span class='ocrx_word' id='word_1_114' title='bbox 915 1055 999 1087; x_wconf 84' lang='lat' dir='ltr'>vicit</span> <span class='ocrx_word' id='word_1_115' title='bbox 1034 1053 1172 1098; x_wconf 89' lang='lat' dir='ltr'>primus</span> 
     </span>
     <span class='ocr_line' id='line_1_20' title="bbox 175 1104 1172 1153; baseline -0.008 -7"><span class='ocrx_word' id='word_1_116' title='bbox 175 1113 341 1150; x_wconf 90' lang='lat' dir='ltr'>Oeonus‚</span> <span class='ocrx_word' id='word_1_117' title='bbox 370 1107 552 1153; x_wconf 80' lang='lat' dir='ltr'>Licymnii</span> <span class='ocrx_word' id='word_1_118' title='bbox 574 1107 685 1147; x_wconf 88' lang='lat' dir='ltr'>filius,</span> <span class='ocrx_word' id='word_1_119' title='bbox 719 1108 789 1140; x_wconf 88' lang='lat' dir='ltr'>dux</span> <span class='ocrx_word' id='word_1_120' title='bbox 813 1106 954 1139; x_wconf 86' lang='lat' dir='ltr'>Mideae</span> <span class='ocrx_word' id='word_1_121' title='bbox 970 1104 1172 1149; x_wconf 76' lang='lat' dir='ltr'>Argolicae.</span> 
     </span>
     <span class='ocr_line' id='line_1_21' title="bbox 175 1156 1172 1204; baseline -0.007 -7"><span class='ocrx_word' id='word_1_122' title='bbox 175 1164 285 1197; x_wconf 86' lang='lat' dir='ltr'>Lucta</span> <span class='ocrx_word' id='word_1_123' title='bbox 304 1159 482 1195; x_wconf 83' lang='lat' dir='ltr'>Echemus</span> <span class='ocrx_word' id='word_1_124' title='bbox 498 1159 629 1199; x_wconf 85' lang='lat' dir='ltr'>Arcas,</span> <span class='ocrx_word' id='word_1_125' title='bbox 655 1158 832 1204; x_wconf 87' lang='lat' dir='ltr'>Doryclus</span> <span class='ocrx_word' id='word_1_126' title='bbox 849 1157 1058 1202; x_wconf 81' lang='lat' dir='ltr'>pugillando</span> <span class='ocrx_word' id='word_1_127' title='bbox 1076 1156 1172 1190; x_wconf 79' lang='lat' dir='ltr'>vicit.</span> 
     </span>
     <span class='ocr_line' id='line_1_22' title="bbox 177 1205 1172 1260; baseline -0.007 -12"><span class='ocrx_word' id='word_1_128' title='bbox 177 1214 361 1260; x_wconf 78' lang='lat' dir='ltr'>Quadriga</span> <span class='ocrx_word' id='word_1_129' title='bbox 398 1224 484 1245; x_wconf 78' lang='lat' dir='ltr'>vero</span> <span class='ocrx_word' id='word_1_130' title='bbox 522 1211 623 1256; x_wconf 77' lang='lat' dir='ltr'>(Ant.</span> <span class='ocrx_word' id='word_1_131' title='bbox 655 1209 706 1256; x_wconf 82' lang='grc'>4.)</span> <span class='ocrx_word' id='word_1_132' title='bbox 742 1210 882 1254; x_wconf 86' lang='lat' dir='ltr'>signum</span> <span class='ocrx_word' id='word_1_133' title='bbox 919 1205 1172 1241; x_wconf 82' lang='lat' dir='ltr'>Halirrhothii.</span> 
     </span>
     <span class='ocr_line' id='line_1_23' title="bbox 176 1261 1174 1305; baseline -0.009 -5"><span class='ocrx_word' id='word_1_134' title='bbox 176 1267 286 1300; x_wconf 85' lang='lat' dir='ltr'>Hasta</span> <span class='ocrx_word' id='word_1_135' title='bbox 310 1263 506 1303; x_wconf 84' lang='lat' dir='ltr'>Phrastor,</span> <span class='ocrx_word' id='word_1_136' title='bbox 551 1262 648 1295; x_wconf 90' lang='lat' dir='ltr'>disco</span> <span class='ocrx_word' id='word_1_137' title='bbox 673 1261 845 1302; x_wconf 85' lang='lat' dir='ltr'>Eniceus‚</span> <span class='ocrx_word' id='word_1_138' title='bbox 887 1267 921 1294; x_wconf 84' lang='lat' dir='ltr'>et</span> <span class='ocrx_word' id='word_1_139' title='bbox 945 1271 1092 1305; x_wconf 86' lang='lat' dir='ltr'>vespere</span> <span class='ocrx_word' id='word_1_140' title='bbox 1117 1271 1174 1292; x_wconf 85' lang='lat' dir='ltr'>ac-</span> 
     </span>
     <span class='ocr_line' id='line_1_24' title="bbox 178 1311 1174 1361; baseline -0.009 -9"><span class='ocrx_word' id='word_1_141' title='bbox 178 1317 297 1352; x_wconf 82' lang='lat' dir='ltr'>cendit</span> <span class='ocrx_word' id='word_1_142' title='bbox 312 1313 502 1361; x_wconf 84' lang='lat' dir='ltr'>pulcbrum</span> <span class='ocrx_word' id='word_1_143' title='bbox 519 1313 644 1347; x_wconf 83' lang='lat' dir='ltr'>Lunae</span> <span class='ocrx_word' id='word_1_144' title='bbox 666 1314 806 1351; x_wconf 72' lang='lat' dir='ltr'>lumem</span> <span class='ocrx_word' id='word_1_145' title='bbox 844 1312 925 1358; x_wconf 88' lang='lat' dir='ltr'><strong>(Ep.</strong></span> <span class='ocrx_word' id='word_1_146' title='bbox 943 1311 996 1359; x_wconf 85' lang='lat'><strong>4.)</strong></span> <span class='ocrx_word' id='word_1_147' title='bbox 1020 1311 1174 1344; x_wconf 82' lang='lat' dir='ltr'>celebra-</span> 
     </span>
     <span class='ocr_line' id='line_1_25' title="bbox 176 1364 1076 1403; baseline -0.008 0"><span class='ocrx_word' id='word_1_148' title='bbox 176 1371 282 1403; x_wconf 72' lang='lat' dir='ltr'>batur</span> <span class='ocrx_word' id='word_1_149' title='bbox 299 1374 417 1400; x_wconf 79' lang='lat' dir='ltr'>autem</span> <span class='ocrx_word' id='word_1_150' title='bbox 436 1372 551 1399; x_wconf 82' lang='lat' dir='ltr'>totum</span> <span class='ocrx_word' id='word_1_151' title='bbox 571 1377 697 1399; x_wconf 87' lang='lat' dir='ltr'>nemus</span> <span class='ocrx_word' id='word_1_152' title='bbox 716 1364 890 1399; x_wconf 85' lang='lat' dir='ltr'>conviviis</span> <span class='ocrx_word' id='word_1_153' title='bbox 907 1370 942 1397; x_wconf 91' lang='lat' dir='ltr'>et</span> <span class='ocrx_word' id='word_1_154' title='bbox 958 1369 1076 1396; x_wconf 89' lang='lat' dir='ltr'>cantu.</span> 
     </span>
    </p>

    <p class='ocr_par' dir='ltr' id='par_1_5' title="bbox 179 1413 1181 2235">
     <span class='ocr_line' id='line_1_26' title="bbox 279 1413 1175 1462; baseline -0.009 -9"><span class='ocrx_word' id='word_1_155' title='bbox 279 1420 383 1454; x_wconf 81' lang='lat' dir='ltr'>Nunc</span> <span class='ocrx_word' id='word_1_156' title='bbox 409 1430 495 1450; x_wconf 77' lang='lat' dir='ltr'>vero</span> <span class='ocrx_word' id='word_1_157' title='bbox 518 1422 706 1462; x_wconf 81' lang='lat' dir='ltr'>sequentes</span> <span class='ocrx_word' id='word_1_158' title='bbox 731 1417 867 1461; x_wconf 86' lang='lat' dir='ltr'>primos</span> <span class='ocrx_word' id='word_1_159' title='bbox 893 1415 965 1448; x_wconf 86' lang='lat' dir='ltr'>ritu</span> <span class='ocrx_word' id='word_1_160' title='bbox 991 1413 1175 1451; x_wconf 84' lang='lat' dir='ltr'>victoriae,</span> 
     </span>
     <span class='ocr_line' id='line_1_27' title="bbox 179 1463 1175 1508; baseline -0.01 -2"><span class='ocrx_word' id='word_1_161' title='bbox 179 1472 301 1505; x_wconf 84' lang='lat' dir='ltr'>laudes</span> <span class='ocrx_word' id='word_1_162' title='bbox 319 1481 508 1508; x_wconf 85' lang='lat' dir='ltr'>canemus,</span> <span class='ocrx_word' id='word_1_163' title='bbox 537 1475 571 1501; x_wconf 90' lang='lat' dir='ltr'>et</span> <span class='ocrx_word' id='word_1_164' title='bbox 587 1468 745 1502; x_wconf 87' lang='lat' dir='ltr'>dicemus</span> <span class='ocrx_word' id='word_1_165' title='bbox 763 1468 901 1501; x_wconf 85' lang='lat' dir='ltr'>tonitru</span> <span class='ocrx_word' id='word_1_166' title='bbox 918 1473 953 1499; x_wconf 84' lang='lat' dir='ltr'>et</span> <span class='ocrx_word' id='word_1_167' title='bbox 967 1466 1103 1499; x_wconf 86' lang='lat' dir='ltr'>fulmen</span> <span class='ocrx_word' id='word_1_168' title='bbox 1120 1463 1175 1497; x_wconf 93' lang='lat' dir='ltr'>lo-</span> 
     </span>
     <span class='ocr_line' id='line_1_28' title="bbox 179 1515 1175 1563; baseline -0.008 -7"><span class='ocrx_word' id='word_1_169' title='bbox 179 1524 252 1563; x_wconf 88' lang='lat' dir='ltr'>vis,</span> <span class='ocrx_word' id='word_1_170' title='bbox 281 1522 337 1555; x_wconf 90' lang='lat' dir='ltr'>cui</span> <span class='ocrx_word' id='word_1_171' title='bbox 358 1520 514 1554; x_wconf 87' lang='lat' dir='ltr'>occurrit</span> <span class='ocrx_word' id='word_1_172' title='bbox 529 1520 641 1554; x_wconf 87' lang='lat' dir='ltr'>dulcis</span> <span class='ocrx_word' id='word_1_173' title='bbox 662 1519 860 1559; x_wconf 77' lang='lat' dir='ltr'>cantilena,</span> <span class='ocrx_word' id='word_1_174' title='bbox 887 1517 981 1563; x_wconf 78' lang='lat' dir='ltr'>(Str.</span> <span class='ocrx_word' id='word_1_175' title='bbox 1003 1515 1056 1563; x_wconf 87' lang='lat'><strong>5.)</strong></span> <span class='ocrx_word' id='word_1_176' title='bbox 1084 1528 1175 1563; x_wconf 88' lang='lat' dir='ltr'>quae</span> 
     </span>
     <span class='ocr_line' id='line_1_29' title="bbox 180 1567 1177 1619; baseline -0.007 -12"><span class='ocrx_word' id='word_1_177' title='bbox 180 1575 276 1619; x_wconf 82' lang='lat' dir='ltr'>apud</span> <span class='ocrx_word' id='word_1_178' title='bbox 300 1573 432 1606; x_wconf 88' lang='lat' dir='ltr'>Dircen</span> <span class='ocrx_word' id='word_1_179' title='bbox 453 1578 534 1617; x_wconf 89' lang='lat' dir='ltr'>post</span> <span class='ocrx_word' id='word_1_180' title='bbox 557 1572 705 1616; x_wconf 86' lang='lat' dir='ltr'>longum</span> <span class='ocrx_word' id='word_1_181' title='bbox 731 1578 871 1616; x_wconf 87' lang='lat' dir='ltr'>tempus</span> <span class='ocrx_word' id='word_1_182' title='bbox 894 1569 1073 1615; x_wconf 84' lang='lat' dir='ltr'>apparuit.</span> <span class='ocrx_word' id='word_1_183' title='bbox 1127 1567 1177 1601; x_wconf 92' lang='lat' dir='ltr'>Ut</span> 
     </span>
     <span class='ocr_line' id='line_1_30' title="bbox 180 1621 1174 1667; baseline -0.008 -8"><span class='ocrx_word' id='word_1_184' title='bbox 180 1631 299 1659; x_wconf 78' lang='lat' dir='ltr'>autem</span> <span class='ocrx_word' id='word_1_185' title='bbox 327 1625 419 1658; x_wconf 84' lang='lat' dir='ltr'>filius</span> <span class='ocrx_word' id='word_1_186' title='bbox 445 1636 487 1656; x_wconf 87' lang='lat' dir='ltr'>ex</span> <span class='ocrx_word' id='word_1_187' title='bbox 510 1623 660 1667; x_wconf 81' lang='lat' dir='ltr'>coniuge</span> <span class='ocrx_word' id='word_1_188' title='bbox 685 1623 779 1667; x_wconf 89' lang='lat' dir='ltr'>patri</span> <span class='ocrx_word' id='word_1_189' title='bbox 804 1634 925 1662; x_wconf 86' lang='lat' dir='ltr'>carus,</span> <span class='ocrx_word' id='word_1_190' title='bbox 969 1621 1007 1653; x_wconf 90' lang='lat' dir='ltr'>in</span> <span class='ocrx_word' id='word_1_191' title='bbox 1036 1625 1174 1654; x_wconf 84' lang='lat' dir='ltr'>senecta</span> 
     </span>
     <span class='ocr_line' id='line_1_31' title="bbox 180 1670 1177 1721; baseline -0.007 -11"><span class='ocrx_word' id='word_1_192' title='bbox 180 1676 294 1721; x_wconf 85' lang='lat' dir='ltr'>magis</span> <span class='ocrx_word' id='word_1_193' title='bbox 313 1689 393 1709; x_wconf 89' lang='lat' dir='ltr'>eum</span> <span class='ocrx_word' id='word_1_194' title='bbox 411 1675 581 1712; x_wconf 84' lang='lat' dir='ltr'>delectat;</span> <span class='ocrx_word' id='word_1_195' title='bbox 609 1681 733 1707; x_wconf 85' lang='lat' dir='ltr'>contra</span> <span class='ocrx_word' id='word_1_196' title='bbox 751 1686 857 1713; x_wconf 80' lang='lat' dir='ltr'>vero,</span> <span class='ocrx_word' id='word_1_197' title='bbox 885 1673 984 1707; x_wconf 89' lang='lat' dir='ltr'>triste</span> <span class='ocrx_word' id='word_1_198' title='bbox 1001 1678 1053 1706; x_wconf 87' lang='lat' dir='ltr'>est</span> <span class='ocrx_word' id='word_1_199' title='bbox 1074 1670 1177 1705; x_wconf 82' lang='lat' dir='ltr'>diviti</span> 
     </span>
     <span class='ocr_line' id='line_1_32' title="bbox 182 1723 1177 1769; baseline -0.007 -7"><span class='ocrx_word' id='word_1_200' title='bbox 182 1728 313 1762; x_wconf 84' lang='lat' dir='ltr'>&#39;nabere</span> <span class='ocrx_word' id='word_1_201' title='bbox 329 1727 484 1760; x_wconf 81' lang='lat' dir='ltr'>alienum</span> <span class='ocrx_word' id='word_1_202' title='bbox 506 1724 715 1759; x_wconf 78' lang='lat' dir='ltr'>haeredem:</span> <span class='ocrx_word' id='word_1_203' title='bbox 753 1726 852 1769; x_wconf 80' lang='lat' dir='ltr'>(Ant.</span> <span class='ocrx_word' id='word_1_204' title='bbox 869 1723 922 1769; x_wconf 90' lang='lat'>5.)</span> <span class='ocrx_word' id='word_1_205' title='bbox 949 1724 998 1758; x_wconf 89' lang='lat' dir='ltr'>sic</span> <span class='ocrx_word' id='word_1_206' title='bbox 1027 1736 1106 1757; x_wconf 89' lang='lat' dir='ltr'>cum</span> <span class='ocrx_word' id='word_1_207' title='bbox 1136 1723 1177 1763; x_wconf 89' lang='lat' dir='ltr'>is,</span> 
     </span>
     <span class='ocr_line' id='line_1_33' title="bbox 183 1775 1177 1826; baseline -0.005 -14"><span class='ocrx_word' id='word_1_208' title='bbox 183 1780 246 1826; x_wconf 92' lang='lat' dir='ltr'>qui</span> <span class='ocrx_word' id='word_1_209' title='bbox 269 1779 454 1824; x_wconf 84' lang='lat' dir='ltr'>praeclara</span> <span class='ocrx_word' id='word_1_210' title='bbox 473 1778 564 1810; x_wconf 82' lang='lat' dir='ltr'>facta</span> <span class='ocrx_word' id='word_1_211' title='bbox 588 1778 689 1818; x_wconf 82' lang='lat' dir='ltr'>fecit,</span> <span class='ocrx_word' id='word_1_212' title='bbox 726 1778 801 1811; x_wconf 86' lang='lat' dir='ltr'>sine</span> <span class='ocrx_word' id='word_1_213' title='bbox 827 1777 985 1810; x_wconf 87' lang='lat' dir='ltr'>carmine</span> <span class='ocrx_word' id='word_1_214' title='bbox 1012 1775 1177 1814; x_wconf 89' lang='lat' dir='ltr'>moritur,</span> 
     </span>
     <span class='ocr_line' id='line_1_34' title="bbox 182 1827 1178 1875; baseline -0.005 -11"><span class='ocrx_word' id='word_1_215' title='bbox 182 1831 303 1864; x_wconf 87' lang='lat' dir='ltr'>inania</span> <span class='ocrx_word' id='word_1_216' title='bbox 321 1830 480 1875; x_wconf 77' lang='lat' dir='ltr'>spirans,</span> <span class='ocrx_word' id='word_1_217' title='bbox 506 1829 607 1862; x_wconf 87' lang='lat' dir='ltr'>brevi</span> <span class='ocrx_word' id='word_1_218' title='bbox 631 1835 793 1874; x_wconf 87' lang='lat' dir='ltr'>tempore</span> <span class='ocrx_word' id='word_1_219' title='bbox 816 1835 896 1873; x_wconf 89' lang='lat' dir='ltr'>post</span> <span class='ocrx_word' id='word_1_220' title='bbox 923 1828 1082 1861; x_wconf 85' lang='lat' dir='ltr'>laborem</span> <span class='ocrx_word' id='word_1_221' title='bbox 1108 1827 1178 1859; x_wconf 80' lang='lat' dir='ltr'>lae-</span> 
     </span>
     <span class='ocr_line' id='line_1_35' title="bbox 183 1877 1178 1926; baseline -0.005 -10"><span class='ocrx_word' id='word_1_222' title='bbox 183 1889 278 1916; x_wconf 89' lang='lat' dir='ltr'>tatus</span> <span class='ocrx_word' id='word_1_223' title='bbox 301 1888 363 1915; x_wconf 84' lang='lat' dir='ltr'>est.</span> <span class='ocrx_word' id='word_1_224' title='bbox 415 1880 499 1914; x_wconf 88' lang='lat' dir='ltr'>Tibi</span> <span class='ocrx_word' id='word_1_225' title='bbox 524 1893 610 1913; x_wconf 76' lang='lat' dir='ltr'>vero</span> <span class='ocrx_word' id='word_1_226' title='bbox 634 1881 711 1926; x_wconf 86' lang='lat' dir='ltr'>lyra</span> <span class='ocrx_word' id='word_1_227' title='bbox 732 1881 883 1925; x_wconf 75' lang='lat' dir='ltr'>gratiam</span> <span class='ocrx_word' id='word_1_228' title='bbox 904 1879 1020 1918; x_wconf 88' lang='lat' dir='ltr'>addit,</span> <span class='ocrx_word' id='word_1_229' title='bbox 1050 1877 1178 1922; x_wconf 18' lang='lat' dir='ltr'>etvPie-</span> 
     </span>
     <span class='ocr_line' id='line_1_36' title="bbox 185 1929 1179 1980; baseline -0.004 -13"><span class='ocrx_word' id='word_1_230' title='bbox 185 1934 278 1967; x_wconf 88' lang='lat' dir='ltr'>rides</span> <span class='ocrx_word' id='word_1_231' title='bbox 295 1932 474 1966; x_wconf 78' lang='lat' dir='ltr'>celebrant</span> <span class='ocrx_word' id='word_1_232' title='bbox 491 1939 541 1970; x_wconf 90' lang='lat' dir='ltr'>te;</span> <span class='ocrx_word' id='word_1_233' title='bbox 570 1931 651 1980; x_wconf 88' lang='lat' dir='ltr'><strong>(Ep.</strong></span> <span class='ocrx_word' id='word_1_234' title='bbox 669 1930 722 1980; x_wconf 88' lang='lat'>5.)</span> <span class='ocrx_word' id='word_1_235' title='bbox 747 1939 780 1966; x_wconf 89' lang='lat' dir='ltr'>et</span> <span class='ocrx_word' id='word_1_236' title='bbox 797 1945 861 1976; x_wconf 83' lang='lat' dir='ltr'>ego</span> <span class='ocrx_word' id='word_1_237' title='bbox 884 1930 1082 1965; x_wconf 81' lang='lat' dir='ltr'>adhaerens</span> <span class='ocrx_word' id='word_1_238' title='bbox 1099 1929 1179 1963; x_wconf 88' lang='lat' dir='ltr'>Mu-</span> 
     </span>
     <span class='ocr_line' id='line_1_37' title="bbox 185 1981 1178 2028; baseline -0.005 -10"><span class='ocrx_word' id='word_1_239' title='bbox 185 1985 250 2025; x_wconf 83' lang='lat' dir='ltr'>sis,</span> <span class='ocrx_word' id='word_1_240' title='bbox 286 1984 393 2017; x_wconf 87' lang='lat' dir='ltr'>incidi</span> <span class='ocrx_word' id='word_1_241' title='bbox 426 1984 461 2016; x_wconf 89' lang='lat' dir='ltr'>in</span> <span class='ocrx_word' id='word_1_242' title='bbox 486 1983 686 2018; x_wconf 89' lang='lat' dir='ltr'>Locrorum</span> <span class='ocrx_word' id='word_1_243' title='bbox 715 1991 876 2028; x_wconf 85' lang='lat' dir='ltr'>gentem,</span> <span class='ocrx_word' id='word_1_244' title='bbox 913 1989 947 2016; x_wconf 92' lang='lat' dir='ltr'>et</span> <span class='ocrx_word' id='word_1_245' title='bbox 971 1983 1075 2016; x_wconf 88' lang='lat' dir='ltr'>melle</span> <span class='ocrx_word' id='word_1_246' title='bbox 1100 1981 1178 2025; x_wconf 86' lang='lat' dir='ltr'>rigo</span> 
     </span>
     <span class='ocr_line' id='line_1_38' title="bbox 185 2033 1179 2075; baseline -0.005 -6"><span class='ocrx_word' id='word_1_247' title='bbox 185 2038 314 2069; x_wconf 81' lang='lat' dir='ltr'>sortem</span> <span class='ocrx_word' id='word_1_248' title='bbox 350 2035 527 2068; x_wconf 78' lang='lat' dir='ltr'>civitatem</span> <span class='ocrx_word' id='word_1_249' title='bbox 549 2062 558 2075; x_wconf 95' lang='lat'>,</span> <span class='ocrx_word' id='word_1_250' title='bbox 612 2036 763 2070; x_wconf 86' lang='lat' dir='ltr'>laudans</span> <span class='ocrx_word' id='word_1_251' title='bbox 799 2033 1019 2068; x_wconf 83' lang='lat' dir='ltr'>Archestrati</span> <span class='ocrx_word' id='word_1_252' title='bbox 1054 2033 1179 2072; x_wconf 83' lang='lat' dir='ltr'>filium,</span> 
     </span>
     <span class='ocr_line' id='line_1_39' title="bbox 187 2084 1179 2133; baseline -0.005 -13"><span class='ocrx_word' id='word_1_253' title='bbox 187 2100 294 2133; x_wconf 84' lang='lat' dir='ltr'>quem</span> <span class='ocrx_word' id='word_1_254' title='bbox 321 2086 391 2118; x_wconf 75' lang='lat' dir='ltr'>virli</span> <span class='ocrx_word' id='word_1_255' title='bbox 416 2087 586 2120; x_wconf 77' lang='lat' dir='ltr'>victorem</span> <span class='ocrx_word' id='word_1_256' title='bbox 614 2088 709 2132; x_wconf 80' lang='lat' dir='ltr'>apud</span> <span class='ocrx_word' id='word_1_257' title='bbox 736 2100 835 2121; x_wconf 86' lang='lat' dir='ltr'>aram</span> <span class='ocrx_word' id='word_1_258' title='bbox 852 2085 1083 2132; x_wconf 83' lang='lat' dir='ltr'>Olympiam,</span> <span class='ocrx_word' id='word_1_259' title='bbox 1118 2084 1179 2116; x_wconf 92' lang='lat' dir='ltr'>illo</span> 
     </span>
     <span class='ocr_line' id='line_1_40' title="bbox 188 2136 1181 2183; baseline -0.004 -12"><span class='ocrx_word' id='word_1_260' title='bbox 188 2146 350 2182; x_wconf 87' lang='lat' dir='ltr'>tempore</span> <span class='ocrx_word' id='word_1_261' title='bbox 367 2138 553 2171; x_wconf 89' lang='lat' dir='ltr'>florentem</span> <span class='ocrx_word' id='word_1_262' title='bbox 572 2139 686 2171; x_wconf 81' lang='lat' dir='ltr'>forma</span> <span class='ocrx_word' id='word_1_263' title='bbox 715 2146 750 2172; x_wconf 88' lang='lat' dir='ltr'>et</span> <span class='ocrx_word' id='word_1_264' title='bbox 774 2145 911 2179; x_wconf 85' lang='lat' dir='ltr'>aetate,</span> <span class='ocrx_word' id='word_1_265' title='bbox 946 2149 1037 2183; x_wconf 83' lang='lat' dir='ltr'>quae</span> <span class='ocrx_word' id='word_1_266' title='bbox 1065 2136 1181 2179; x_wconf 89' lang='lat' dir='ltr'>impu-</span> 
     </span>
     <span class='ocr_line' id='line_1_41' title="bbox 187 2187 1181 2235; baseline -0.004 -12"><span class='ocrx_word' id='word_1_267' title='bbox 187 2191 330 2223; x_wconf 74' lang='lat' dir='ltr'>dentem</span> <span class='ocrx_word' id='word_1_268' title='bbox 348 2196 501 2222; x_wconf 84' lang='lat' dir='ltr'>mortem</span> <span class='ocrx_word' id='word_1_269' title='bbox 521 2202 539 2221; x_wconf 81' lang='lat' dir='ltr'>a</span> <span class='ocrx_word' id='word_1_270' title='bbox 555 2190 764 2235; x_wconf 84' lang='lat' dir='ltr'>Ganymede</span> <span class='ocrx_word' id='word_1_271' title='bbox 781 2189 918 2235; x_wconf 87' lang='lat' dir='ltr'>depulit</span> <span class='ocrx_word' id='word_1_272' title='bbox 935 2201 1014 2222; x_wconf 88' lang='lat' dir='ltr'>cum</span> <span class='ocrx_word' id='word_1_273' title='bbox 1029 2187 1181 2220; x_wconf 83' lang='lat' dir='ltr'>Venere.</span> 
     </span>
    </p>
   </div>
   <div class='ocr_carea' id='block_1_3' title="bbox 553 2274 821 2325">
    <p class='ocr_par' dir='ltr' id='par_1_6' title="bbox 553 2274 821 2325">
     <span class='ocr_line' id='line_1_42' title="bbox 553 2274 821 2325; baseline 0.007 -12"><span class='ocrx_word' id='word_1_274' title='bbox 553 2274 645 2315; x_wconf 69' lang='lat' dir='ltr'>ode</span> <span class='ocrx_word' id='word_1_275' title='bbox 676 2274 821 2325; x_wconf 44' lang='lat' dir='ltr'>nse.)</span> 
     </span>
    </p>
   </div>
   <div class='ocr_carea' id='block_1_4' title="bbox 384 2338 990 2386">
    <p class='ocr_par' dir='ltr' id='par_1_7' title="bbox 384 2338 990 2386">
     <span class='ocr_line' id='line_1_43' title="bbox 384 2338 990 2386; baseline -0.002 -12"><span class='ocrx_word' id='word_1_276' title='bbox 384 2343 501 2375; x_wconf 80' lang='lat' dir='ltr'>Eidem</span> <span class='ocrx_word' id='word_1_277' title='bbox 528 2344 613 2385; x_wconf 74' lang='lat' dir='ltr'>Aye</span> <span class='ocrx_word' id='word_1_278' title='bbox 623 2355 639 2375; x_wconf 80' lang='lat' dir='ltr'>s</span> <span class='ocrx_word' id='word_1_279' title='bbox 651 2344 788 2375; x_wconf 76' lang='lat' dir='ltr'>idamo</span> <span class='ocrx_word' id='word_1_280' title='bbox 815 2338 922 2380; x_wconf 74' lang='grc' dir='ltr'><strong><em>τόκος</em></strong></span> <span class='ocrx_word' id='word_1_281' title='bbox 931 2340 990 2386; x_wconf 70' lang='lat'><strong>²³³).</strong></span> 
     </span>
    </p>
   </div>
   <div class='ocr_carea' id='block_1_5' title="bbox 1208 2228 1656 2317">
    <p class='ocr_par' dir='ltr' id='par_1_8' title="bbox 1208 2228 1656 2317">
     <span class='ocr_line' id='line_1_44' title="bbox 1208 2228 1656 2317; baseline -0.005 -53"><span class='ocrx_word' id='word_1_282' title='bbox 1208 2248 1210 2259; x_wconf 53' lang='grc' dir='ltr'><em>ν</em></span> <span class='ocrx_word' id='word_1_283' title='bbox 1240 2229 1454 2264; x_wconf 76' lang='lat' dir='ltr'>vestibulum</span> <span class='ocrx_word' id='word_1_284' title='bbox 1237 2228 1656 2317; x_wconf 35' lang='lat' dir='ltr'>——ssNeptunss</span> 
     </span>
    </p>
   </div>
   <div class='ocr_carea' id='block_1_6' title="bbox 295 2408 961 2455">
    <p class='ocr_par' dir='ltr' id='par_1_9' title="bbox 295 2408 961 2455">
     <span class='ocr_line' id='line_1_45' title="bbox 295 2408 961 2455; baseline -0.005 -11"><span class='ocrx_word' id='word_1_285' title='bbox 295 2410 404 2455; x_wconf 71' lang='lat' dir='ltr'>(Sir.)</span> <span class='ocrx_word' id='word_1_286' title='bbox 446 2408 629 2442; x_wconf 79' lang='lat' dir='ltr'>Interdum</span> <span class='ocrx_word' id='word_1_287' title='bbox 663 2416 811 2453; x_wconf 74' lang='lat' dir='ltr'>prosunt</span> <span class='ocrx_word' id='word_1_288' title='bbox 844 2409 961 2449; x_wconf 70' lang='lat' dir='ltr'>venti,</span> 
     </span>
    </p>
   </div>
   <div class='ocr_carea' id='block_1_7' title="bbox 190 2462 343 2505">
    <p class='ocr_par' dir='ltr' id='par_1_10' title="bbox 190 2462 343 2505">
     <span class='ocr_line' id='line_1_46' title="bbox 190 2462 343 2505; baseline 0.007 -13"><span class='ocrx_word' id='word_1_289' title='bbox 190 2464 269 2505; x_wconf 62' lang='lat' dir='ltr'>plux</span> <span class='ocrx_word' id='word_1_290' title='bbox 280 2462 343 2493; x_wconf 70' lang='lat' dir='ltr'>iae.</span> 
     </span>
    </p>
   </div>
   <div class='ocr_carea' id='block_1_8' title="bbox 413 2269 1216 2563">
    <p class='ocr_par' dir='ltr' id='par_1_11' title="bbox 413 2269 1215 2528">
     <span class='ocr_line' id='line_1_47' title="bbox 1208 2269 1211 2285; baseline 0 0"><span class='ocrx_word' id='word_1_291' title='bbox 1208 2269 1211 2285; x_wconf 81' lang='lat' dir='ltr'>l</span> 
     </span>
     <span class='ocr_line' id='line_1_48' title="bbox 1208 2288 1211 2308; baseline 0 0"><span class='ocrx_word' id='word_1_292' title='bbox 1208 2288 1211 2308; x_wconf 81' lang='grc' dir='ltr'>ι</span> 
     </span>
     <span class='ocr_line' id='line_1_49' title="bbox 1004 2367 1214 2455; baseline -0.01 -14"><span class='ocrx_word' id='word_1_293' title='bbox 1004 2409 1183 2441; x_wconf 81' lang='lat' dir='ltr'>interdum</span> <span class='ocrx_word' id='word_1_294' title='bbox 1210 2367 1214 2455; x_wconf 57' lang='lat' dir='ltr'>i</span> 
     </span>
     <span class='ocr_line' id='line_1_50' title="bbox 413 2458 1215 2528; baseline -0.001 -35"><span class='ocrx_word' id='word_1_295' title='bbox 413 2460 470 2493; x_wconf 90' lang='lat' dir='ltr'>Sic</span> <span class='ocrx_word' id='word_1_296' title='bbox 499 2473 578 2494; x_wconf 89' lang='lat' dir='ltr'>cum</span> <span class='ocrx_word' id='word_1_297' title='bbox 606 2461 734 2506; x_wconf 82' lang='lat' dir='ltr'>aliquis</span> <span class='ocrx_word' id='word_1_298' title='bbox 759 2461 839 2493; x_wconf 70' lang='lat' dir='ltr'>serit</span> <span class='ocrx_word' id='word_1_299' title='bbox 863 2460 997 2506; x_wconf 77' lang='lat' dir='ltr'>aliquid</span> <span class='ocrx_word' id='word_1_300' title='bbox 1025 2460 1186 2499; x_wconf 78' lang='lat' dir='ltr'>feliciter,</span> <span class='ocrx_word' id='word_1_301' title='bbox 1211 2458 1215 2528; x_wconf 54' lang='grc' dir='ltr'>ἰ</span> 
     </span>
    </p>

    <p class='ocr_par' dir='ltr' id='par_1_12' title="bbox 1213 2531 1216 2563">
     <span class='ocr_line' id='line_1_51' title="bbox 1213 2531 1216 2563; baseline 0 0"><span class='ocrx_word' id='word_1_302' title='bbox 1213 2531 1216 2563; x_wconf 86' lang='grc' dir='ltr'><strong>Ι</strong></span> 
     </span>
    </p>
   </div>
   <div class='ocr_carea' id='block_1_9' title="bbox 224 2560 885 2667">
    <p class='ocr_par' dir='ltr' id='par_1_13' title="bbox 224 2560 885 2667">
     <span class='ocr_line' id='line_1_52' title="bbox 224 2560 885 2590; baseline -0.005 -5"><span class='ocrx_word' id='word_1_303' title='bbox 224 2561 273 2588; x_wconf 80' lang='grc'>27)</span> <span class='ocrx_word' id='word_1_304' title='bbox 294 2562 367 2589; x_wconf 77' lang='lat' dir='ltr'>loco]</span> <span class='ocrx_word' id='word_1_305' title='bbox 388 2560 435 2583; x_wconf 75' lang='lat' dir='ltr'>Ed.</span> <span class='ocrx_word' id='word_1_306' title='bbox 457 2561 530 2584; x_wconf 67' lang='lat'><strong>1558.</strong></span> <span class='ocrx_word' id='word_1_307' title='bbox 551 2560 648 2583; x_wconf 81' lang='lat' dir='ltr'>mendo</span> <span class='ocrx_word' id='word_1_308' title='bbox 667 2562 795 2590; x_wconf 55' lang='lat' dir='ltr'>typo-gn:</span> <span class='ocrx_word' id='word_1_309' title='bbox 823 2560 885 2583; x_wconf 81' lang='lat' dir='ltr'>loto.</span> 
     </span>
     <span class='ocr_line' id='line_1_53' title="bbox 225 2601 878 2632; baseline -0.005 -5"><span class='ocrx_word' id='word_1_310' title='bbox 225 2603 272 2631; x_wconf 76' lang='lat'>28)</span> <span class='ocrx_word' id='word_1_311' title='bbox 294 2603 357 2630; x_wconf 75' lang='lat' dir='ltr'>th</span> <span class='ocrx_word' id='word_1_312' title='bbox 380 2603 419 2625; x_wconf 69' lang='lat' dir='ltr'>sic</span> <span class='ocrx_word' id='word_1_313' title='bbox 439 2602 524 2627; x_wconf 79' lang='lat' dir='ltr'>Editt.</span> <span class='ocrx_word' id='word_1_314' title='bbox 546 2601 691 2632; x_wconf 81' lang='lat' dir='ltr'>antiquior.</span> <span class='ocrx_word' id='word_1_315' title='bbox 719 2604 746 2624; x_wconf 82' lang='lat' dir='ltr'>et</span> <span class='ocrx_word' id='word_1_316' title='bbox 766 2602 878 2631; x_wconf 47' lang='lat' dir='ltr'>lle-vum</span> 
     </span>
     <span class='ocr_line' id='line_1_54' title="bbox 259 2637 419 2667; baseline 0.013 -7"><span class='ocrx_word' id='word_1_317' title='bbox 259 2637 360 2667; x_wconf 80' lang='lat' dir='ltr'>Bergk.</span> <span class='ocrx_word' id='word_1_318' title='bbox 383 2637 419 2662; x_wconf 83' lang='lat' dir='ltr'>X.</span> 
     </span>
    </p>
   </div>
   <div class='ocr_carea' id='block_1_10' title="bbox 226 2680 1191 2746">
    <p class='ocr_par' dir='ltr' id='par_1_14' title="bbox 226 2680 1191 2746">
     <span class='ocr_line' id='line_1_55' title="bbox 226 2680 1188 2710; baseline 0.001 -7"><span class='ocrx_word' id='word_1_319' title='bbox 226 2681 273 2707; x_wconf 62' lang='lat'>22⁴)</span> <span class='ocrx_word' id='word_1_320' title='bbox 296 2681 341 2703; x_wconf 49' lang='lat' dir='ltr'>¹*ic</span> <span class='ocrx_word' id='word_1_321' title='bbox 360 2681 425 2703; x_wconf 71' lang='lat' dir='ltr'>haec</span> <span class='ocrx_word' id='word_1_322' title='bbox 440 2680 497 2704; x_wconf 84' lang='lat' dir='ltr'>Ode</span> <span class='ocrx_word' id='word_1_323' title='bbox 518 2680 651 2710; x_wconf 70' lang='lat' dir='ltr'>inscripta</span> <span class='ocrx_word' id='word_1_324' title='bbox 670 2682 713 2703; x_wconf 71' lang='lat' dir='ltr'>est</span> <span class='ocrx_word' id='word_1_325' title='bbox 731 2680 755 2703; x_wconf 84' lang='lat' dir='ltr'>in</span> <span class='ocrx_word' id='word_1_326' title='bbox 771 2680 853 2705; x_wconf 77' lang='lat' dir='ltr'>Editt.</span> <span class='ocrx_word' id='word_1_327' title='bbox 866 2680 952 2707; x_wconf 66' lang='lat'>1558..</span> <span class='ocrx_word' id='word_1_328' title='bbox 974 2680 1049 2705; x_wconf 74' lang='lat'>¹56³.</span> <span class='ocrx_word' id='word_1_329' title='bbox 1064 2689 1098 2702; x_wconf 87' lang='lat'>=</span> <span class='ocrx_word' id='word_1_330' title='bbox 1112 2680 1188 2704; x_wconf 81' lang='lat' dir='ltr'>Pind.</span> 
     </span>
     <span class='ocr_line' id='line_1_56' title="bbox 262 2713 1191 2746; baseline 0 -9"><span class='ocrx_word' id='word_1_331' title='bbox 262 2715 342 2739; x_wconf 62' lang='lat' dir='ltr'>Edant.</span> <span class='ocrx_word' id='word_1_332' title='bbox 364 2716 493 2740; x_wconf 64' lang='lat' dir='ltr'>Francos.</span> <span class='ocrx_word' id='word_1_333' title='bbox 516 2716 608 2745; x_wconf 59' lang='lat'><strong>1542„</strong></span> <span class='ocrx_word' id='word_1_334' title='bbox 633 2715 718 2739; x_wconf 76' lang='lat' dir='ltr'>Basil.</span> <span class='ocrx_word' id='word_1_335' title='bbox 740 2716 830 2745; x_wconf 59' lang='lat'>1556„</span> <span class='ocrx_word' id='word_1_336' title='bbox 857 2716 889 2738; x_wconf 81' lang='grc' dir='ltr'>Η.</span> <span class='ocrx_word' id='word_1_337' title='bbox 909 2715 1001 2744; x_wconf 60' lang='lat' dir='ltr'>&amp;tc-ph.</span> <span class='ocrx_word' id='word_1_338' title='bbox 1025 2716 1114 2739; x_wconf 77' lang='lat'><strong>1566.:</strong></span> <span class='ocrx_word' id='word_1_339' title='bbox 1145 2713 1191 2746; x_wconf 70' lang='grc' dir='ltr'>Τῷ</span> 
     </span>
    </p>
   </div>
   <div class='ocr_carea' id='block_1_11' title="bbox 915 2602 1188 2627">
    <p class='ocr_par' dir='ltr' id='par_1_15' title="bbox 915 2602 1188 2627">
     <span class='ocr_line' id='line_1_57' title="bbox 915 2602 1188 2627; baseline 0.004 -3"><span class='ocrx_word' id='word_1_340' title='bbox 915 2602 998 2627; x_wconf 68' lang='lat' dir='ltr'>Mitt.</span> <span class='ocrx_word' id='word_1_341' title='bbox 1020 2603 1134 2626; x_wconf 68' lang='lat' dir='ltr'>noct-kh.</span> <span class='ocrx_word' id='word_1_342' title='bbox 1162 2604 1188 2625; x_wconf 83' lang='lat' dir='ltr'>et</span> 
     </span>
    </p>
   </div>
   <div class='ocr_carea' id='block_1_12' title="bbox 762 90 1642 132">
    <p class='ocr_par' dir='ltr' id='par_1_16' title="bbox 762 90 1642 132">
     <span class='ocr_line' id='line_1_58' title="bbox 762 90 1642 132; baseline -0.007 0"><span class='ocrx_word' id='word_1_343' title='bbox 762 97 882 132; x_wconf 86' lang='lat' dir='ltr'><strong>PHIL.</strong></span> <span class='ocrx_word' id='word_1_344' title='bbox 922 94 1034 130; x_wconf 71' lang='lat' dir='ltr'><strong>MEL.</strong></span> <span class='ocrx_word' id='word_1_345' title='bbox 1065 93 1269 128; x_wconf 74' lang='lat' dir='ltr'>SCRIPTA</span> <span class='ocrx_word' id='word_1_346' title='bbox 1302 90 1642 127; x_wconf 87' lang='lat' dir='ltr'><strong>PHILOLOGICA.</strong></span> 
     </span>
    </p>
   </div>
   <div class='ocr_carea' id='block_1_13' title="bbox 2148 94 2223 129">
    <p class='ocr_par' dir='ltr' id='par_1_17' title="bbox 2148 94 2223 129">
     <span class='ocr_line' id='line_1_59' title="bbox 2148 94 2223 129; baseline -0.027 0"><span class='ocrx_word' id='word_1_347' title='bbox 2148 94 2223 129; x_wconf 80' lang='lat'>208</span> 
     </span>
    </p>
   </div>
   <div class='ocr_carea' id='block_1_14' title="bbox 1223 178 2223 842">
    <p class='ocr_par' dir='ltr' id='par_1_18' title="bbox 1223 178 2223 431">
     <span class='ocr_line' id='line_1_60' title="bbox 1223 178 2223 225; baseline -0.001 -12"><span class='ocrx_word' id='word_1_348' title='bbox 1223 180 1343 214; x_wconf 88' lang='lat' dir='ltr'>dulces</span> <span class='ocrx_word' id='word_1_349' title='bbox 1369 178 1495 225; x_wconf 67' lang='lat' dir='ltr'>hymni</span> <span class='ocrx_word' id='word_1_350' title='bbox 1519 179 1609 213; x_wconf 88' lang='lat' dir='ltr'>fiunt</span> <span class='ocrx_word' id='word_1_351' title='bbox 1633 179 1665 212; x_wconf 89' lang='lat' dir='ltr'>ei</span> <span class='ocrx_word' id='word_1_352' title='bbox 1689 179 1790 211; x_wconf 85' lang='lat' dir='ltr'>initia</span> <span class='ocrx_word' id='word_1_353' title='bbox 1818 178 2061 223; x_wconf 86' lang='lat' dir='ltr'>posteriorum</span> <span class='ocrx_word' id='word_1_354' title='bbox 2088 190 2223 212; x_wconf 90' lang='lat' dir='ltr'>sermo-</span> 
     </span>
     <span class='ocr_line' id='line_1_61' title="bbox 1223 227 2222 274; baseline -0.002 -10"><span class='ocrx_word' id='word_1_355' title='bbox 1223 244 1308 265; x_wconf 85' lang='lat' dir='ltr'>num</span> <span class='ocrx_word' id='word_1_356' title='bbox 1323 246 1329 269; x_wconf 85' lang='lat'>;</span> <span class='ocrx_word' id='word_1_357' title='bbox 1360 238 1392 264; x_wconf 82' lang='lat' dir='ltr'>et</span> <span class='ocrx_word' id='word_1_358' title='bbox 1410 232 1533 264; x_wconf 83' lang='lat' dir='ltr'>foedus</span> <span class='ocrx_word' id='word_1_359' title='bbox 1550 237 1602 264; x_wconf 90' lang='lat' dir='ltr'>est</span> <span class='ocrx_word' id='word_1_360' title='bbox 1620 231 1832 270; x_wconf 88' lang='lat' dir='ltr'>virtutibus,</span> <span class='ocrx_word' id='word_1_361' title='bbox 1861 227 1981 274; x_wconf 81' lang='lat' dir='ltr'>(Ant.)</span> <span class='ocrx_word' id='word_1_362' title='bbox 2001 241 2080 263; x_wconf 91' lang='lat' dir='ltr'>cum</span> <span class='ocrx_word' id='word_1_363' title='bbox 2098 230 2222 263; x_wconf 83' lang='lat' dir='ltr'>lauda-</span> 
     </span>
     <span class='ocr_line' id='line_1_62' title="bbox 1224 281 2221 326; baseline -0.002 -10"><span class='ocrx_word' id='word_1_364' title='bbox 1224 283 1334 316; x_wconf 88' lang='lat' dir='ltr'>tione.</span> <span class='ocrx_word' id='word_1_365' title='bbox 1396 282 1508 316; x_wconf 85' lang='lat' dir='ltr'>Grata</span> <span class='ocrx_word' id='word_1_366' title='bbox 1534 288 1586 315; x_wconf 89' lang='lat' dir='ltr'>est</span> <span class='ocrx_word' id='word_1_367' title='bbox 1610 282 1687 316; x_wconf 83' lang='lat' dir='ltr'>laus</span> <span class='ocrx_word' id='word_1_368' title='bbox 1713 281 1930 321; x_wconf 87' lang='lat' dir='ltr'>victoribus,</span> <span class='ocrx_word' id='word_1_369' title='bbox 1964 293 2073 326; x_wconf 88' lang='lat' dir='ltr'>quam</span> <span class='ocrx_word' id='word_1_370' title='bbox 2099 281 2221 325; x_wconf 83' lang='lat' dir='ltr'>lingua</span> 
     </span>
     <span class='ocr_line' id='line_1_63' title="bbox 1223 332 2222 378; baseline -0.001 -11"><span class='ocrx_word' id='word_1_371' title='bbox 1223 347 1301 368; x_wconf 87' lang='lat' dir='ltr'>mea</span> <span class='ocrx_word' id='word_1_372' title='bbox 1330 334 1454 378; x_wconf 82' lang='lat' dir='ltr'>pascit.</span> <span class='ocrx_word' id='word_1_373' title='bbox 1514 332 1582 366; x_wconf 91' lang='lat' dir='ltr'>Dei</span> <span class='ocrx_word' id='word_1_374' title='bbox 1614 339 1731 367; x_wconf 81' lang='lat' dir='ltr'>autern</span> <span class='ocrx_word' id='word_1_375' title='bbox 1756 332 1966 366; x_wconf 87' lang='lat' dir='ltr'>beneficium</span> <span class='ocrx_word' id='word_1_376' title='bbox 1992 338 2062 372; x_wconf 87' lang='lat' dir='ltr'>est,</span> <span class='ocrx_word' id='word_1_377' title='bbox 2094 332 2222 366; x_wconf 87' lang='lat' dir='ltr'>florere</span> 
     </span>
     <span class='ocr_line' id='line_1_64' title="bbox 1223 385 1410 431; baseline -0.005 -11"><span class='ocrx_word' id='word_1_378' title='bbox 1223 385 1410 431; x_wconf 81' lang='lat' dir='ltr'>sapientia.</span> 
     </span>
    </p>

    <p class='ocr_par' dir='ltr' id='par_1_19' title="bbox 1224 434 2223 842">
     <span class='ocr_line' id='line_1_65' title="bbox 1327 434 2222 480; baseline -0.003 -10"><span class='ocrx_word' id='word_1_379' title='bbox 1327 437 1426 470; x_wconf 81' lang='lat' dir='ltr'>Scias</span> <span class='ocrx_word' id='word_1_380' title='bbox 1457 436 1566 479; x_wconf 77' lang='lat' dir='ltr'>igitur</span> <span class='ocrx_word' id='word_1_381' title='bbox 1585 435 1819 479; x_wconf 81' lang='lat' dir='ltr'>Agesidame,</span> <span class='ocrx_word' id='word_1_382' title='bbox 1855 441 2003 480; x_wconf 88' lang='lat' dir='ltr'>propter</span> <span class='ocrx_word' id='word_1_383' title='bbox 2032 434 2222 479; x_wconf 81' lang='lat' dir='ltr'>pugillato-</span> 
     </span>
     <span class='ocr_line' id='line_1_66' title="bbox 1224 484 2222 534; baseline -0.001 -13"><span class='ocrx_word' id='word_1_384' title='bbox 1224 489 1318 522; x_wconf 86' lang='lat' dir='ltr'>riam</span> <span class='ocrx_word' id='word_1_385' title='bbox 1348 495 1445 521; x_wconf 83' lang='lat' dir='ltr'>tuam</span> <span class='ocrx_word' id='word_1_386' title='bbox 1473 486 1570 534; x_wconf 90' lang='lat' dir='ltr'><strong>(Ep.)</strong></span> <span class='ocrx_word' id='word_1_387' title='bbox 1596 499 1653 519; x_wconf 90' lang='lat' dir='ltr'>me</span> <span class='ocrx_word' id='word_1_388' title='bbox 1675 484 1743 519; x_wconf 91' lang='lat' dir='ltr'>hoc</span> <span class='ocrx_word' id='word_1_389' title='bbox 1767 499 1912 520; x_wconf 89' lang='lat' dir='ltr'>carmen</span> <span class='ocrx_word' id='word_1_390' title='bbox 1935 498 2064 520; x_wconf 83' lang='lat' dir='ltr'>sonare</span> <span class='ocrx_word' id='word_1_391' title='bbox 2090 487 2136 519; x_wconf 90' lang='lat' dir='ltr'>ad</span> <span class='ocrx_word' id='word_1_392' title='bbox 2160 498 2222 520; x_wconf 84' lang='lat' dir='ltr'>au·</span> 
     </span>
     <span class='ocr_line' id='line_1_67' title="bbox 1224 536 2223 584; baseline -0.002 -11"><span class='ocrx_word' id='word_1_393' title='bbox 1224 553 1326 573; x_wconf 86' lang='lat' dir='ltr'>ream</span> <span class='ocrx_word' id='word_1_394' title='bbox 1354 552 1548 579; x_wconf 81' lang='lat' dir='ltr'>coronam,</span> <span class='ocrx_word' id='word_1_395' title='bbox 1592 538 1674 584; x_wconf 85' lang='lat' dir='ltr'>quia</span> <span class='ocrx_word' id='word_1_396' title='bbox 1702 550 1787 571; x_wconf 89' lang='lat' dir='ltr'>curo</span> <span class='ocrx_word' id='word_1_397' title='bbox 1811 537 1959 572; x_wconf 87' lang='lat' dir='ltr'>Locros.</span> <span class='ocrx_word' id='word_1_398' title='bbox 2024 536 2077 571; x_wconf 89' lang='lat' dir='ltr'>Ibi</span> <span class='ocrx_word' id='word_1_399' title='bbox 2100 543 2134 570; x_wconf 91' lang='lat' dir='ltr'>et</span> <span class='ocrx_word' id='word_1_400' title='bbox 2159 549 2223 571; x_wconf 89' lang='lat' dir='ltr'>vos</span> 
     </span>
     <span class='ocr_line' id='line_1_68' title="bbox 1224 587 2223 634; baseline -0.006 -8"><span class='ocrx_word' id='word_1_401' title='bbox 1224 592 1353 626; x_wconf 82' lang='lat' dir='ltr'>Musae</span> <span class='ocrx_word' id='word_1_402' title='bbox 1390 591 1495 625; x_wconf 87' lang='lat' dir='ltr'>simul</span> <span class='ocrx_word' id='word_1_403' title='bbox 1528 587 1656 623; x_wconf 83' lang='lat' dir='ltr'>choros</span> <span class='ocrx_word' id='word_1_404' title='bbox 1692 590 1838 623; x_wconf 87' lang='lat' dir='ltr'>ducetis.</span> <span class='ocrx_word' id='word_1_405' title='bbox 1907 590 2076 634; x_wconf 89' lang='lat' dir='ltr'>Spondeo</span> <span class='ocrx_word' id='word_1_406' title='bbox 2113 588 2223 629; x_wconf 88' lang='lat' dir='ltr'>enim,</span> 
     </span>
     <span class='ocr_line' id='line_1_69' title="bbox 1225 638 2223 688; baseline -0.004 -11"><span class='ocrx_word' id='word_1_407' title='bbox 1225 642 1323 677; x_wconf 89' lang='lat' dir='ltr'>hunc</span> <span class='ocrx_word' id='word_1_408' title='bbox 1347 641 1522 688; x_wconf 86' lang='lat' dir='ltr'>hymnum</span> <span class='ocrx_word' id='word_1_409' title='bbox 1553 654 1628 675; x_wconf 92' lang='lat' dir='ltr'>non</span> <span class='ocrx_word' id='word_1_410' title='bbox 1650 642 1695 673; x_wconf 86' lang='lat' dir='ltr'>ad</span> <span class='ocrx_word' id='word_1_411' title='bbox 1720 639 1953 685; x_wconf 80' lang='lat' dir='ltr'>inhospitales</span> <span class='ocrx_word' id='word_1_412' title='bbox 1976 638 2161 680; x_wconf 89' lang='lat' dir='ltr'>homines,</span> <span class='ocrx_word' id='word_1_413' title='bbox 2188 646 2223 673; x_wconf 89' lang='lat' dir='ltr'>et</span> 
     </span>
     <span class='ocr_line' id='line_1_70' title="bbox 1226 692 2222 739; baseline -0.003 -11"><span class='ocrx_word' id='word_1_414' title='bbox 1226 696 1372 739; x_wconf 81' lang='lat' dir='ltr'>ignaros</span> <span class='ocrx_word' id='word_1_415' title='bbox 1391 692 1625 727; x_wconf 90' lang='lat' dir='ltr'>honestorum</span> <span class='ocrx_word' id='word_1_416' title='bbox 1643 692 1864 732; x_wconf 83' lang='lat' dir='ltr'>officiorum,</span> <span class='ocrx_word' id='word_1_417' title='bbox 1891 693 1953 726; x_wconf 90' lang='lat' dir='ltr'>sed</span> <span class='ocrx_word' id='word_1_418' title='bbox 1976 693 2022 725; x_wconf 85' lang='lat' dir='ltr'>ad</span> <span class='ocrx_word' id='word_1_419' title='bbox 2044 692 2222 736; x_wconf 84' lang='lat' dir='ltr'>sapientes</span> 
     </span>
     <span class='ocr_line' id='line_1_71' title="bbox 1225 743 2221 780; baseline -0.004 0"><span class='ocrx_word' id='word_1_420' title='bbox 1225 747 1420 780; x_wconf 81' lang='lat' dir='ltr'>bellatores</span> <span class='ocrx_word' id='word_1_421' title='bbox 1445 752 1637 778; x_wconf 75' lang='lat' dir='ltr'>venturum</span> <span class='ocrx_word' id='word_1_422' title='bbox 1669 756 1754 778; x_wconf 89' lang='lat' dir='ltr'>esse.</span> <span class='ocrx_word' id='word_1_423' title='bbox 1823 743 2001 778; x_wconf 82' lang='lat' dir='ltr'>Naturam</span> <span class='ocrx_word' id='word_1_424' title='bbox 2033 743 2128 776; x_wconf 88' lang='lat' dir='ltr'>enim</span> <span class='ocrx_word' id='word_1_425' title='bbox 2156 755 2221 776; x_wconf 89' lang='lat' dir='ltr'>nec</span> 
     </span>
     <span class='ocr_line' id='line_1_72' title="bbox 1225 795 2076 842; baseline -0.002 -11"><span class='ocrx_word' id='word_1_426' title='bbox 1225 798 1324 832; x_wconf 83' lang='lat' dir='ltr'>fulva</span> <span class='ocrx_word' id='word_1_427' title='bbox 1342 798 1484 842; x_wconf 83' lang='lat' dir='ltr'>vulpes,</span> <span class='ocrx_word' id='word_1_428' title='bbox 1513 809 1577 830; x_wconf 91' lang='lat' dir='ltr'>nec</span> <span class='ocrx_word' id='word_1_429' title='bbox 1592 795 1770 830; x_wconf 86' lang='lat' dir='ltr'>terribiles</span> <span class='ocrx_word' id='word_1_430' title='bbox 1786 795 1906 829; x_wconf 88' lang='lat' dir='ltr'>leones</span> <span class='ocrx_word' id='word_1_431' title='bbox 1923 800 2076 829; x_wconf 82' lang='lat' dir='ltr'>mutant.</span> 
     </span>
    </p>
   </div>
   <div class='ocr_carea' id='block_1_15' title="bbox 1376 899 2079 1020">
    <p class='ocr_par' dir='ltr' id='par_1_20' title="bbox 1376 899 2079 1020">
     <span class='ocr_line' id='line_1_73' title="bbox 1615 899 1827 941; baseline -0.009 -1"><span class='ocrx_word' id='word_1_432' title='bbox 1615 899 1706 941; x_wconf 86' lang='lat' dir='ltr'>Ode</span> <span class='ocrx_word' id='word_1_433' title='bbox 1731 899 1827 940; x_wconf 88' lang='lat' dir='ltr'><strong>XII.</strong></span> 
     </span>
     <span class='ocr_line' id='line_1_74' title="bbox 1376 968 2079 1020; baseline -0.001 -13"><span class='ocrx_word' id='word_1_434' title='bbox 1376 976 1460 1018; x_wconf 78' lang='lat' dir='ltr'>Ery</span> <span class='ocrx_word' id='word_1_435' title='bbox 1470 985 1487 1006; x_wconf 91' lang='grc' dir='ltr'><strong><em>ο</em></strong></span> <span class='ocrx_word' id='word_1_436' title='bbox 1497 979 1509 1008; x_wconf 78' lang='lat' dir='ltr'>t</span> <span class='ocrx_word' id='word_1_437' title='bbox 1518 986 1535 1006; x_wconf 85' lang='lat' dir='ltr'>e</span> <span class='ocrx_word' id='word_1_438' title='bbox 1547 975 1580 1007; x_wconf 76' lang='lat' dir='ltr'>li</span> <span class='ocrx_word' id='word_1_439' title='bbox 1603 976 1784 1008; x_wconf 78' lang='lat' dir='ltr'>Himeraea</span> <span class='ocrx_word' id='word_1_440' title='bbox 1811 968 2079 1020; x_wconf 78' lang='grc' dir='ltr'>δολιχοδρόμῳ.</span> 
     </span>
    </p>
   </div>
   <div class='ocr_carea' id='block_1_16' title="bbox 1227 1048 2230 1867">
    <p class='ocr_par' dir='ltr' id='par_1_21' title="bbox 1227 1048 2227 1558">
     <span class='ocr_line' id='line_1_75' title="bbox 1331 1048 2222 1094; baseline -0.007 -9"><span class='ocrx_word' id='word_1_441' title='bbox 1331 1048 1440 1094; x_wconf 88' lang='lat' dir='ltr'>(Str.)</span> <span class='ocrx_word' id='word_1_442' title='bbox 1466 1050 1635 1094; x_wconf 90' lang='lat' dir='ltr'>Supplico</span> <span class='ocrx_word' id='word_1_443' title='bbox 1654 1051 1717 1084; x_wconf 86' lang='lat' dir='ltr'>tibi</span> <span class='ocrx_word' id='word_1_444' title='bbox 1734 1050 1895 1084; x_wconf 87' lang='lat' dir='ltr'>Fortuna</span> <span class='ocrx_word' id='word_1_445' title='bbox 1912 1061 1979 1094; x_wconf 90' lang='lat' dir='ltr'>pro</span> <span class='ocrx_word' id='word_1_446' title='bbox 1994 1048 2141 1081; x_wconf 85' lang='lat' dir='ltr'>Himera</span> <span class='ocrx_word' id='word_1_447' title='bbox 2158 1059 2222 1092; x_wconf 86' lang='lat' dir='ltr'>po-</span> 
     </span>
     <span class='ocr_line' id='line_1_76' title="bbox 1228 1100 2223 1139; baseline -0.003 -5"><span class='ocrx_word' id='word_1_448' title='bbox 1228 1101 1330 1135; x_wconf 87' lang='lat' dir='ltr'>tenti.</span> <span class='ocrx_word' id='word_1_449' title='bbox 1384 1101 1442 1134; x_wconf 87' lang='lat' dir='ltr'>Tu</span> <span class='ocrx_word' id='word_1_450' title='bbox 1458 1102 1552 1134; x_wconf 85' lang='lat' dir='ltr'>euim</span> <span class='ocrx_word' id='word_1_451' title='bbox 1571 1102 1731 1136; x_wconf 87' lang='lat' dir='ltr'>Fortuna</span> <span class='ocrx_word' id='word_1_452' title='bbox 1751 1114 1861 1135; x_wconf 79' lang='lat' dir='ltr'>naves</span> <span class='ocrx_word' id='word_1_453' title='bbox 1885 1102 1922 1134; x_wconf 92' lang='lat' dir='ltr'>in</span> <span class='ocrx_word' id='word_1_454' title='bbox 1946 1100 2056 1139; x_wconf 80' lang='lat' dir='ltr'>mari,</span> <span class='ocrx_word' id='word_1_455' title='bbox 2091 1105 2126 1132; x_wconf 91' lang='lat' dir='ltr'>et</span> <span class='ocrx_word' id='word_1_456' title='bbox 2148 1105 2223 1132; x_wconf 85' lang='lat' dir='ltr'>tur-</span> 
     </span>
     <span class='ocr_line' id='line_1_77' title="bbox 1227 1147 2223 1197; baseline -0.004 -11"><span class='ocrx_word' id='word_1_457' title='bbox 1227 1152 1311 1186; x_wconf 80' lang='lat' dir='ltr'>bida</span> <span class='ocrx_word' id='word_1_458' title='bbox 1329 1153 1420 1186; x_wconf 87' lang='lat' dir='ltr'>bella</span> <span class='ocrx_word' id='word_1_459' title='bbox 1440 1153 1476 1185; x_wconf 90' lang='lat' dir='ltr'>in</span> <span class='ocrx_word' id='word_1_460' title='bbox 1495 1160 1587 1186; x_wconf 85' lang='lat' dir='ltr'>terra</span> <span class='ocrx_word' id='word_1_461' title='bbox 1601 1180 1610 1193; x_wconf 92' lang='lat'>,</span> <span class='ocrx_word' id='word_1_462' title='bbox 1637 1160 1671 1187; x_wconf 89' lang='lat' dir='ltr'>et</span> <span class='ocrx_word' id='word_1_463' title='bbox 1686 1153 1875 1187; x_wconf 86' lang='lat' dir='ltr'>conciones</span> <span class='ocrx_word' id='word_1_464' title='bbox 1893 1153 1996 1197; x_wconf 78' lang='lat' dir='ltr'>regis.</span> <span class='ocrx_word' id='word_1_465' title='bbox 2051 1151 2138 1195; x_wconf 89' lang='lat' dir='ltr'>Spes</span> <span class='ocrx_word' id='word_1_466' title='bbox 2158 1147 2223 1182; x_wconf 90' lang='lat' dir='ltr'>hu-</span> 
     </span>
     <span class='ocr_line' id='line_1_78' title="bbox 1227 1204 2224 1242; baseline -0.004 -5"><span class='ocrx_word' id='word_1_467' title='bbox 1227 1216 1359 1238; x_wconf 86' lang='lat' dir='ltr'>manae</span> <span class='ocrx_word' id='word_1_468' title='bbox 1385 1204 1550 1238; x_wconf 74' lang='lat' dir='ltr'>volutant</span> <span class='ocrx_word' id='word_1_469' title='bbox 1576 1205 1687 1238; x_wconf 84' lang='lat' dir='ltr'>multa</span> <span class='ocrx_word' id='word_1_470' title='bbox 1717 1217 1857 1239; x_wconf 86' lang='lat' dir='ltr'>sursum</span> <span class='ocrx_word' id='word_1_471' title='bbox 1885 1210 1920 1237; x_wconf 87' lang='lat' dir='ltr'>et</span> <span class='ocrx_word' id='word_1_472' title='bbox 1943 1205 2132 1242; x_wconf 89' lang='lat' dir='ltr'>deorsum,</span> <span class='ocrx_word' id='word_1_473' title='bbox 2173 1213 2224 1234; x_wconf 88' lang='lat' dir='ltr'>se-</span> 
     </span>
     <span class='ocr_line' id='line_1_79' title="bbox 1228 1252 2224 1303; baseline -0.005 -14"><span class='ocrx_word' id='word_1_474' title='bbox 1228 1261 1348 1290; x_wconf 80' lang='lat' dir='ltr'>cantes</span> <span class='ocrx_word' id='word_1_475' title='bbox 1375 1256 1464 1289; x_wconf 82' lang='lat' dir='ltr'>levia</span> <span class='ocrx_word' id='word_1_476' title='bbox 1492 1256 1693 1290; x_wconf 83' lang='lat' dir='ltr'>mendacia.</span> <span class='ocrx_word' id='word_1_477' title='bbox 1761 1254 1880 1303; x_wconf 82' lang='lat' dir='ltr'>(Ant.)</span> <span class='ocrx_word' id='word_1_478' title='bbox 1908 1255 2006 1290; x_wconf 91' lang='lat' dir='ltr'>Nulli</span> <span class='ocrx_word' id='word_1_479' title='bbox 2034 1252 2224 1288; x_wconf 88' lang='lat' dir='ltr'>hominum</span> 
     </span>
     <span class='ocr_line' id='line_1_80' title="bbox 1228 1303 2227 1351; baseline -0.005 -11"><span class='ocrx_word' id='word_1_480' title='bbox 1228 1307 1325 1340; x_wconf 88' lang='lat' dir='ltr'>Deus</span> <span class='ocrx_word' id='word_1_481' title='bbox 1352 1313 1486 1340; x_wconf 86' lang='lat' dir='ltr'>certum</span> <span class='ocrx_word' id='word_1_482' title='bbox 1512 1308 1655 1351; x_wconf 87' lang='lat' dir='ltr'>signum</span> <span class='ocrx_word' id='word_1_483' title='bbox 1683 1309 1726 1340; x_wconf 90' lang='lat' dir='ltr'>de</span> <span class='ocrx_word' id='word_1_484' title='bbox 1753 1307 1882 1341; x_wconf 87' lang='lat' dir='ltr'>suturis</span> <span class='ocrx_word' id='word_1_485' title='bbox 1905 1306 2091 1340; x_wconf 89' lang='lat' dir='ltr'>eventibus</span> <span class='ocrx_word' id='word_1_486' title='bbox 2116 1303 2227 1337; x_wconf 85' lang='lat' dir='ltr'>tradi-</span> 
     </span>
     <span class='ocr_line' id='line_1_81' title="bbox 1229 1354 2223 1398; baseline -0.006 -6"><span class='ocrx_word' id='word_1_487' title='bbox 1229 1358 1299 1398; x_wconf 90' lang='lat' dir='ltr'>dit,</span> <span class='ocrx_word' id='word_1_488' title='bbox 1339 1370 1379 1391; x_wconf 83' lang='lat' dir='ltr'>ae</span> <span class='ocrx_word' id='word_1_489' title='bbox 1405 1359 1448 1391; x_wconf 90' lang='lat' dir='ltr'>de</span> <span class='ocrx_word' id='word_1_490' title='bbox 1472 1358 1601 1392; x_wconf 81' lang='lat' dir='ltr'>suturis</span> <span class='ocrx_word' id='word_1_491' title='bbox 1625 1358 1773 1392; x_wconf 87' lang='lat' dir='ltr'>consilia</span> <span class='ocrx_word' id='word_1_492' title='bbox 1800 1370 1901 1391; x_wconf 85' lang='lat' dir='ltr'>caeca</span> <span class='ocrx_word' id='word_1_493' title='bbox 1925 1363 2027 1397; x_wconf 90' lang='lat' dir='ltr'>sunt,</span> <span class='ocrx_word' id='word_1_494' title='bbox 2056 1368 2097 1389; x_wconf 87' lang='lat' dir='ltr'>ac</span> <span class='ocrx_word' id='word_1_495' title='bbox 2112 1354 2223 1388; x_wconf 86' lang='lat' dir='ltr'>multa</span> 
     </span>
     <span class='ocr_line' id='line_1_82' title="bbox 1228 1407 2227 1454; baseline -0.005 -11"><span class='ocrx_word' id='word_1_496' title='bbox 1228 1408 1437 1443; x_wconf 85' lang='lat' dir='ltr'>hominibus</span> <span class='ocrx_word' id='word_1_497' title='bbox 1472 1410 1644 1444; x_wconf 87' lang='lat' dir='ltr'>eveniunt</span> <span class='ocrx_word' id='word_1_498' title='bbox 1675 1409 1790 1444; x_wconf 82' lang='lat' dir='ltr'>tristia</span> <span class='ocrx_word' id='word_1_499' title='bbox 1826 1415 1969 1454; x_wconf 89' lang='lat' dir='ltr'>praeter</span> <span class='ocrx_word' id='word_1_500' title='bbox 2005 1407 2227 1453; x_wconf 88' lang='lat' dir='ltr'>opinionem.</span> 
     </span>
     <span class='ocr_line' id='line_1_83' title="bbox 1229 1459 2226 1505; baseline -0.004 -11"><span class='ocrx_word' id='word_1_501' title='bbox 1229 1461 1301 1494; x_wconf 87' lang='lat' dir='ltr'>Alii</span> <span class='ocrx_word' id='word_1_502' title='bbox 1319 1474 1399 1495; x_wconf 89' lang='lat' dir='ltr'>cum</span> <span class='ocrx_word' id='word_1_503' title='bbox 1418 1461 1622 1495; x_wconf 90' lang='lat' dir='ltr'>inciderunt</span> <span class='ocrx_word' id='word_1_504' title='bbox 1643 1461 1680 1494; x_wconf 91' lang='lat' dir='ltr'>in</span> <span class='ocrx_word' id='word_1_505' title='bbox 1702 1461 1896 1505; x_wconf 86' lang='lat' dir='ltr'>procellas,</span> <span class='ocrx_word' id='word_1_506' title='bbox 1939 1459 2041 1494; x_wconf 89' lang='lat' dir='ltr'>brevi</span> <span class='ocrx_word' id='word_1_507' title='bbox 2065 1466 2226 1503; x_wconf 88' lang='lat' dir='ltr'>tempore</span> 
     </span>
     <span class='ocr_line' id='line_1_84' title="bbox 1230 1513 1769 1558; baseline 0 -12"><span class='ocrx_word' id='word_1_508' title='bbox 1230 1518 1483 1558; x_wconf 87' lang='lat' dir='ltr'>permutarunt</span> <span class='ocrx_word' id='word_1_509' title='bbox 1501 1513 1636 1546; x_wconf 84' lang='lat' dir='ltr'>malum</span> <span class='ocrx_word' id='word_1_510' title='bbox 1658 1513 1769 1547; x_wconf 85' lang='lat' dir='ltr'>bono.</span> 
     </span>
    </p>

    <p class='ocr_par' dir='ltr' id='par_1_22' title="bbox 1232 1560 2230 1867">
     <span class='ocr_line' id='line_1_85' title="bbox 1337 1560 2228 1610; baseline -0.003 -12"><span class='ocrx_word' id='word_1_511' title='bbox 1337 1564 1435 1610; x_wconf 90' lang='lat' dir='ltr'><strong>(Ep.)</strong></span> <span class='ocrx_word' id='word_1_512' title='bbox 1471 1564 1541 1597; x_wconf 87' lang='lat' dir='ltr'>Fili</span> <span class='ocrx_word' id='word_1_513' title='bbox 1561 1562 1788 1604; x_wconf 80' lang='lat' dir='ltr'>Phssanoris,</span> <span class='ocrx_word' id='word_1_514' title='bbox 1829 1563 1882 1597; x_wconf 91' lang='lat' dir='ltr'>tui</span> <span class='ocrx_word' id='word_1_515' title='bbox 1906 1564 2013 1608; x_wconf 89' lang='lat' dir='ltr'>pedes</span> <span class='ocrx_word' id='word_1_516' title='bbox 2037 1560 2228 1595; x_wconf 81' lang='lat' dir='ltr'>emarcuis-</span> 
     </span>
     <span class='ocr_line' id='line_1_86' title="bbox 1232 1613 2229 1661; baseline -0.004 -12"><span class='ocrx_word' id='word_1_517' title='bbox 1232 1622 1310 1651; x_wconf 89' lang='lat' dir='ltr'>sent</span> <span class='ocrx_word' id='word_1_518' title='bbox 1335 1616 1412 1650; x_wconf 90' lang='lat' dir='ltr'>sine</span> <span class='ocrx_word' id='word_1_519' title='bbox 1433 1616 1547 1661; x_wconf 86' lang='lat' dir='ltr'>gloria</span> <span class='ocrx_word' id='word_1_520' title='bbox 1574 1616 1611 1649; x_wconf 90' lang='lat' dir='ltr'>in</span> <span class='ocrx_word' id='word_1_521' title='bbox 1638 1616 1774 1660; x_wconf 87' lang='lat' dir='ltr'>patria,</span> <span class='ocrx_word' id='word_1_522' title='bbox 1816 1615 1907 1649; x_wconf 86' lang='lat' dir='ltr'>sicut</span> <span class='ocrx_word' id='word_1_523' title='bbox 1938 1615 2051 1659; x_wconf 85' lang='lat' dir='ltr'>gallus</span> <span class='ocrx_word' id='word_1_524' title='bbox 2081 1613 2229 1658; x_wconf 83' lang='lat' dir='ltr'>gallina-</span> 
     </span>
     <span class='ocr_line' id='line_1_87' title="bbox 1232 1665 2227 1712; baseline -0.005 -11"><span class='ocrx_word' id='word_1_525' title='bbox 1232 1680 1313 1702; x_wconf 90' lang='lat' dir='ltr'>ceus</span> <span class='ocrx_word' id='word_1_526' title='bbox 1328 1667 1427 1701; x_wconf 88' lang='lat' dir='ltr'>domi</span> <span class='ocrx_word' id='word_1_527' title='bbox 1445 1680 1631 1712; x_wconf 83' lang='lat' dir='ltr'>pugnans,</span> <span class='ocrx_word' id='word_1_528' title='bbox 1665 1667 1736 1701; x_wconf 87' lang='lat' dir='ltr'>nisi</span> <span class='ocrx_word' id='word_1_529' title='bbox 1760 1673 1793 1700; x_wconf 88' lang='lat' dir='ltr'>te</span> <span class='ocrx_word' id='word_1_530' title='bbox 1819 1666 1946 1700; x_wconf 86' lang='lat' dir='ltr'>seditio</span> <span class='ocrx_word' id='word_1_531' title='bbox 1970 1665 2146 1710; x_wconf 87' lang='lat' dir='ltr'>privasset</span> <span class='ocrx_word' id='word_1_532' title='bbox 2167 1669 2227 1697; x_wconf 85' lang='lat' dir='ltr'>tua</span> 
     </span>
     <span class='ocr_line' id='line_1_88' title="bbox 1232 1715 2230 1764; baseline -0.005 -12"><span class='ocrx_word' id='word_1_533' title='bbox 1232 1719 1348 1764; x_wconf 84' lang='lat' dir='ltr'>patria</span> <span class='ocrx_word' id='word_1_534' title='bbox 1368 1719 1540 1754; x_wconf 86' lang='lat' dir='ltr'>Cretensi.</span> <span class='ocrx_word' id='word_1_535' title='bbox 1593 1719 1698 1753; x_wconf 91' lang='lat' dir='ltr'>Nunc</span> <span class='ocrx_word' id='word_1_536' title='bbox 1724 1731 1810 1752; x_wconf 86' lang='lat' dir='ltr'>vero</span> <span class='ocrx_word' id='word_1_537' title='bbox 1836 1724 2029 1751; x_wconf 88' lang='lat' dir='ltr'>coronatus</span> <span class='ocrx_word' id='word_1_538' title='bbox 2051 1716 2089 1749; x_wconf 92' lang='lat' dir='ltr'>in</span> <span class='ocrx_word' id='word_1_539' title='bbox 2105 1715 2230 1760; x_wconf 87' lang='lat' dir='ltr'>Olym-</span> 
     </span>
     <span class='ocr_line' id='line_1_89' title="bbox 1232 1765 2230 1816; baseline -0.004 -13"><span class='ocrx_word' id='word_1_540' title='bbox 1232 1771 1323 1816; x_wconf 88' lang='lat' dir='ltr'>piis,</span> <span class='ocrx_word' id='word_1_541' title='bbox 1350 1777 1385 1804; x_wconf 87' lang='lat' dir='ltr'>et</span> <span class='ocrx_word' id='word_1_542' title='bbox 1407 1771 1512 1811; x_wconf 79' lang='lat' dir='ltr'>alibi,</span> <span class='ocrx_word' id='word_1_543' title='bbox 1541 1777 1656 1816; x_wconf 76' lang='lat' dir='ltr'>gestas</span> <span class='ocrx_word' id='word_1_544' title='bbox 1676 1771 1790 1803; x_wconf 83' lang='lat' dir='ltr'>calida</span> <span class='ocrx_word' id='word_1_545' title='bbox 1819 1770 1958 1802; x_wconf 80' lang='lat' dir='ltr'>lavacra</span> <span class='ocrx_word' id='word_1_546' title='bbox 1978 1765 2230 1814; x_wconf 87' lang='lat' dir='ltr'>Nympharum</span> 
     </span>
     <span class='ocr_line' id='line_1_90' title="bbox 1233 1823 1567 1867; baseline 0.006 -12"><span class='ocrx_word' id='word_1_547' title='bbox 1233 1835 1271 1855; x_wconf 79' lang='lat' dir='ltr'>in</span> <span class='ocrx_word' id='word_1_548' title='bbox 1288 1835 1444 1867; x_wconf 88' lang='lat' dir='ltr'>proprus</span> <span class='ocrx_word' id='word_1_549' title='bbox 1462 1823 1567 1867; x_wconf 81' lang='lat' dir='ltr'>agris.</span> 
     </span>
    </p>
   </div>
   <div class='ocr_carea' id='block_1_17' title="bbox 1614 1923 1853 1968">
    <p class='ocr_par' dir='ltr' id='par_1_23' title="bbox 1614 1923 1853 1968">
     <span class='ocr_line' id='line_1_91' title="bbox 1614 1923 1853 1968; baseline -0.013 0"><span class='ocrx_word' id='word_1_550' title='bbox 1614 1925 1714 1968; x_wconf 81' lang='lat' dir='ltr'>Ode</span> <span class='ocrx_word' id='word_1_551' title='bbox 1736 1923 1853 1965; x_wconf 84' lang='lat' dir='ltr'><strong>XIII.</strong></span> 
     </span>
    </p>
   </div>
   <div class='ocr_carea' id='block_1_18' title="bbox 1264 1991 2207 2096">
    <p class='ocr_par' dir='ltr' id='par_1_24' title="bbox 1264 1991 2207 2096">
     <span class='ocr_line' id='line_1_92' title="bbox 1264 1991 2207 2043; baseline -0.005 -9"><span class='ocrx_word' id='word_1_552' title='bbox 1264 2000 1543 2043; x_wconf 76' lang='lat' dir='ltr'>Xenophonti</span> <span class='ocrx_word' id='word_1_553' title='bbox 1571 1999 1748 2033; x_wconf 69' lang='lat' dir='ltr'>Corinthio</span> <span class='ocrx_word' id='word_1_554' title='bbox 1776 1996 1936 2038; x_wconf 81' lang='grc' dir='ltr'>σταδιεῖ,</span> <span class='ocrx_word' id='word_1_555' title='bbox 1965 1994 2117 2043; x_wconf 73' lang='grc' dir='ltr'>δρόμῳ,</span> <span class='ocrx_word' id='word_1_556' title='bbox 2144 1991 2207 2030; x_wconf 81' lang='grc' dir='ltr'>καὶ</span> 
     </span>
     <span class='ocr_line' id='line_1_93' title="bbox 1599 2047 1869 2096; baseline -0.011 -11"><span class='ocrx_word' id='word_1_557' title='bbox 1599 2047 1869 2096; x_wconf 62' lang='grc' dir='ltr'>πεντάθλῳθο).</span> 
     </span>
    </p>
   </div>
   <div class='ocr_carea' id='block_1_19' title="bbox 1238 2124 2235 2263">
    <p class='ocr_par' dir='ltr' id='par_1_25' title="bbox 1238 2124 2235 2263">
     <span class='ocr_line' id='line_1_94' title="bbox 1344 2124 2233 2172; baseline -0.003 -11"><span class='ocrx_word' id='word_1_558' title='bbox 1344 2126 1435 2170; x_wconf 76' lang='lat' dir='ltr'>(Sir.</span> <span class='ocrx_word' id='word_1_559' title='bbox 1460 2126 1511 2172; x_wconf 83' lang='lat' dir='ltr'><strong>l.)</strong></span> <span class='ocrx_word' id='word_1_560' title='bbox 1547 2125 1716 2160; x_wconf 82' lang='lat' dir='ltr'>Laudans</span> <span class='ocrx_word' id='word_1_561' title='bbox 1749 2126 1897 2159; x_wconf 77' lang='lat' dir='ltr'>domurn</span> <span class='ocrx_word' id='word_1_562' title='bbox 1933 2124 2136 2165; x_wconf 83' lang='lat' dir='ltr'>victricem,</span> <span class='ocrx_word' id='word_1_563' title='bbox 2173 2124 2233 2158; x_wconf 88' lang='lat' dir='ltr'>be-</span> 
     </span>
     <span class='ocr_line' id='line_1_95' title="bbox 1238 2174 2235 2222; baseline -0.002 -11"><span class='ocrx_word' id='word_1_564' title='bbox 1238 2178 1385 2222; x_wconf 79' lang='lat' dir='ltr'>nignam</span> <span class='ocrx_word' id='word_1_565' title='bbox 1404 2178 1539 2211; x_wconf 85' lang='lat' dir='ltr'>civibus</span> <span class='ocrx_word' id='word_1_566' title='bbox 1556 2184 1590 2210; x_wconf 88' lang='lat' dir='ltr'>et</span> <span class='ocrx_word' id='word_1_567' title='bbox 1606 2175 1818 2222; x_wconf 88' lang='lat' dir='ltr'>hospitibus,</span> <span class='ocrx_word' id='word_1_568' title='bbox 1847 2174 2062 2211; x_wconf 89' lang='lat' dir='ltr'>Corinthum</span> <span class='ocrx_word' id='word_1_569' title='bbox 2081 2176 2235 2216; x_wconf 86' lang='lat' dir='ltr'>celebro,</span> 
     </span>
     <span class='ocr_line' id='line_1_96' title="bbox 1693 2227 2235 2263; baseline -0.004 -1"><span class='ocrx_word' id='word_1_570' title='bbox 1693 2236 1860 2263; x_wconf 87' lang='lat' dir='ltr'>ornatum</span> <span class='ocrx_word' id='word_1_571' title='bbox 1890 2229 1987 2263; x_wconf 80' lang='lat' dir='ltr'>viris.</span> <span class='ocrx_word' id='word_1_572' title='bbox 2050 2227 2088 2261; x_wconf 86' lang='lat' dir='ltr'>ln</span> <span class='ocrx_word' id='word_1_573' title='bbox 2115 2240 2154 2260; x_wconf 72' lang='lat' dir='ltr'>ea</span> <span class='ocrx_word' id='word_1_574' title='bbox 2180 2227 2235 2261; x_wconf 75' lang='lat' dir='ltr'>lex</span> 
     </span>
    </p>
   </div>
   <div class='ocr_carea' id='block_1_20' title="bbox 1307 2353 2239 2527">
    <p class='ocr_par' dir='ltr' id='par_1_26' title="bbox 1307 2353 2239 2527">
     <span class='ocr_line' id='line_1_97' title="bbox 1307 2353 2238 2389; baseline -0.005 -7"><span class='ocrx_word' id='word_1_575' title='bbox 1307 2354 1381 2389; x_wconf 77' lang='grc' dir='ltr'>αυτῷ</span> <span class='ocrx_word' id='word_1_576' title='bbox 1402 2353 1449 2388; x_wconf 52' lang='lat' dir='ltr'>&#39;Ay</span> <span class='ocrx_word' id='word_1_577' title='bbox 1453 2355 1576 2389; x_wconf 74' lang='grc' dir='ltr'>ι’)σιὸαμιι</span> <span class='ocrx_word' id='word_1_578' title='bbox 1596 2353 1690 2387; x_wconf 77' lang='grc' dir='ltr'>τόκος,</span> <span class='ocrx_word' id='word_1_579' title='bbox 1715 2358 1799 2387; x_wconf 77' lang='lat' dir='ltr'>atque</span> <span class='ocrx_word' id='word_1_580' title='bbox 1818 2357 1849 2380; x_wconf 85' lang='grc' dir='ltr'>Η.</span> <span class='ocrx_word' id='word_1_581' title='bbox 1871 2356 1962 2385; x_wconf 70' lang='lat' dir='ltr'>steph.</span> <span class='ocrx_word' id='word_1_582' title='bbox 1982 2356 2009 2378; x_wconf 86' lang='lat' dir='ltr'>et</span> <span class='ocrx_word' id='word_1_583' title='bbox 2029 2353 2130 2384; x_wconf 75' lang='lat' dir='ltr'>lieynit</span> <span class='ocrx_word' id='word_1_584' title='bbox 2148 2353 2238 2377; x_wconf 80' lang='lat' dir='ltr'>inter-</span> 
     </span>
     <span class='ocr_line' id='line_1_98' title="bbox 1309 2382 2238 2423; baseline -0.005 -8"><span class='ocrx_word' id='word_1_585' title='bbox 1309 2382 1534 2422; x_wconf 65' lang='lat' dir='ltr'>1›ret⁵.:L·Jiaele1n</span> <span class='ocrx_word' id='word_1_586' title='bbox 1562 2392 1911 2423; x_wconf 65' lang='lat' dir='ltr'>Ailesidnmo.1‹oenus.;</span> <span class='ocrx_word' id='word_1_587' title='bbox 1948 2389 2064 2413; x_wconf 76' lang='lat' dir='ltr'>Boeckh.</span> <span class='ocrx_word' id='word_1_588' title='bbox 2094 2390 2186 2413; x_wconf 80' lang='lat' dir='ltr'>autem</span> <span class='ocrx_word' id='word_1_589' title='bbox 2210 2389 2238 2412; x_wconf 81' lang='lat' dir='ltr'>et</span> 
     </span>
     <span class='ocr_line' id='line_1_99' title="bbox 1310 2419 2238 2456; baseline -0.005 -6"><span class='ocrx_word' id='word_1_590' title='bbox 1310 2428 1411 2454; x_wconf 57' lang='lat' dir='ltr'>Bergk.</span> <span class='ocrx_word' id='word_1_591' title='bbox 1427 2427 1525 2449; x_wconf 68' lang='lat' dir='ltr'>hahent</span> <span class='ocrx_word' id='word_1_592' title='bbox 1541 2426 1747 2456; x_wconf 75' lang='lat' dir='ltr'>inscriptionem</span> <span class='ocrx_word' id='word_1_593' title='bbox 1763 2427 1844 2449; x_wconf 80' lang='lat' dir='ltr'>lianc:</span> <span class='ocrx_word' id='word_1_594' title='bbox 1860 2421 2032 2456; x_wconf 79' lang='grc' dir='ltr'>Αγησιδάμῳ</span> <span class='ocrx_word' id='word_1_595' title='bbox 2047 2420 2149 2455; x_wconf 78' lang='grc' dir='ltr'><strong><em>Λόκρῳ</em></strong></span> <span class='ocrx_word' id='word_1_596' title='bbox 2161 2419 2238 2445; x_wconf 83' lang='lat' dir='ltr'>&#39;Em-</span> 
     </span>
     <span class='ocr_line' id='line_1_100' title="bbox 1309 2457 2239 2494; baseline -0.003 -10"><span class='ocrx_word' id='word_1_597' title='bbox 1309 2461 1428 2493; x_wconf 40' lang='grc' dir='ltr'>ζιμζιριριιι</span> <span class='ocrx_word' id='word_1_598' title='bbox 1460 2459 1536 2483; x_wconf 69' lang='grc' dir='ltr'>παιδὶ</span> <span class='ocrx_word' id='word_1_599' title='bbox 1567 2458 1655 2494; x_wconf 65' lang='grc' dir='ltr'>πὺκιῃ</span> <span class='ocrx_word' id='word_1_600' title='bbox 1720 2461 1889 2492; x_wconf 76' lang='lat' dir='ltr'>Ayesidamo</span> <span class='ocrx_word' id='word_1_601' title='bbox 1917 2459 2011 2483; x_wconf 77' lang='lat' dir='ltr'>Locro</span> <span class='ocrx_word' id='word_1_602' title='bbox 2044 2457 2239 2489; x_wconf 69' lang='lat' dir='ltr'>Epizephyrio</span> 
     </span>
     <span class='ocr_line' id='line_1_101' title="bbox 1308 2497 1526 2527; baseline 0.005 -9"><span class='ocrx_word' id='word_1_603' title='bbox 1308 2502 1399 2527; x_wconf 76' lang='lat' dir='ltr'>puero</span> <span class='ocrx_word' id='word_1_604' title='bbox 1423 2497 1526 2527; x_wconf 68' lang='lat' dir='ltr'>ytujili.</span> 
     </span>
    </p>
   </div>
   <div class='ocr_carea' id='block_1_21' title="bbox 1277 2532 2242 2741">
    <p class='ocr_par' dir='ltr' id='par_1_27' title="bbox 1277 2532 2242 2741">
     <span class='ocr_line' id='line_1_102' title="bbox 1277 2532 2239 2570; baseline -0.004 -9"><span class='ocrx_word' id='word_1_605' title='bbox 1277 2539 1324 2567; x_wconf 78' lang='lat'>30)</span> <span class='ocrx_word' id='word_1_606' title='bbox 1343 2536 1462 2566; x_wconf 66' lang='lat' dir='ltr'>anum?</span> <span class='ocrx_word' id='word_1_607' title='bbox 1488 2535 1602 2570; x_wconf 48' lang='lat' dir='ltr'>affligam,</span> <span class='ocrx_word' id='word_1_608' title='bbox 1626 2536 1672 2561; x_wconf 79' lang='grc' dir='ltr'>και</span> <span class='ocrx_word' id='word_1_609' title='bbox 1691 2534 1860 2568; x_wconf 50' lang='grc' dir='ltr'>πενμιάθλυ]</span> <span class='ocrx_word' id='word_1_610' title='bbox 1890 2535 1929 2558; x_wconf 87' lang='lat' dir='ltr'>sic</span> <span class='ocrx_word' id='word_1_611' title='bbox 1949 2535 2033 2559; x_wconf 84' lang='lat' dir='ltr'>Editt.</span> <span class='ocrx_word' id='word_1_612' title='bbox 2052 2534 2143 2565; x_wconf 80' lang='lat'>¹558,</span> <span class='ocrx_word' id='word_1_613' title='bbox 2163 2532 2239 2557; x_wconf 76' lang='lat'>1563.</span> 
     </span>
     <span class='ocr_line' id='line_1_103' title="bbox 1313 2566 2240 2603; baseline -0.006 -7"><span class='ocrx_word' id='word_1_614' title='bbox 1313 2575 1395 2603; x_wconf 80' lang='lat' dir='ltr'>atque</span> <span class='ocrx_word' id='word_1_615' title='bbox 1415 2573 1542 2596; x_wconf 59' lang='lat' dir='ltr'>Enim-lot</span> <span class='ocrx_word' id='word_1_616' title='bbox 1567 2573 1656 2603; x_wconf 69' lang='lat'>1542,</span> <span class='ocrx_word' id='word_1_617' title='bbox 1684 2571 1878 2601; x_wconf 75' lang='lat' dir='ltr'>nasit.1556.,</span> <span class='ocrx_word' id='word_1_618' title='bbox 1903 2571 2048 2599; x_wconf 55' lang='lat' dir='ltr'>{Luteva</span> <span class='ocrx_word' id='word_1_619' title='bbox 2070 2569 2162 2598; x_wconf 77' lang='lat'>1566.,</span> <span class='ocrx_word' id='word_1_620' title='bbox 2195 2566 2240 2597; x_wconf 86' lang='lat' dir='ltr'>qui</span> 
     </span>
     <span class='ocr_line' id='line_1_104' title="bbox 1314 2602 2242 2638; baseline -0.005 -7"><span class='ocrx_word' id='word_1_621' title='bbox 1314 2610 1383 2631; x_wconf 71' lang='lat' dir='ltr'>hana:</span> <span class='ocrx_word' id='word_1_622' title='bbox 1397 2608 1558 2638; x_wconf 76' lang='lat' dir='ltr'>inseiiptiou</span> <span class='ocrx_word' id='word_1_623' title='bbox 1563 2614 1602 2630; x_wconf 81' lang='lat' dir='ltr'>cm</span> <span class='ocrx_word' id='word_1_624' title='bbox 1617 2607 1657 2630; x_wconf 81' lang='lat' dir='ltr'>sie</span> <span class='ocrx_word' id='word_1_625' title='bbox 1673 2606 1886 2635; x_wconf 75' lang='lat' dir='ltr'>interpretatur:</span> <span class='ocrx_word' id='word_1_626' title='bbox 1900 2605 2017 2628; x_wconf 73' lang='lat' dir='ltr'>cursori</span> <span class='ocrx_word' id='word_1_627' title='bbox 2029 2604 2131 2634; x_wconf 70' lang='lat' dir='ltr'>stadii,</span> <span class='ocrx_word' id='word_1_628' title='bbox 2145 2602 2242 2627; x_wconf 69' lang='lat' dir='ltr'>viclo-</span> 
     </span>
     <span class='ocr_line' id='line_1_105' title="bbox 1311 2637 2241 2673; baseline -0.009 -6"><span class='ocrx_word' id='word_1_629' title='bbox 1311 2644 1390 2667; x_wconf 77' lang='lat' dir='ltr'>riam</span> <span class='ocrx_word' id='word_1_630' title='bbox 1417 2643 1521 2673; x_wconf 73' lang='lat' dir='ltr'>adepto</span> <span class='ocrx_word' id='word_1_631' title='bbox 1546 2648 1636 2665; x_wconf 78' lang='lat' dir='ltr'>cursu</span> <span class='ocrx_word' id='word_1_632' title='bbox 1664 2643 1690 2665; x_wconf 76' lang='lat' dir='ltr'>et</span> <span class='ocrx_word' id='word_1_633' title='bbox 1716 2640 1919 2671; x_wconf 66' lang='lat' dir='ltr'>quinquertio,</span> <span class='ocrx_word' id='word_1_634' title='bbox 1958 2639 2041 2664; x_wconf 78' lang='lat' dir='ltr'>Editt.</span> <span class='ocrx_word' id='word_1_635' title='bbox 2068 2637 2187 2662; x_wconf 76' lang='lat' dir='ltr'>noeckh.</span> <span class='ocrx_word' id='word_1_636' title='bbox 2213 2637 2241 2659; x_wconf 83' lang='lat' dir='ltr'>et</span> 
     </span>
     <span class='ocr_line' id='line_1_106' title="bbox 1311 2669 2241 2708; baseline -0.006 -8"><span class='ocrx_word' id='word_1_637' title='bbox 1311 2678 1428 2705; x_wconf 48' lang='lat' dir='ltr'>Ber-gin:</span> <span class='ocrx_word' id='word_1_638' title='bbox 1454 2675 1647 2708; x_wconf 70' lang='grc' dir='ltr'>στασιοδρόμω</span> <span class='ocrx_word' id='word_1_639' title='bbox 1666 2673 1712 2700; x_wconf 81' lang='grc' dir='ltr'>και</span> <span class='ocrx_word' id='word_1_640' title='bbox 1731 2672 1893 2706; x_wconf 66' lang='grc' dir='ltr'>πεντάθλῳ,</span> <span class='ocrx_word' id='word_1_641' title='bbox 1919 2676 1947 2697; x_wconf 80' lang='lat' dir='ltr'>et</span> <span class='ocrx_word' id='word_1_642' title='bbox 1964 2673 2120 2703; x_wconf 79' lang='lat' dir='ltr'>interprett.</span> <span class='ocrx_word' id='word_1_643' title='bbox 2139 2669 2241 2702; x_wconf 73' lang='lat' dir='ltr'>neynii</span> 
     </span>
     <span class='ocr_line' id='line_1_107' title="bbox 1316 2710 1886 2741; baseline -0.004 -6"><span class='ocrx_word' id='word_1_644' title='bbox 1316 2714 1342 2735; x_wconf 86' lang='lat' dir='ltr'>et</span> <span class='ocrx_word' id='word_1_645' title='bbox 1360 2712 1508 2736; x_wconf 66' lang='lat' dir='ltr'>noct-kmi:</span> <span class='ocrx_word' id='word_1_646' title='bbox 1536 2718 1625 2736; x_wconf 72' lang='lat' dir='ltr'>cursu</span> <span class='ocrx_word' id='word_1_647' title='bbox 1645 2712 1671 2736; x_wconf 77' lang='lat' dir='ltr'>et</span> <span class='ocrx_word' id='word_1_648' title='bbox 1691 2710 1886 2741; x_wconf 73' lang='lat' dir='ltr'>quinquertio.</span> 
     </span>
    </p>
   </div>
  </div>
 </body>
</html>
