2421 3005
102 46 150 80 33
439 39 612 78 LXXVII.

95 131 170 167 690
198 130 322 178 Neque
347 131 483 172 facere,
527 131 625 177 quod
648 143 723 165 non
747 132 874 166 melius
896 131 997 178 sit⁵²)
1022 144 1101 177 per·
1129 131 1133 134 ’

512 183 628 218 ficere.

145 235 314 270 Gaudens
331 235 421 269 bene
438 234 601 280 perficias
622 235 716 269 viam
740 249 911 282 magnum
929 247 993 281 per
1011 248 1100 281 pon·

514 294 589 321 tum
599 287 663 333 55),

194 339 238 373 Et
258 346 291 373 te
307 339 495 384 Neptunus
513 339 683 383 gaudium
706 340 829 374 amicis
847 339 1005 372 reducat.

143 391 279 426 Multos
294 403 380 425 sane
398 391 543 425 satietas
560 391 657 426 viros
675 392 832 437 perdidit
850 390 1077 436 insipientes;

194 443 417 488 Cognoscere
434 443 530 477 enim
546 444 688 477 difficile
708 451 756 478 est
774 444 935 484 modum,
953 444 1097 489 quando

507 497 604 530 bona
631 497 772 531 adsunt.

90 544 166 582 695
194 547 276 582 Non
295 559 442 593 possum
458 548 545 589 tibi,
574 561 591 582 ο
616 549 753 588 anime,
783 548 956 593 praebere
978 559 1097 581 neces·
1124 549 1125 571 ἶ

502 601 595 634 saria
618 600 758 634 omnia:

192 651 351 691 Sustine;
380 665 464 686 nam
483 650 633 698 pulchra
651 664 726 685 non
744 658 781 686 tu
797 652 893 686 solus
912 663 1023 685 amas.

138 702 236 737 Bene
266 704 414 750 quidem
438 703 593 738 habente
619 717 696 745 me,
736 703 842 738 multi
866 709 946 737 sunt
972 702 1095 741 amici;

505 756 533 790 si
551 768 637 789 vero
654 756 740 802 quid
763 756 948 790 sinistrum

191 806 411 852 Contigerit‚
438 808 545 853 pauci
562 808 703 842 fidelem
719 806 854 842 habent
872 813 1042 840 mentem.

138 857 284 892 Turbae
301 867 420 893 autem
442 858 632 894 hominum
651 860 764 894 virtus
782 860 887 894 unica
907 865 957 892 est
974 857 1082 897 haec,

87 908 161 943 700
188 909 390 951 Ditescere;
432 913 493 947 sed
528 912 683 946 aliarum
713 925 836 947 rerum
863 911 982 946 nullus
1008 922 1092 944 sane

505 971 555 998 est
572 977 655 998 usus
669 992 678 1005 ‚

135 1012 261 1060 Neque
277 1016 307 1048 si
324 1016 497 1050 iustitiam
514 1016 659 1062 quidem
676 1014 808 1050 habeas
819 1011 1092 1048 Rhadamanthi

499 1067 609 1113 ipsius
622 1096 630 1108 ‚

186 1117 296 1151 Plura
322 1130 408 1153 vero
431 1119 597 1159 sciveris,
631 1132 731 1166 quam
754 1119 921 1152 Aeolides
933 1117 978 1163 58)
998 1117 1092 1162 Sisy-

503 1170 596 1216 phus
610 1198 619 1211 ,

136 1219 209 1266 Qui
227 1220 335 1253 etiam
356 1233 398 1254 ex
415 1222 557 1255 inferno
575 1221 713 1267 peritiis
729 1221 856 1261 rediit,

188 1271 364 1307 Persuasa
383 1273 602 1318 Proserpina
620 1273 762 1307 blandis
778 1273 896 1306 verbis
909 1299 916 1312 ,

84 1320 159 1356 705
188 1322 291 1368 Quae
316 1322 525 1359 hominibus
555 1325 704 1369 praebet
736 1324 977 1364 oblivionem,
1022 1324 1092 1356 lae-

499 1377 586 1410 dens
612 1389 767 1410 sensum.

184 1425 287 1460 Alius
302 1439 387 1461 vero
404 1429 569 1462 nondum
587 1428 666 1474 quis
684 1426 753 1462 hoc
772 1427 1026 1467 consideravit,

133 1476 395 1526 Quemcunque
439 1493 523 1515 sane
560 1481 688 1515 mortis
722 1481 823 1525 nigra
862 1479 992 1513 nebula
1031 1478 1092 1512 ob-

504 1532 651 1573 texerit,

184 1581 414 1629 veneritque}
426 1583 463 1617 in
481 1582 670 1619 horridum
689 1584 807 1617 locum
827 1590 1071 1621 mortuorum,

132 1632 334 1680 Nigrasque
350 1642 475 1681 portas
490 1637 695 1677 transierit,
725 1648 816 1682 quae
836 1641 1065 1669 mortuorum

84 1684 157 1718 710
184 1686 334 1720 Animas
352 1685 540 1728 cohibent,
570 1690 633 1723 etsi
652 1694 868 1722 recusantes.

134 1735 269 1770 Verum
299 1739 476 1786 tamenffl)
512 1740 609 1773 illinc
633 1738 807 1786 Sisyphus
837 1751 959 1773 rursus
986 1738 1093 1772 rediit

502 1789 608 1826 heros

183 1839 240 1874 Ad
258 1840 372 1874 lucem
390 1843 495 1883 solis,
524 1856 586 1878 sua
608 1843 792 1876 variarum
812 1855 932 1876 rerum
951 1841 1092 1886 peritia.

132 1891 259 1938 Neque
276 1893 305 1926 si
321 1894 409 1928 falsa
430 1895 575 1941 quidem
595 1896 680 1929 facis
696 1895 789 1929 veris
799 1894 844 1939 5⁵)
865 1893 993 1938 similia
1007 1920 1016 1932 ,

186 1943 365 1989 Linguam
385 1944 521 1982 habens
539 1949 673 1981 bonam
693 1947 855 1982 Nestoris
875 1945 1006 1979 divini:

84 1993 159 2029 715
187 1994 347 2031 Celerior
380 2005 501 2033 autem
528 1999 638 2033 fueris
662 2000 769 2044 pedes
796 1998 976 2031 velocibus
1003 1996 1092 2029 Har-

499 2064 577 2097 95¹⁵
589 2079 598 2092 ³

186 2099 231 2134 Et
265 2101 358 2136 filius
394 2102 561 2143 Boreae,

498 2158 616 2200 pedes.

615 2115 771 2149 quorum
811 2102 972 2135 celeriter
1008 2107 1091 2133 eunt

118 2304 166 2336 54)
187 2305 239 2336 sit]
258 2306 299 2331 sic
315 2308 361 2335 (Ξ
376 2308 495 2340 Theogn.
514 2303 545 2343 ᾗ)
565 2306 869 2335 Editt.1561—-1564.‚
890 2305 976 2335 1576..
1000 2304 1091 2328 1581.:

153 2341 204 2366 Ed.
226 2341 303 2367 157⁰.
321 2343 360 2367 fit.

118 2383 168 2414 55)
186 2383 261 2409 viam
278 2392 407 2418 maguum
427 2394 477 2418 per
497 2389 624 2418 pontum]
646 2387 687 2411 sic
707 2387 755 2415 (ε
774 2386 896 2416 Theogn.
917 2381 984 2408 ὁδὸν
1002 2381 1092 2415 myri·

155 2418 205 2444 λου
224 2417 268 2444 διά
286 2419 409 2455 πόντου)
429 2423 512 2447 Editt.
533 2421 743 2447 1561—1576.:
777 2421 827 2445 Ed.
844 2420 920 2445 1581.
940 2420 1013 2443 viam
1033 2424 1092 2442 ma-

155 2460 238 2486 gnam
257 2463 307 2486 per
326 2460 446 2488 pontum.

120 2497 168 2530 56)
188 2499 335 2529 Aeolides]
355 2502 396 2526 sic
416 2502 464 2534 (Ξ
483 2503 602 2532 Theogn.
623 2498 772 2530 Αἰολίδου)
793 2499 877 2523 Editt.
894 2499 980 2523 1561..
1005 2497 1093 2527 1563.,

156 2533 368 2567 1570-1581.;
394 2538 442 2562 Ed.
459 2538 535 2561 1562.
555 2536 650 2559 mendo
671 2537 801 2564 typogr.:
827 2534 966 2558 Aeolides.

121 2575 168 2607 57)
188 2577 293 2602 verum
318 2582 425 2610 tamen]
460 2581 499 2604 sic
531 2580 615 2604 Editt.
641 2579 735 2602 1561..
763 2577 855 2602 1563..
885 2578 975 2603 1576..
1004 2577 1095 2605 1551&
1120 2595 1122 2600 ,

156 2611 241 2636 Εᾱὶῐῐ.
259 2613 332 2637 1564.
345 2632 351 2638 .
373 2615 448 2640 ¹570.
468 2616 669 2639 Veruntamen.

121 2652 172 2681 58)
191 2654 283 2684 veris]
313 2657 353 2680 sic
378 2656 426 2688 (=
445 2659 566 2685 Theogn.
592 2654 750 2687 ἓτπζμοισιν)
780 2655 863 2678 Editt.
889 2655 980 2678 1561..
1012 2655 1095 2678 1561.

160 2688 252 2719 1570.;
282 2691 365 2714 Editt.
386 2693 476 2723 1563„
498 2692 592 2717 1576..
615 2692 691 2715 1581.
713 2689 779 2713 veri.

95 2730 279 2761 MELANTH.
304 2733 408 2766 opm.
435 2736 519 2766 Vm..
545 2734 635 2763 xix.

669 41 1070 78 INTERPRETATIO
1105 43 1491 80 SENTENTIARUM
1525 42 1832 80 THEOGMDIS.

1125 401 1129 431 l

1119 2606 1123 2698 ξ

2119 50 2167 84 34

1208 131 1309 180 .*=t5⁹)
1328 138 1420 166 certe
1440 138 1583 177 oportet
1603 144 1726 166 omnes
1752 133 1965 167 sentent’iam
1991 132 2084 169 hanc
2111 149 2164 170 re-

1575 196 1730 228 ponere,

1259 237 1366 283 Quod
1385 235 1531 269 divitiae
1557 235 1749 280 plurimam
1776 240 1811 271 in
1839 237 2005 272 omnibus
2030 237 2163 273 habent

1566 293 1792 332 potestatem.

1205 340 1414 386 Aequaliter
1432 339 1559 373 divites
1585 345 1685 384 sunt,
1722 342 1752 374 is
1776 341 1832 374 cui
1856 341 2010 376 multum
2037 355 2160 388 argen-

1572 398 1646 424 tum
1673 398 1744 432 est,

1124 457 1126 479 ·,
1154 442 1228 479 720
1254 443 1299 477 Ε1
1318 456 1446 478 aurum
1459 471 1467 484 ,
1497 450 1530 477 et
1551 450 1668 477 terrae
1685 442 1870 486 farriserae
1890 456 1974 478 arva
1989 473 1997 486 ‚

1203 494 1370 541 Equique
1389 495 1550 542 mulique
1562 523 1571 537 ‚
1600 502 1633 529 et
1651 495 1706 529 cui
1723 496 1920 529 necessaria
1939 498 2069 531 adsunt

1256 547 1454 594 Ventrique
1471 555 1503 581 et
1521 548 1704 588 lateribus,
1733 554 1767 581 et
1785 547 1935 592 pedibus
1955 556 2054 593 grata
2072 551 2158 594 pati,

1202 599 1311 633 Pueri
1332 606 1366 633 et
1381 599 1559 639 mulieris;
1587 600 1733 646 quando
1753 612 1838 633 vero
1855 600 2001 634 illorum
2020 602 2159 635 venerit

1254 651 1432 697 Tempus,
1460 659 1493 685 et
1513 665 1590 685 cum
1608 653 1796 697 pubertate
1819 659 1868 686 est
1885 665 2101 698 congruum:

1152 702 1225 739 725
1254 703 1349 737 Haec
1375 710 1453 738 sunt
1480 704 1626 737 divitiae
1650 702 1876 743 hominibus;
1916 718 2000 739 nzsrn
2034 719 2156 751 super-

1565 756 1654 790 fluas
1673 768 1798 790 omnes

1252 807 1348 852 Opes
1367 805 1504 842 habens
1518 820 1625 841 nemo
1647 808 1743 841 venit
1760 808 1796 840 in
1813 807 2006 843 infernum.

1199 859 1324 906 'Neque
1359 860 1473 905 pretia
1509 861 1598 894 dans
1634 866 1787 893 mortem
1825 860 1982 904 fugerit,
2037 874 2154 908 neque

1568 924 1693 957 graves

1149 963 1221 999 728
1252 963 1420 1005 Morbos,
1463 976 1580 1011 neque
1614 964 1745 997 mulam
1772 969 1990 998 senectutem
2019 964 2154 998 instan-

1563 1023 1633 1049 tem
1647 1015 1705 1061 ⁶⁰).

1148 1067 1217 1101 731
1252 1069 1278 1102 Ο
1302 1066 1437 1112 Iupiter
1461 1075 1583 1113 pater,
1629 1068 1766 1101 utinam
1799 1068 1886 1100 fiant
1916 1066 1994 1101 Diis
2028 1070 2153 1109 amica,

1562 1120 1716 1153 scelestis
1738 1119 1883 1164 quidem

1249 1170 1513 1204 Contumeliam
1533 1172 1686 1216 placere,
1706 1177 1738 1204 et
1755 1171 1840 1215 ipsis
1857 1169 1925 1204 hoc
1939 1170 1983 1204 sit
2000 1179 2155 1216 gratum.

1198 1222 1331 1256 Animo
1357 1222 1524 1267 improba
1549 1224 1732 1261 facinora,
1765 1222 1802 1254 in
1829 1222 2009 1257 mentibus
2035 1232 2153 1258 autem

1569 1274 1730 1321 quisquis
1751 1273 1957 1320 crudelisffl)

1249 1325 1389 1359 Fecerit
1401 1353 1410 1365 ,
1438 1325 1535 1361 Deos
1551 1325 1643 1360 nihil
1660 1338 1802 1360 curans.

1148 1374 1222 1410 735
1250 1375 1370 1421 Ipsum
1386 1385 1511 1423 postea
1525 1391 1648 1413 rursus
1661 1379 1760 1412 luere
1775 1377 1883 1418 mala,
1899 1390 2016 1424 neque
2032 1386 2154 1424 postea

1248 1429 1367 1463 Patris
1384 1430 1598 1475 improbitas
1615 1429 1790 1477 liberisffl)
1808 1430 1853 1464 sit
1871 1430 2018 1464 malurn.

1199 1480 1282 1514 Filii
1308 1494 1414 1523 vero,
1458 1483 1519 1529 qui
1543 1496 1617 1518 cum
1639 1485 1711 1517 sint
1733 1481 1857 1516 iniusti
1889 1482 2021 1526 patris,
2064 1482 2154 1516 iusta

1562 1540 1816 1579 cognoscentes

1250 1585 1422 1627 Faciunt,
1452 1599 1469 1621 ο
1486 1585 1640 1632 Iupiter,
1668 1592 1767 1620 tuam
1787 1586 1878 1619 iram
1899 1593 2115 1621 reverentes.

1199 1637 1253 1670 Ab
1272 1637 1375 1671 initio
1396 1638 1487 1673 iusta
1507 1639 1600 1672 inter
1619 1638 1710 1672 cives
1729 1644 1891 1672 amantes
1904 1665 1912 1678 ,

1150 1688 1223 1723 740
1250 1690 1303 1724 Ne
1323 1703 1431 1736 quam
1453 1691 1757 1736 trangressionem
1781 1691 1881 1723 luant
1900 1696 2104 1735 parentum.

1200 1741 1295 1775 Haec
1311 1743 1383 1776 sint
1397 1744 1511 1777 beatis
1527 1743 1604 1777 Diis
1622 1749 1741 1787 grata;
1769 1754 1864 1775 nunc
1880 1754 1964 1775 vero
1988 1743 2049 1788 qui
2072 1742 2156 1775 facit

1565 1797 1691 1836 scelus,

1250 1848 1311 1880 Ille
1331 1846 1471 1891 effugit;
1499 1859 1655 1892 poenam
1675 1852 1794 1878 autem
1815 1844 1906 1878 alius
1922 1851 2044 1889 postea
2064 1845 2144 1879 fert.

1198 1897 1244 1932 Et
1280 1897 1367 1939 hoe,
1413 1911 1430 1932 o
1468 1898 1728 1932 immortalium
1765 1909 1846 1935 rex,
1890 1897 2075 1942 quomodo
2106 1904 2156 1930 est

1564 1948 1721 1984 iustum?

1249 2000 1427 2034 Facinora
1448 2002 1508 2047 qui
1527 2003 1582 2035 vir
1603 2009 1700 2035 extra
1719 2000 1871 2034 existens
1888 1999 2032 2033 iniusta.

1149 2050 1222 2087 ’745
1247 2052 1392 2086 Nullam
1410 2053 1638 2099 iniquitatem
1658 2051 1813 2092 hahens,
1842 2064 1958 2097 neque
1979 2051 2155 2085 iusiuran-

1565 2107 1650 2138 dum
1671 2104 1836 2148 impium.

1182 2206 1229 2239 59)
1249 2208 1300 2236 At]
1329 2206 1370 2230 sic
1397 2205 1443 2237 (=
1464 2206 1585 2237 Theogn.
1606 2202 1692 2233 ἀλλὰ)
1712 2203 1913 2234 Editt.21561.,
1945 2201 2154 2232 1564-1581.;

1217 2242 1266 2266 Ed.
1282 2241 1358 2266 1563.
1378 2242 1426 2265 Ac.

1182 2286 1229 2315 60)
1251 2284 1410 2313 ὓίςῐίεὴοη.
1447 2283 1517 2314 quod
1536 2283 1607 2306 hunc
1625 2288 1739 2306 versum
1758 2282 1786 2305 in
1806 2279 1890 2304 Editt.
1910 2281 1997 2305 Bekk.
2010 2299 2018 2312 ‚
2053 2281 2153 2311 Bergk.

1217 2319 1395 2349 subsequitur
1415 2317 1457 2349 (et
1476 2318 1503 2341 in
1524 2318 1574 2341 Ed.
1595 2317 1715 2341 Bruuck.
1736 2317 1760 2340 h.
1775 2317 1793 2339 l.
1813 2317 1937 2342 exstan:

1252 2351 1402 2385 Φροντίδες
1421 2349 1583 2384 ἀνθρώπων
1601 2350 1705 2383 ἔλαχον
1722 2349 1810 2382 πτερά
1831 2346 1936 2373 ποικίλ’
1956 2349 2084 2382 ἔχουσαι.

1321 2386 1480 2419 μυρόμενοιι
1501 2387 1593 2419 ψυχῆς
1614 2387 1706 2411 εἵνεκα
1726 2385 1773 2409 καὶ
1791 2384 1890 2417 βιοτῆς.

1216 2424 1242 2447 in
1262 2423 1347 2447 Editt.
1370 2423 1562 2446 1561—1581.
1582 2423 1608 2447 h.
1627 2423 1646 2445 1.
1666 2423 1751 2445 deest.
1797 2421 1827 2444 ln
1853 2420 1902 2444 Ed.
1925 2419 2015 2443 Gaisf.
2035 2418 2154 2447 (Poetae

1216 2459 1337 2482 minores
1358 2458 1461 2489 graeci.
1481 2458 1545 2482 Vol.
1561 2457 1580 2480 l.
1601 2464 1627 2486 p.
1641 2455 1821 2482 203-277.)
1844 2456 1893 2478 hoc
1908 2454 1969 2477 dist.
1989 2454 2014 2478 h.
2029 2454 2048 2478 1.
2070 2454 2155 2477 omis-

1216 2500 1275 2517 sum
1296 2495 1357 2523 post
1378 2499 1418 2519 vs.
1439 2493 1514 2518 1226.
1534 2493 1683 2522 reperitur.

1180 2538 1229 2565 61)
1250 2536 1386 2565 crudelis]
1407 2536 1445 2560 sic
1465 2536 1549 2560 Editt.
1570 2535 1660 2561 1576..
1682 2534 1757 2557 1581.
1780 2532 1826 2563 (=
1845 2531 1911 2554 text.
1926 2537 1968 2561 gl·-
1988 2531 2073 2555 Editt.
2091 2532 2157 2555 1564

1217 2572 1347 2595 -1581:
1359 2573 1385 2594 et
1398 2572 1482 2596 Editt.
1498 2573 1603 2594 recent.
1623 2567 1760 2598 cz'rtqviq:
1788 2566 1881 2590 l-jditt..
1897 2566 2088 2590 1561—15m.
2104 2567 2155 2590 Mi-

1216 2612 1319 2630 nervae
1337 2608 1386 2635 (z
1405 2609 1472 2630 text.
1493 2612 1533 2637 gr.
1555 2604 1639 2628 Editt.
1660 2604 1749 2626 1561..
1772 2602 1845 2624 1563.
1865 2598 2004 2632 Ἀθήνης),

1181 2653 1230 2679 62)
1249 2651 1359 2681 liberis]
1381 2652 1420 2674 sic
1442 2651 1489 2679 (z
1509 2651 1627 2674 Theozn.
1652 2645 1744 2672 rrrszm'l
1767 2646 1849 2669 Edttt.
1870 2645 1961 2670 1561..
1986 2646 2069 2672 1563..
2094 2646 2158 2669 1370

1216 2687 1351 2710 —15812
1381 2686 1429 2709 Ed.
1449 2680 1526 2710 1561,
1547 2683 1645 2706 mendo
1666 2683 1795 2712 typogr.:
1823 2681 1911 2703 libris.

1555 2720 1575 2752 3
