2421 3005
61 120 134 156 589
393 114 482 150 XCI.

60 201 415 242 Erisichthonis
439 201 543 236 filia
570 200 613 234 in
637 199 794 233 varias
820 196 1063 241 formasffl).

165 279 399 317 Erisichthon
415 278 614 324 absumptis
626 290 689 324 per
700 278 821 311 luxum
835 274 1064 310 facultatibus

60 347 141 370 cum
158 336 203 368 ad
222 340 419 368 extremam
436 338 629 377 egestatem
648 331 813 364 redactus
830 333 932 368 esset,
954 326 1066 359 filiam

61 386 211 421 nomine
231 386 386 420 Metram
412 384 638 429 prostituisse
657 383 789 416 fertur:
828 381 935 426 idque
958 377 1069 422 signi-

61 440 168 474 ficare
187 439 328 472 videtur
345 436 519 477 Ovidius,
547 448 628 469 cum
646 434 765 481 inquit
790 432 868 477 (Vs.
888 431 1013 477 872.);

117 512 226 553 Saepe
240 513 339 552 pater
357 509 504 541 ‹lominis
528 507 709 549 Triopema
728 505 847 538 trudit.

65 579 112 613 At
129 577 303 625 quoniam
331 588 373 609 eo
399 583 564 621 tempore
590 574 753 608 nondum
773 569 913 616 argenti
933 575 968 603 et
987 566 1067 602 auri

67 637 144 664 erat
167 642 272 670 usus,
313 628 412 661 varia
438 639 588 662 munera
610 626 661 660 illi
691 620 993 667 afferebanturffl)
1023 620 1067 653 ab

66 681 291 716 amatoribus
308 680 422 720 filiae,
451 687 513 714 aut
528 691 629 719 aves,
657 684 719 712 aut
735 676 839 723 equi,
866 680 929 708 aut
944 674 1069 712 boves,

66 739 129 768 aut
145 734 255 768 ferae.
310 732 403 766 Hinc
426 745 492 777 per
517 731 634 765 iocum
659 730 753 764 dicta
780 734 832 762 est
849 726 966 760 Metra
989 723 1069 758 Eri-

67 783 266 820 sichthonis
293 785 382 818 verti
409 784 446 818 in
471 784 616 823 omnia,
652 793 745 828 quae
773 780 818 813 ab
844 776 1070 811 amatoribus

68 838 312 872 donabantur.
366 836 422 871 Sic
442 835 588 881 exponit
604 833 777 869 Erasmus
793 829 887 865 hanc
908 829 1069 864 fabulam

103 990 152 1018 25)
176 989 256 1016 ovid.
276 991 341 1015 net.
360 989 434 1021 vin,
452 988 513 1015 873.

102 1050 150 1081 26)
171 1048 372 1081 afferebantur]
394 1049 436 1073 sic
464 1049 550 1075 Editt.
567 1049 658 1077 1555.;
685 1048 732 1071 Ed.
751 1046 826 1071 1559.
847 1045 1044 1069 efferebantur.

537 110 825 149 ENARRATIO
860 106 988 144 LIBRI
1016 107 1076 143 lx.
1112 105 1592 141 METAMORPHOSEON
1630 105 1794 142 OVlDll.

2049 109 2125 145 590

1120 193 1155 227 in
1169 192 1394 228 Chiliadibus
1411 193 1624 238 adagiorurn
1637 192 1696 239 27).
1738 193 1837 228 Fieri
1855 200 1976 229 autem
1994 201 2125 240 potest,

1118 252 1158 279 ut
1171 243 1406 281 Erisichthou
1422 257 1498 279 non
1517 245 1633 280 solum
1653 245 1739 280 luxu
1759 247 2002 292 absumpserit
2017 247 2129 281 facul-

1123 304 1232 339 tates,
1274 299 1334 332 sed
1362 298 1470 332 etiam
1497 297 1705 342 inexplebili
1731 298 1940 334 voracitate.
2007 298 2129 334 Histo-

1122 350 1378 384 riae‘tradnnt
1408 350 1591 396 quendam
1625 349 1732 384 fuisse
1766 352 1862 395 apud
1887 351 2129 385 Aurelianum

1122 401 1404 447 Imperatorem,
1433 401 1496 448 qui
1511 414 1585 436 uno
1608 401 1666 435 die
1692 402 1889 436 comederit
1918 415 2048 448 aprum
2075 403 2130 436 in-

1123 461 1285 499 tegrum,
1314 460 1458 488 centum
1479 466 1607 499 panes,
1637 465 1837 495 vervecem,
1865 460 1900 488 et
1918 455 2130 499 porcellum.

1123 506 1205 539 Tali
1222 506 1387 540 famelico
1409 513 1503 540 certe
1523 505 1722 540 mediocres
1746 507 1934 540 facultates
1960 519 2034 540 non
2060 507 2131 540 sus-

1123 558 1260 592 ficiunt.

1322 559 1373 592 Ac
1398 557 1572 604 quoniam
1597 558 1736 592 nullum
1764 564 1815 592 est
1838 565 2025 603 peccatum
2053 570 2132 602 gra-

1126 609 1203 644 vius
1221 609 1405 654 impietate
1419 636 1428 650 ,
1456 622 1531 643 non
1549 609 1731 644 immerito
1748 609 1881 655 impius
1897 607 2132 645 Erisichthon

1125 673 1165 695 ea
1189 661 1343 695 afficitur
1369 674 1506 706 poena,
1550 675 1619 708 qua
1653 660 1746 695 nihil
1772 668 1825 697 est
1849 662 1957 696 etiam
1987 662 2133 702 durius;

1125 726 1211 747 nam
1240 714 1336 746 fame
1361 714 1456 747 mori
1481 720 1533 747 est
1560 713 1794 749 durissimum
1826 721 1861 748 et
1886 714 2133 749 miserrimum

1126 777 1238 811 genus
1256 765 1395 800 mortis.

1126 817 1268 859 scribit,
1295 817 1479 851 Herodem
1503 830 1622 863 regem
1644 816 1860 852 Iudaeorum
1887 819 1995 853 simili
2021 817 2135 852 avidi-

1458 765 1632 800 Eusebius
1655 765 1693 799 in
1715 764 1868 801 historia
1895 765 2133 802 ecclesiastica

1128 877 1199 904 tate
1232 870 1386 904 vorandi
1422 882 1441 904 a
1475 869 1554 903 Deo
1590 870 1757 915 punitum
1790 871 1918 911 fuisse,
1960 883 2025 905 nec
2057 877 2133 904 tam

1128 920 1339 967 phthiriasi,
1366 934 1474 968 quam
1493 922 1588 955 fame
1606 922 1802 956 extinctum
1823 935 1910 957 esse.

1163 1042 1212 1070 27]
1233 1040 1342 1066 Erasini
1362 1040 1451 1071 Adag.
1470 1039 1532 1064 chit.
1549 1039 1594 1065 111.
1613 1043 1688 1064 cent.
1706 1039 1749 1063 111.
1770 1046 1848 1070 prov.
1864 1040 1905 1064 70.

606 1150 661 1184 ln
706 1149 908 1183 librum
935 1147 994 1182 ΙΧ
1041 1144 1605 1190 Metamorphoseon.

251 1236 473 1271 Hercules
502 1249 580 1270 cur
608 1235 729 1270 lovis
758 1236 904 1270 silius.

127 1306 146 1332 ἵ
158 1318 184 1339 s.
201 1304 263 1342 24.
294 1307 424 1349 Iupiter
446 1307 630 1349 radfulsus
645 1312 745 1349 pater
761 1311 828 1346 est,
858 1311 917 1339 met
933 1307 1078 1339 crae'me’ne

490 1371 599 1391 rems.

177 1417 369 1457 Hercules,
398 1419 497 1464 quod
513 1417 635 1451 omnia
652 1416 765 1450 animi
781 1417 836 1452 sui
862 1417 999 1452 viribus
1023 1416 1078 1450 in-

72 1468 205 1503 feriora
222 1470 389 1510 duceret,
417 1467 562 1504 habitus
578 1475 630 1503 est
646 1467 741 1504 Iovis
760 1469 873 1509 filius;
909 1482 995 1503 nam
1020 1481 1079 1503 ve-

73 1529 166 1556 teres
181 1521 362 1555 clarorum
380 1521 544 1556 virorum
563 1520 740 1566 originem
753 1549 762 1563 ,
790 1528 941 1567 propter
964 1521 1079 1555 virtu-

42 1597 45 1598 ν
75 1581 147 1608 tem
177 1573 430 1614 excellentem,
473 1573 676 1608 referebant
704 1575 749 1608 ad
775 1573 883 1609 Deos.
951 1573 1079 1620 Neque

74 1625 171 1660 enim
190 1623 390 1659 humanum
405 1652 415 1666 ,
442 1626 503 1660 sed
523 1625 687 1660 divinum
707 1633 759 1661 est
775 1626 896 1661 subire
921 1625 1080 1672 pericula

75 1690 143 1723 pro
168 1677 282 1712 salute
307 1677 548 1722 reipublicae,
590 1678 749 1713 adversis
775 1679 881 1713 rebus
911 1691 986 1712 non
1011 1685 1081 1712 ter-

74 1729 169 1770 reri,
195 1741 270 1762 non
294 1729 538 1771 consternari,
566 1729 655 1765 sicut
674 1730 844 1765 Hercules
862 1732 898 1764 in
915 1731 1081 1776 pacando

79 1782 165 1815 orbe
185 1781 279 1815 fecit.

234 1867 427 1902 Acheloi
465 1874 506 1901 et
534 1867 752 1902 Herculis
788 1869 925 1902 lucta.

181 1934 381 1971 Acheloum
398 1943 496 1970 extra
517 1936 614 1982 ripas
642 1948 747 1981 saepe
776 1935 1022 1978 diffluentem,
1051 1944 1085 1971 et

81 1989 294 2024 efficientem
315 1989 392 2035 agri
408 1989 611 2024 vastitatem
626 2016 635 2028 ,
662 1988 833 2023 Hercules
850 1989 1008 2023 coercuit
1025 2002 1085 2033 ag-

81 2041 226 2087 geribus
245 2048 280 2074 et
297 2053 472 2088 aquarum
493 2041 678 2075 ductibus:
715 2041 805 2076 sicut
833 2043 929 2086 apud
954 2053 1020 2076 nos
1047 2041 1084 2075 in

81 2093 227 2129 Prussia
273 2092 466 2127 Teutonici
507 2092 665 2127 Mariani
710 2093 796 2127 olim
848 2101 1085 2128 coercuerunt

82 2144 341 2181 inundationes
355 2144 504 2186 Istulae,
539 2146 652 2179 altero
675 2146 767 2180 ostio
792 2144 868 2180 eius
893 2146 1086 2191 patefacto,

83 2206 119 2233 et
135 2197 327 2244 aggeribus
343 2199 388 2231 ad
406 2204 599 2244 utramque
621 2198 738 2243 ripam
766 2198 954 2242 congestis.
1008 2198 1086 2233 Hoc

83 2250 248 2285 Herculis
271 2261 362 2295 opus
387 2256 619 2294 comparatur
645 2250 853 2289 luctationi3
888 2250 964 2295 ipse
988 2250 1085 2284 enim

85 2315 166 2338 cum
194 2300 376 2343 Acheloo,
419 2302 505 2335 dum
537 2302 613 2337 eius
642 2302 714 2335 vim
750 2309 785 2336 et
809 2302 1086 2337 inundationem

86 2361 245 2395 coercet,
271 2354 374 2401 quasi
400 2354 554 2388 luctatus
577 2361 640 2388 est.
694 2354 786 2388 Sunt
810 2354 847 2388 in
871 2353 939 2388 hac
963 2356 1084 2389 sabula

85 2419 211 2443 versus
227 2407 272 2440 ad
292 2419 396 2441 usum
417 2413 450 2439 et
469 2405 648 2440 rationem
666 2406 851 2450 proverbii
879 2419 1087 2442 accommo—

86 2459 160 2494 dati
180 2458 275 2503 (VsS.
292 2457 456 2504 5—7.):

723 2513 792 2546 Nec
805 2517 875 2546 tum

198 2567 308 2607 Turpe
321 2566 390 2607 fui!
405 2565 505 2601 vimei,
525 2575 624 2609 quam
641 2566 850 2598 contendisse
862 2564 1089 2602 ‹leem-unum}

195 2616 390 2661 sslaynmlme
405 2617 464 2648 da!
481 2616 575 2648 nobis*
588 2621 705 2649 tuums
720 2617 841 2649 solatia
860 2618 972 2649 rimor.

123 2726 172 2754 2²³)
192 2725 340 2758 decorum]
368 2726 407 2749 sic
436 2726 518 2752 Editt.
546 2727 639 2751 1555..
672 2726 763 2754 1552:

161 2763 294 2786 decorum
315 2762 365 2787 est.

797 2725 877 2751 ovid.
904 2726 954 2751 Ed.
982 2726 1091 2750 Mimo.

1132 1233 1196 1267 His
1241 1232 1420 1279 siquidem
1462 1231 1623 1267 xersibus
1666 1231 1725 1271 uti¹
1762 1231 1921 1276 poterit,
1976 1232 2038 1277 qui
2083 1232 2142 1266 in-

1132 1284 1224 1330 signi
1245 1286 1367 1331 aliquo
1385 1284 1601 1325 certamine,
1630 1284 1684 1317 vel
1703 1295 1722 1317 a
1741 1283 1924 1323 doctiore,
1953 1284 2009 1316 vel
2030 1295 2049 1317 a
2076 1297 2141 1329 po-

1133 1337 1288 1371 tentiore
1305 1344 1494 1382 superatus
1513 1343 1576 1371 est.
1630 1334 1669 1369 ln
1690 1333 1783 1369 hanc
1808 1335 2023 1370 sententiam
2041 1335 2141 1370 Han-

1133 1389 1233 1423 nibal
1270 1391 1367 1434 apud
1392 1389 1537 1423 Livium
1562 1387 1610 1436 29)
1637 1388 1816 1422 allocutus
1841 1387 2066 1433 Scipionem:
2104 1389 2143 1423 Si

1135 1440 1202 1476 hoc
1217 1441 1371 1488 (inquit)
1396 1442 1443 1475 ita
1467 1442 1542 1475 fato
1568 1441 1693 1474 datum
1719 1447 1816 1481 erat,
1851 1447 1891 1474 ut
1917 1440 1978 1486 qui
2003 1440 2144 1485 primus

1134 1494 1268 1528 bellum
1284 1494 1390 1528 intuli
1407 1494 1543 1539 populo
1560 1492 1731 1526 Romano
1743 1520 1752 1533 ,
1781 1492 1915 1539 quique
1933 1492 2039 1527 toties
2060 1505 2144 1538 pro-

1136 1559 1179 1592 pe
1198 1546 1235 1579 in
1264 1546 1432 1580 manibus
1455 1545 1645 1579 victoriam
1670 1543 1801 1586 habui,
1835 1544 1864 1579 is
1888 1545 1984 1578 ultro
2012 1546 2057 1578 ad
2084 1558 2145 1591 pe-

1136 1599 1283 1632 tendam
1313 1610 1437 1643 pacem
1465 1597 1646 1631 venirem:
1688 1598 1803 1630 laetor
1828 1603 1861 1630 te
1887 1594 1978 1630 mihi
2002 1597 2145 1642 potissi-

1138 1664 1236 1685 mum
1256 1651 1402 1687 datum,
1437 1663 1454 1683 a
1474 1663 1547 1696 quo
1575 1656 1748 1694 peterem.
1803 1649 1887 1682 Tibi
1916 1661 2063 1696 quoque
2091 1650 2144 1683 in-

1138 1710 1192 1737 ter
1227 1702 1341 1736 multa
1374 1703 1516 1746 egregia
1548 1713 1623 1735 non
1655 1701 1693 1734 in
1725 1699 1863 1735 ultimis
1896 1701 2043 1735 laudum
2070 1703 2146 1736 fue·

1139 1754 1262 1797 τίῑῧθ),
1296 1753 1537 1787 Hannibalem
1552 1781 1561 1794 ,
1586 1753 1642 1787 cui
1662 1754 1705 1787 de
1723 1759 1775 1787 tot
1794 1753 1970 1787 Romanis
1980 1753 2028 1799 ²⁰)
2046 1754 2146 1788 duci-

1138 1808 1204 1841 bus
1234 1806 1423 1840 victoriam
1453 1805 1513 1839 Dii
1540 1805 1741 1845 dedissent,
1776 1805 1840 1837 tibi
1871 1806 2026 1840 cessisse.
2091 1806 2145 1839 Si-

1139 1858 1272 1892 militer
1287 1858 1456 1903 usurpari
1479 1864 1627 1903 possunt
1655 1857 1733 1890 loco
1760 1856 1942 1900 proverbii
1967 1858 2075 1890 etiam
2106 1856 2142 1891 hi

1140 1923 1263 1945 versus
1279 1909 1374 1953 (Vss.
1390 1910 1439 1946 29
1459 1911 1548 1956 sq.):

1419 1964 1546 1997 „Melior
1562 1962 1646 1995 milii
1661 1964 1805 1995 ‹leswe-a
1821 1962 1938 2004 ‘linqua

1246 2018 1432 2048 Dummodo
1461 2016 1642 2058 puymtmlo
1675 2026 1848 2057 supereum
1899 2018 1934 2045 111
1971 2016 2064 2047 vince
2097 2016 2145 2047 lo·

1563 2068 1703 2111 quondo.

1139 2126 1366 2173 Alphonsus,
1411 2138 1471 2160 rex
1496 2126 1780 2172 Neapolitanus,
1821 2124 1954 2159 bellum
1983 2125 2147 2159 illaturus

1139 2179 1379 2220 Florentinis,
1407 2178 1538 2213 dicitur
1555 2177 1611 2213 his
1633 2178 1794 2212 versibus
1815 2177 2043 2224 respondisse
2067 2188 2148 2210 ora-

1141 2232 1210 2266 tori
1230 2231 1468 2269 Florentino,
1496 2231 1612 2264 minas
1630 2230 1789 2265 iactanti.

1194 2317 1426 2353 Achelous
1460 2318 1501 2351 in
1531 2325 1795 2363 serpentem
1829 2325 1868 2351 et
1898 2324 2091 2349 taurum.

1193 2388 1271 2422 Yss.
1292 2389 1340 2424 62
1358 2402 1409 2434 sq.
1455 2388 1604 2432 Inferior
1631 2390 1773 2430 virture,
1821 2400 1910 2422 meas
1931 2388 2079 2418 ‹lh-error
2104 2386 2148 2417 ad

1556 2446 1661 2481 artes,

1252 2493 1438 2538 Elaborquv
1455 2494 1545 2533 viro,
1573 2493 1705 2537 Ionyum
1720 2494 1892 2536 formatus
1910 2491 1943 2523 in
1963 2500 2118 2532 anyuem.

1250 2552 1479 2586 Assimilatus
1505 2551 1684 2587 Achelous
1712 2559 1787 2585 tum
1813 2550 1968 2595 serpenti
1998 2554 2148 2594 propter

1147 2603 1332 2650 obliquam
1377 2605 1640 2649 longitudinem
1662 2631 1671 2645 ‚
1725 2611 1798 2638 tum
1845 2609 1950 2636 tauro
2000 2607 2148 2646 propter

1181 2689 1227 2721 29)
1246 2690 1307 2714 niv.
1327 2690 1426 2720 xxx,
1444 2690 1487 2715 (ιο.

1182 2726 1230 2755 30)
1251 2725 1333 2749 tuerit
1354 2738 1385 2744 —
1406 2725 1439 2748 de
1459 2728 1499 2750 tot
1518 2725 1567 2753 R]
1591 2724 1632 2749 sic
1651 2723 1735 2749 Editt.
1756 2724 1851 2756 1555„
1877 2724 1971 2748 1559.:

1223 2760 1239 2782 Ι.
1260 2760 1372 2785 Gronov
1393 2768 1398 2783 ε
1419 2761 1469 2784 hoc
1491 2761 1573 2784 fuerit
1595 2773 1625 2778 --
1647 2763 1684 2783 tot
1707 2760 1738 2784 de
1758 2760 1789 2784 R.

2011 2722 2071 2747 Liv.
2100 2721 2145 2744 Ed.
