2421 3005
82 102 155 140 165

179 189 256 224 Vss.
276 189 375 224 1107
392 202 470 236 sqq.
503 189 709 235 021a01¹⁰⁰)]
738 188 811 222 lam
834 188 978 223 subiicit
1001 200 1086 235 que-

76 243 189 276 relam
215 242 257 275 de
280 242 352 276 suis
379 242 656 276 adversitatibus
679 249 713 275 et
739 241 1025 281 calamitatibus,
1054 246 1088 274 et

75 295 153 328 vult
170 300 292 328 tamen
309 294 509 339 significare
526 292 612 327 hoc:
649 293 726 339 Ego
754 306 829 328 non
851 293 974 327 inveni
999 293 1087 327 tales

75 346 230 387 amicos,
257 358 375 393 neque
393 347 468 391 ipse
486 359 543 380 me
562 347 726 391 praestiti
744 347 850 380 talem
868 351 1019 391 propter
1036 351 1087 378 te-

74 398 250 433 nuitatem
275 399 454 433 fortunae.

178 459 255 496 Vss.
283 459 382 493 1107
405 472 457 505 sq.
504 459 628 504 Οἴμοι.
689 458 723 493 O
752 471 816 503 ego
842 458 950 492 miser
972 458 1086 491 sactus

72 524 151 547 sum
170 511 343 557 gaudium
360 511 535 552 inimicis,
571 517 605 545 et
623 511 747 545 amicis
771 511 876 545 labor
898 511 954 544 vel
983 522 1086 551 onus,

73 576 198 609 passus
224 563 393 609 indigna,
426 561 560 612 saeva]
597 562 635 597 Id
665 570 736 604 est,
768 576 832 608 ego
856 575 980 608 passus
1007 575 1086 597 sum

73 616 316 657 calamitates,
357 622 391 650 et
410 628 507 650 nunc
534 616 585 650 fui
610 616 699 650 risui
725 615 902 659 inimicis,
940 615 999 661 qui
1027 615 1086 647 de-

71 669 250 702 lectantur
267 668 423 702 aliorum
441 668 657 702 calamitate.

71 723 133 756 ben
147 719 279 767 {thuben
295 720 374 766 bat,
402 720 494 766 batff
506 719 560 765 fut·
576 722 636 756 ben
654 720 726 766 spot
743 718 828 765 nicht
844 719 968 766 sorgen.

71 772 107 805 in
125 772 300 817 Euripide
312 773 341 820 ¹)
360 773 475 806 simile,
496 775 648 806 dictum:

124 831 247 868 Φίλου
260 831 336 882 γὰρ
355 832 494 881 ἀνδρὸς
514 834 730 881 συμφοραῖς
746 830 982 881 βαρύνομαι.

69 892 110 927 Id
134 900 205 934 est,
247 905 380 938 gravor
410 893 674 927 calamitatibus
699 893 766 926 viri
793 893 911 926 amici.
982 891 1084 926 Onus

71 945 179 979 amici
197 952 326 979 onerat
342 957 413 980 me.

173 1005 251 1040 Vss.
277 1005 375 1039 1109
400 1018 479 1052 sqq.
522 1002 662 1053 Ktigm']
699 1005 767 1039 Sex
793 1005 980 1044 versiculi,
1023 1004 1085 1050 qui
1112 1009 1113 1040 ἶ

1112 1045 1114 1061 ,ν
1139 1022 1346 1058 Salomonis
1363 1025 1414 1071 4):

68 1064 290 1104 sequuntur,
319 1058 564 1102 coniungendi
587 1065 682 1092 sunt.
742 1057 860 1091 Locus
887 1064 938 1091 est
963 1059 1006 1090 de
1031 1057 1085 1089 in-

68 1109 273 1145 constantia
297 1116 331 1143 et
357 1111 593 1154 perversitate
620 1107 834 1150 hominum,
880 1121 972 1155 quae
1000 1121 1085 1154 pro-

66 1163 160 1196 fecto
185 1168 237 1197 est
260 1161 449 1196 mirabilis.
517 1162 611 1196 Nam
642 1168 682 1195 ut
712 1161 807 1195 inter
836 1159 1004 1195 homines
1032 1160 1085 1194 vi-

68 1215 199 1248 vlmus.

172 1273 251 1308 Vss.
271 1274 370 1309 1109
385 1286 438 1320 sq.
470 1272 516 1309 Οἱ
532 1270 676 1322 πρόσθ’
697 1271 857 1323 ἀγαθοί.
907 1273 981 1319 Qui
996 1274 1085 1307 boni

69 1332 173 1360 erant
201 1326 322 1371 prius,
366 1337 463 1360 nunc
487 1333 572 1359 sunt
601 1326 700 1360 mali.
770 1326 843 1372 Qui
869 1333 973 1359 erant
996 1325 1085 1359 mali

66 1378 180 1424 prius,
208 1389 307 1411 nunc
321 1384 406 1412 sunt
423 1375 544 1425 boui.]
574 1377 674 1411 Talis
691 1384 743 1411 est
758 1378 926 1413 varietas.
963 1378 1083 1412 Simus

68 1430 178 1475 igitur
203 1430 320 1471 cauti,
359 1442 426 1464 nec
449 1429 558 1463 etiam
586 1429 754 1474 protinus
777 1442 857 1471 eos,
900 1442 919 1463 a
953 1430 1083 1476 quibus

69 1481 197 1517 offensi
213 1495 359 1523 sumus,
387 1483 612 1516 damnemus.
668 1481 785 1516 Nemo
812 1494 975 1528 unquam
1003 1495 1083 1528 gra-

66 1535 148 1570 vius
170 1532 262 1568 mihi
287 1535 412 1568 nocuit
436 1546 544 1580 quam
569 1534 688 1568 amici.
749 1533 834 1569 Ideo
861 1534 1004 1568 dicebat
1026 1534 1084 1569 Iu-

67 1589 178 1622 daeus
211 1587 380 1633 quidam:
424 1587 548 1623 {Statue
579 1587 751 1631 niemanb,
786 1587 819 1631 so
846 1586 988 1634 besebeist
1017 1586 1083 1634 bid>

67 1640 237 1676 niemanb.

171 1691 262 1736 Quis
279 1696 400 1735 posset
417 1688 506 1724 haec
523 1691 699 1725 sustinere
720 1693 920 1738 adspiciens
933 1691 968 1741 Ρ]
997 1693 1081 1739 quia

70 1743 158 1778 haec
183 1742 338 1777 multum
365 1743 580 1787 perturbant
602 1741 781 1779 homines.
840 1744 881 1778 In
898 1745 1008 1779 sacris
1026 1745 1083 1778 lit-

71 1796 156 1830 teris
170 1793 345 1829 habemus
363 1795 475 1828 multa
493 1794 586 1828 dicta
605 1795 642 1828 in
663 1794 755 1829 hanc
772 1797 1009 1838 sententiam,
1037 1810 1082 1831 ne

71 1848 296 1883 confidamus
311 1844 532 1881 hominibus.

172 1899 250 1934 Vss.
271 1899 367 1933 1111
387 1911 439 1945 sq.
482 1898 608 1933 Bonos
639 1897 954 1942 inhonoratiores,
1000 1913 1084 1934 con-

69 1952 281 1998 temptiores
295 1952 428 1986 scilicet
446 1963 532 1992 esse,
561 1958 594 1985 et
610 1953 751 1996 peiores
768 1951 980 1988 honoratos.
1018 1953 1084 1986 Vir

141 2071 186 2097 cui
205 2070 333 2097 Simrock
353 2069 416 2096 ibid.
435 2077 478 2095 nr.
492 2070 569 2096 2729.
588 2071 664 2096 addit
684 2071 783 2096 hocce:

244 2113 361 2148 &tumbe
381 2114 428 2139 mit
447 2113 503 2140 bem
524 2114 613 2140 5mmm

245 2150 328 2177 OEinct
350 2148 395 2180 auf
414 2150 454 2175 ein
473 2149 581 2181 §pfunb3

245 2183 362 2216 &teunbe
377 2184 405 2209 in
423 2183 467 2209 bct
486 2183 557 2215 mott)

245 2218 366 2249 Zaufcnb
387 2218 434 2250 auf
453 2219 493 2244 ein
513 2217 582 2250 2015.

140 2262 265 2288 Eiselein
285 2263 304 2288 l.
322 2263 340 2288 Ι.
359 2270 385 2292 p.
401 2262 461 2288 187.
481 2263 565 2287 habet
584 2264 667 2289 haec:

245 2305 336 2340 ffriinb
356 2306 384 2331 in
403 2304 447 2331 bet
466 2305 538 2336 mot.

244 2341 308 2369 Slun
329 2340 405 2373 3m61f
422 2341 463 2366 ein
483 2341 540 2371 ssot3

245 2376 301 2403 unt>
322 2381 400 2401 mann
421 2376 451 2407 ste
471 2375 549 2406 soum
569 2375 693 2409 bebitftid)
711 2379 764 2411 fin,

246 2410 290 2438 &o
310 2414 373 2442 gunt
392 2411 446 2436 niet
465 2411 515 2437 unb
537 2413 647 2444 smnn5i9
667 2413 697 2445 uf
715 2415 755 2440 ein
775 2411 915 2440 Quinttin.
933 2448 941 2476 1

864 2449 929 2482 (Θεί
943 2449 993 2482 et.)

246 2490 430 2522 grunbscbuft'
456 2498 535 2517 mann
556 2495 584 2517 ct»
604 2495 648 2524 get
667 2499 701 2518 un
721 2494 761 2518 ein
780 2492 852 2523 mot,

247 2525 321 2551 &ant
341 2527 394 2551 vict
414 2526 464 2551 unb
486 2528 596 2558 monsig
613 2527 641 2559 uf
661 2528 700 2553 ein
720 2528 779 2559 ἕως

245 2560 302 2585 unb
322 2560 359 2586 bie
380 2560 423 2586 bct
443 2560 524 2589 bestcn
544 2564 644 2588 meineri
664 2562 717 2593 fin.

248 2595 322 2621 (bum
346 2595 409 2627 scobs
428 2595 552 2628 mictttnq
573 2597 602 2630 uf
621 2598 660 2623 cin
680 2596 821 2624 Quintan-

862 2633 996 2667 (ffitnnb.)

108 2673 174 2701 100)
194 2672 291 2705 οἴμοι]
318 2674 359 2698 sic
383 2676 547 2706 Ed.1560.;
580 2677 701 2707 Theogn.
729 2677 812 2701 mitt.
836 2678 1029 2703 1561—1581.
1057 2683 1083 2704 et
1110 2671 1111 2674 ’

143 2707 230 2732 Gaisf.
252 2708 287 2732 01
302 2711 369 2741 μοιξς
396 2711 516 2736 Brunck.
537 2712 575 2735 521
593 2719 660 2743 μοις
689 2712 774 2736 Bekk.
794 2714 822 2736 et
836 2713 935 2745 Bergk.
955 2712 987 2738 Ὠ
1007 2723 1064 2746 μοι.
1109 2705 1111 2730 ¹

108 2750 137 2782 Ι)
158 2751 250 2782 Eun-ip.
274 2752 374 2780 Alcest.
390 2753 431 2778 43,

463 98 651 136 LXXVIII.
704 98 998 135 EXPLICATIO
1034 97 1422 135 SENTENTIARUM
1460 97 1770 134 THEOGNIDIS.

711 667 786 702 Nos
804 667 975 701 dicimus:
1005 667 1086 704 {Rev
1113 678 1115 688 ¹

1022 718 1086 753 Est
1113 743 1114 756 2

2082 101 2154 137 166

1138 188 1256 222 bonus
1274 187 1372 221 ducit
1388 199 1537 220 uxorem
1557 198 1599 219 ex
1616 189 1711 220 mala
1735 186 1870 220 familia
1883 185 1913 234 ‚]
1943 187 2075 221 scilicet
2093 201 2154 233 spe

1141 240 1247 275 dotis.
1295 239 1343 273 Et
1360 239 1440 274 talis
1459 239 1566 274 simul
1587 251 1665 272 cum
1685 240 1768 273 dote
1787 239 1885 272 ducit
1902 240 2051 274 domum
2069 253 2155 286 poe-

1141 304 1238 340 nam.
1306 291 1484 326 Iuvenalis
1506 291 1742 338 conqueritur
1767 304 1832 326 suo
1856 292 1974 326 seculo
1997 293 2153 337 primam

1140 344 1247 379 fuisse
1267 344 1517 390 quaestionem
1535 344 1572 377 in
1590 344 1758 388 coniugio
1786 344 1829 376 de
1856 345 1959 386 dote,
1988 345 2154 379 ultimam

1142 398 1186 430 de
1203 397 1384 430 moribus:

1285 456 1415 481 Protinus
1436 457 1471 481 ad
1491 455 1646 489 censum²)‚
1667 457 1701 480 de
1719 456 1845 482 moribus
1866 458 1962 483 ultima
1980 459 2028 484 fiet

1284 501 1418 530 Quaestio
1432 500 1465 530 3).

1245 544 1323 579 Vss.
1344 546 1442 579 1113
1458 558 1536 592 sqq.
1578 543 1788 592 Ἀλλήλυυς.
1831 546 1884 580 De
1914 547 2093 581 insincera
2123 556 2155 582 et

1141 597 1259 630 fucata
1276 597 1550 631 conversatione
1571 598 1664 630 inter
1680 598 1808 632 malos.

1244 648 1379 695 Estque
1400 661 1523 684 versus
1544 650 1691 684 aulicus.
1745 650 1838 684 Nam
1867 650 1904 682 in
1928 650 2019 686 aulis
2046 653 2156 687 usita-

1142 707 1217 733 tum
1239 708 1290 735 est
1309 701 1469 734 arridere
1494 709 1527 735 et
1555 702 1687 735 blande
1713 702 1871 736 salutare
1899 702 2009 744 alios,
2041 711 2075 738 et
2102 705 2157 738 in-

1143 759 1237 786 terea
1256 760 1401 787 strenue
1418 754 1511 786 inter
1528 767 1603 789 sese
1622 755 1788 799 prodere.
1849 754 2077 800 Decipientes
2102 758 2156 791 in—

1113 821 1114 827 *
1141 811 1195 838 ter
1210 817 1246 839 se
1265 812 1392 839 mutuo
1412 806 1551 847 rident,
1586 818 1703 852 neque
1731 807 1913 840 bonorum
1937 820 2054 854 neque
2080 823 2155 843 ma-

1140 857 1260 891 lorum
1286 858 1503 891 memoriam
1528 859 1742 898 retinentes,
1787 858 1822 891 id
1852 865 1923 899 est,
1968 872 2085 907 neque
2120 863 2156 895 in

1140 910 1242 944 laetis
1262 922 1380 956 neque
1398 911 1436 943 in
1456 911 1616 945 adversis
1636 917 1822 956 praestant
1839 923 1875 944 se
1895 911 2027 947 fideles.

1243 970 1321 1006 Vss.
1335 970 1434 1006 1115
1452 985 1504 1018 sq.
1533 969 1735 1019 Χρήμαῢ]
1766 971 1943 1016 Congruit
1960 985 2040 1007 cum
2059 974 2154 1008 dicto

1464 1025 1609 1070 Pauper
1642 1031 1677 1058 et
1707 1024 1805 1058 dives
1836 1021 2003 1059 habitant
2037 1027 2155 1067 simul,

1141 1074 1237 1110 Deus
1253 1076 1336 1109 fecit
1355 1083 1563 1122 utrumque.
1617 1076 1696 1110 Huc
1712 1076 1869 1121 pertinet
1887 1084 1921 1110 et
1938 1090 2075 1113 versus:

1279 1136 1342 1159 Irus
1364 1137 1390 1160 et
1410 1136 1455 1159 est
1477 1136 1586 1166 subito,
1612 1135 1657 1168 qui
1677 1136 1758 1160 modo
1778 1136 1901 1161 croesus
1922 1138 1983 1161 erat
1992 1137 2027 1168 ⁵).

1139 1177 1296 1214 Divitias
1312 1178 1448 1214 babens
1465 1193 1538 1214 non
1564 1181 1759 1226 exprobres
1787 1181 1865 1215 aliis
1893 1189 2157 1226 paupertatem,

1139 1231 1271 1266 scilicet
1292 1233 1375 1279 quia
1398 1233 1534 1266 lubrica
1563 1241 1596 1267 et
1625 1233 1801 1267 instabilis
1828 1239 1879 1267 est
1905 1236 2080 1278 possessio
2106 1244 2157 1271 ta-

1138 1283 1227 1317 lium
1246 1285 1442 1320 bonorum.
1498 1285 1623 1320 Habeo
1651 1298 1735 1319 vero
1762 1284 1899 1331 aliquid
1924 1292 1958 1319 et
1981 1288 2078 1322 aliud
2101 1301 2158 1323 ac-

1140 1336 1283 1380 quiram
1316 1338 1540 1380 laborando,
1586 1338 1693 1373 simul
1727 1336 1824 1371 Deos
1856 1338 2030 1375 invocans
2059 1341 2156 1376 iuxta

1139 1387 1246 1422 illud:
1277 1388 1353 1423 Ora
1372 1396 1405 1424 et
1424 1390 1562 1426 labora.

1243 1448 1321 1483 Yss.
1342 1451 1443 1484 1117
1459 1463 1512 1496 sq.
1547 1450 1719 1500 Πλοῦτε]
1749 1450 1978 1486 Collaudatio
2003 1455 2155 1498 opulen-

1138 1499 1221 1535 tiae.
1277 1501 1334 1535 Sic
1350 1503 1445 1536 enim
1472 1502 1608 1537 iudicat
1631 1504 1725 1538 ratio
1751 1510 1811 1538 aut
1834 1504 1955 1548 potius
1979 1506 2156 1551 cupidita-

1139 1559 1190 1587 tes
1213 1551 1409 1589 humanae.
1466 1554 1686 1600 Opulenfia,
1720 1553 1964 1602 pulcherrime
1991 1557 2156 1593 Deorum

1139 1611 1174 1638 et
1197 1607 1361 1641 omnium
1389 1608 1705 1643 desideratissime.
1773 1608 1908 1643 Tecum
1943 1622 2015 1644 una
2047 1611 2156 1645 etiam

1139 1658 1255 1693 malus
1288 1659 1442 1694 existens
1474 1661 1530 1694 vir
1551 1662 1760 1706 praeclarus
1795 1662 1861 1701 fio,
1905 1662 2039 1697 scilicet
2066 1665 2157 1698 sicut

1138 1711 1266 1756 vulgus
1282 1712 1431 1747 iudicat.
1485 1712 1578 1746 Hinc
1596 1720 1680 1748 sunt
1699 1713 1759 1746 illa
1779 1713 1891 1746 dicta:

1279 1772 1315 1796 Et
1334 1778 1422 1803 genus
1443 1773 1471 1797 et
1491 1772 1610 1798 formam
1628 1772 1729 1805 regina
1747 1773 1865 1804 pecunia
1884 1773 1969 1800 donat
1989 1774 2082 1806 θεοῦ).

1138 1814 1244 1850 Item:

1280 1877 1419 1906 Quantum
1438 1876 1555 1909 quisque
1573 1883 1625 1902 sua
1643 1883 1816 1902 nummorum
1835 1876 1962 1908 possidet
1981 1883 2063 1909 arca,

1279 1920 1397 1946 Tantum
1416 1921 1499 1945 habet
1519 1922 1547 1945 et
1566 1920 1631 1945 fidei
1641 1919 1676 1953 ⁷).

1243 1964 1321 1998 Vss.
1348 1966 1514 2000 1119—
1534 1967 1645 2002 1122.
1681 1963 1822 2014 Ἳίβης]
1851 1966 1986 1999 Votum
2023 1978 2153 2000 conve-

1138 2015 1241 2050 niens
1258 2014 1401 2050 homini
1419 2030 1507 2051 sano
1527 2025 1559 2051 et
1576 2031 1650 2052 non
1669 2017 1843 2051 iudicanti
1859 2019 2057 2053 secundum
2078 2020 2153 2053 vul-

1138 2081 1214 2113 gus.
1269 2068 1418 2102 Utinam
1437 2067 1589 2103 habeam
1610 2070 1767 2115 spatium
1784 2070 2000 2112 iuventutis,
2028 2071 2065 2105 id
2089 2078 2153 2111 est,

1137 2121 1205 2155 sim
1237 2120 1343 2154 firmo
1376 2133 1528 2166 corpore
1560 2129 1594 2156 et
1627 2122 1853 2164 valetudine,
1896 2130 1931 2156 et
1964 2130 2062 2157 amet
2094 2136 2152 2157 me

1137 2170 1306 2207 Phoebus
1324 2174 1458 2219 Apollo
1470 2201 1479 2214 ,
1509 2174 1545 2208 id
1561 2181 1632 2216 est,
1660 2181 1700 2208 ut
1719 2175 1785 2208 sim
1802 2175 1986 2220 praeditus
2004 2175 2150 2220 ingenio

1138 2231 1172 2258 et
1196 2226 1381 2266 doctrina,
1417 2232 1451 2260 et
1474 2224 1627 2260 habeam
1645 2226 1762 2260 Deum
1787 2228 2000 2273 propitium.
2056 2227 2153 2262 Haec

1137 2284 1221 2312 sunt
1235 2291 1376 2312 summa
1393 2279 1510 2319 dona,
1540 2279 1670 2326 quibus
1692 2292 1769 2313 non
1793 2279 1900 2313 video
1925 2280 2013 2326 quid
2038 2280 2152 2325 possit

1137 2328 1280 2363 homini
1302 2331 1547 2375 praestantius
1565 2332 1643 2365 dari
1661 2344 1680 2366 a
1700 2332 1799 2373 Deo,
1829 2339 1869 2366 ut
1892 2332 2012 2366 vivam
2038 2332 2150 2366 vitam

1171 2468 1203 2497 2)
1222 2469 1259 2493 ad
1278 2468 1418 2497 censum]
1438 2467 1487 2492 Ed.
1505 2468 1580 2492 1560.
1599 2470 1746 2500 corrupte:
1771 2473 1919 2493 accensum
1938 2468 1989 2491 etc.

1172 2513 1204 2541 3)
1223 2513 1317 2536 iuven.
1336 2513 1397 2537 Sat.
1415 2511 1442 2543 3,
1465 2511 1515 2536 140
1528 2518 1570 2542 sq.

1172 2555 1202 2587 4)
1221 2556 1304 2580 Prov.
1320 2555 1365 2585 22,
1384 2554 1409 2578 2.

1171 2601 1203 2627 5)
1223 2599 1301 2623 Ovid.
1323 2598 1407 2624 Trist.
1425 2599 1470 2629 ΠΙ,
1490 2599 1517 2628 7,
1537 2599 1579 2623 42.

1171 2644 1201 2673 6)
1224 2644 1319 2666 Horat.
1341 2642 1427 2673 Epist.
1446 2643 1469 2671 l,
1489 2643 1514 2673 6,
1535 2642 1579 2666 37.

1172 2689 1204 2714 7)
1226 2688 1318 2710 luvcn.
1331 2688 1388 2709 sat.
1405 2686 1431 2715 3,
1455 2686 1502 2709 143
1519 2693 1577 2716 sq.,
1598 2685 1642 2708 ubi
1657 2686 1747 2709 autem
1763 2690 1812 2714 pro
1825 2684 1955 2715 possidet
1969 2690 2058 2715 arca,
2078 2691 2147 2715 quae

1208 2721 1234 2744 in
1260 2722 1309 2745 Eu.
1330 2721 1404 2746 1560.
1433 2721 1578 2752 teguntur,
1612 2720 1658 2744 Ed.
1686 2720 1800 2750 Rupert.
1831 2719 1954 2743 exhibet:
1990 2721 2090 2744 servat
2116 2720 2146 2744 ἰη

1207 2763 1288 2781 arca.

1536 2792 1552 2824 1
1563 2792 1578 2823 1
1603 2788 1622 2804 '¹‘
