2341 2973
179 85 254 121 223

181 170 370 216 purpureis
393 169 507 203 fasciis
531 175 635 202 nocte
659 169 828 203 facientes
853 170 939 209 iter,
975 175 1009 202 et
1026 167 1176 202 Chironi

181 235 236 255 me
256 223 431 254 dederunt
449 221 630 254 alendum.
685 221 776 265 (Str.
794 221 846 266 6.)
877 221 1088 264 Cognoscite
1114 233 1175 255 au-

179 281 249 306 tem
276 284 452 306 summam
481 270 609 305 horum
643 284 870 313 sermonum,
915 271 1037 317 inclyti
1069 272 1174 312 cives,

179 330 368 369 parentum
399 335 562 356 meorum
594 324 720 356 domos
752 322 843 356 mihi
876 324 981 368 plane
1007 323 1173 358 indicate.

177 375 328 409 Aesonis
356 375 450 407 enim
482 375 573 407 filius
606 374 794 418 indigena,
832 387 905 408 non
938 375 983 407 ad
1019 375 1172 408 alienam

178 434 309 459 terram
327 426 421 460 veni.
474 426 672 460 Centaurus
690 438 746 458 me
765 425 907 460 divinus
925 424 1086 459 Iasonem
1109 439 1173 460 no-

177 478 341 511 minavit.

281 529 338 562 Sic
372 528 433 561 ait.
503 528 607 560 Hunc
642 528 896 571 procedentem
930 529 1043 573 patris
1079 529 1172 562 oculi

177 586 421 624 agnoverunt,
465 591 506 611 ex
538 579 636 611 cuius
659 579 828 613 senilibus
851 579 1032 624 palpebris
1059 581 1172 626 lacry-

175 644 256 664 mae
272 631 515 669 stillaverunt,
545 630 628 675 quia
656 630 692 662 in
719 631 840 663 animo
864 632 1083 671 laetabatur,
1120 632 1171 664 vi-

177 684 262 716 dens
282 679 560 727 pulcherrimam
581 682 754 716 sobolem.

279 734 378 777 (Ant.
397 733 449 777 6.)
481 731 665 765 Venerunt
684 740 717 766 et
736 734 842 766 ambo
862 734 990 767 fratres
1007 733 1170 773 Aesonis,
1196 741 1197 752 ¹

176 785 297 818 audita
316 786 409 816 fama
427 784 520 817 eius:
558 781 690 817 Pheres
714 785 840 818 relicto
866 786 964 818 fonte
989 785 1170 830 Hypereo,

176 843 209 869 et
232 833 439 880 Amythaon
474 847 515 868 ex
546 835 722 869 Messana.
792 836 899 869 Venit
933 842 966 869 et
995 837 1170 870 Admetus

174 886 336 921 Pheretis
363 887 475 926 filius,
518 893 552 919 et
578 887 779 931 Melampus
802 885 1041 932 Amythaonis
1065 888 1169 927 filius,
1195 894 1197 898 ’

762 82 886 118 PHIL.
922 81 1035 118 MEL.
1071 81 1275 118 SCRIPTA
1308 81 1648 121 PHILOLOGICA.

174 939 393 982 gratulantes
411 937 512 970 fratri
530 939 700 981 patrueli:
731 952 820 984 quos
845 940 879 971 in
898 939 1064 971 convivio
1089 951 1169 972 sna-

174 990 276 1023 vibus
296 989 521 1023 sermonibus
539 990 674 1033 excepit
694 988 818 1030 Iason,
845 988 1036 1034 hospitalia
1054 989 1168 1022 officia
1196 1017 1197 1021 ,

174 1048 378 1086 praestans,
407 1047 440 1073 et
458 1041 494 1072 in
512 1038 730 1073 hilaritatem
749 1043 892 1080 ducens,
919 1041 1078 1086 quinque
1097 1041 1170 1074 ‹lie-
1195 1067 1197 1087 Ι

174 1094 239 1126 bus
258 1094 450 1136 decerpens
474 1091 598 1124 florem
627 1092 795 1125 laetitiae.
840 1092 930 1137 ³(Ep.
949 1092 1001 1137 6.)
1031 1092 1168 1125 Verum
1195 1092 1197 1119 Ὗ

172 1150 269 1178 sexta
301 1144 357 1176 die
389 1143 579 1187 proposuit
606 1143 736 1177 serium
762 1156 964 1176 sermonem
998 1143 1169 1187 cognatis,
1195 1150 1197 1178 Ξ

175 1195 235 1241 qui
255 1207 334 1228 eum
354 1195 613 1239 sequebantur;
643 1195 705 1240 qui
723 1207 800 1228 cum
820 1195 1055 1229 surrexissent
1071 1207 1089 1227 a
1117 1207 1170 1229 se-

174 1247 297 1285 dibus,
326 1245 472 1289 ingressi
491 1246 639 1279 domum
657 1246 776 1279 Peliae
789 1272 797 1286 ,
826 1247 874 1279 ibi
892 1253 1077 1280 steterunt.

279 1297 353 1330 Hos
368 1297 516 1330 audiens
535 1297 671 1338 Pelias,
699 1298 871 1341 processit
889 1298 1044 1331 obviam.
1087 1297 1168 1330 Pla·
1194 1253 1197 1323 l

1195 1350 1196 1364 l

1195 1391 1197 1413 ι

175 1349 292 1382 cidum
313 1354 431 1381 autem
450 1360 652 1381 sermonem
673 1349 829 1389 stillans,
859 1349 940 1382 iecit
954 1350 1169 1382 fundamen-

174 1407 249 1433 tum
269 1400 469 1444 sapientum
487 1411 708 1434 sermonum.
764 1400 854 1444 (Str.
872 1401 923 1445 7.)
947 1401 1038 1433 Sunt
1054 1398 1170 1433 homi-

175 1464 260 1484 num
286 1458 423 1484 mentes
447 1451 643 1485 velociores
673 1452 716 1484 ad
748 1452 969 1485 laudandum
1003 1452 1168 1484 dolosum

175 1503 312 1536 lucrum
330 1514 417 1546 prae
435 1502 590 1543 iustitia,
624 1503 826 1546 repentium
854 1509 973 1536 tamen
999 1504 1044 1536 ad
1069 1515 1170 1547 aspe-

173 1566 254 1587 rum
272 1560 351 1597 post
367 1554 494 1587 festum
506 1553 549 1599 ⁹).
603 1554 672 1588 Sed
693 1561 727 1587 et
742 1566 797 1587 me
817 1560 852 1587 et
867 1561 899 1587 te
925 1560 1068 1599 oportet
1094 1566 1170 1586 mo-
1195 1568 1197 1599 ¹]

174 1607 340 1638 derantes
372 1605 480 1644 iram,
521 1605 700 1651 reliquum
734 1606 828 1639 vitae
861 1605 1010 1639 feliciter
1040 1613 1169 1639 texere.
1196 1613 1197 1618 ¹

174 1657 271 1689 Haec
293 1655 357 1689 tibi
381 1656 505 1689 scienti
530 1657 622 1691 dico.

176 1705 329 1741 Cretheo
356 1713 389 1740 et
413 1707 618 1741 Salmoneo.
686 1708 760 1742 Nos
792 1720 876 1741 vero
905 1709 949 1741 ab
972 1708 1041 1742 illis
1066 1708 1169 1740 tertia

176 1759 405 1803 generatione
424 1759 513 1800 orti,
541 1760 625 1793 solis
649 1759 770 1792 lumen
795 1760 968 1793 videmus.
1023 1760 1171 1793 Abesset
1196 1754 1197 1773 ³

175 1816 294 1843 autem
314 1810 481 1850 felicitas,
507 1811 535 1844 si
555 1811 649 1856 quod
668 1812 790 1843 odium
810 1818 899 1845 esset
923 1811 1017 1844 inter
1041 1824 1169 1855 cogna-

176 1868 231 1895 tos
256 1861 330 1894 sine
358 1863 507 1905 pudore.
571 1864 672 1906 (Ant.
691 1862 743 1907 7.)
771 1862 854 1896 ¹Non
882 1864 982 1895 decet
1008 1875 1073 1896 nos
1098 1864 1171 1907 gla-
1196 1864 1197 1877 ³

175 1913 242 1945 diis
261 1913 551 1953 vulnerantibus,
579 1926 695 1959 neque
714 1914 849 1957 sagittis
874 1913 1092 1958 patrimonia
1119 1914 1171 1947 di-

176 1964 309 1996 videre.
350 1963 529 2010 l'telinquo
545 1965 609 1998 tibi
628 1966 792 2009 pecudes,
819 1972 852 1999 et
868 1967 977 1999 boum
995 1972 1171 2006 armenta,
1196 2008 1198 2011 .

176 2021 210 2047 et
227 2027 342 2058 agros,
371 2028 459 2059 quos
479 2017 652 2050 abstulisti
674 2017 760 2050 meis
778 2018 998 2061 parentibus,
1027 2024 1061 2051 et
1077 2018 1172 2050 frue-

176 2066 225 2099 ris
257 2066 327 2105 eis,
369 2067 509 2101 divitias
545 2068 742 2102 cumulans.
813 2069 885 2103 Nec
918 2081 974 2101 me
1009 2069 1170 2102 cruciant

175 2115 282 2156 haec,
310 2123 407 2149 tuam
432 2119 578 2152 domum
605 2119 785 2163 augentia.
838 2120 905 2154 Sed
929 2127 1109 2164 sceptrum
1138 2126 1173 2152 et

176 2166 347 2208 thronus,
384 2169 437 2201 cui
462 2169 618 2204 insidens
637 2171 721 2203 olim
742 2171 881 2211 Aeson,
907 2170 1051 2204 Crethei
1067 2171 1172 2210 filius,
1198 2190 1199 2194 =

176 2220 285 2252 dabat
301 2220 376 2252 iura
396 2221 549 2265 equestri
562 2222 606 2267 ¹⁰)
626 2223 779 2266 populo;
809 2221 896 2256 haec
913 2223 1042 2256 solvito
1068 2223 1172 2255 nobis

175 2271 252 2304 sine
279 2272 462 2304 communi
487 2273 632 2312 dolore,
674 2276 752 2317 (Ep.
768 2273 819 2321 7.)
850 2287 894 2307 ne
919 2275 1015 2320 quod
1036 2275 1170 2307 malum

176 2323 259 2355 inde
287 2322 425 2355 excites.

279 2374 335 2406 Sic
368 2374 455 2407 dixit
481 2372 598 2407 Iason.
660 2375 803 2409 Placide
837 2383 956 2410 autem
988 2378 1199 2423 respondit]

1198 2426 1199 2440 l

176 2424 311 2458 Pelias:
346 2424 419 2458 Ero
438 2425 538 2465 talis,
575 2428 635 2459 sed
662 2426 730 2459 iam
758 2439 813 2460 me
837 2436 998 2463 senectus
1023 2430 1172 2462 circum-
1198 2443 1199 2447 ¹

1198 2477 1199 2494 l

691 1656 770 1689 Una
807 1658 935 1690 bucula
961 1664 1076 1690 mater
1103 1657 1170 1690 suit
1196 1659 1197 1696 ξ

212 2541 242 2574 9)
264 2544 327 2572 post
353 2541 464 2574 festum]
494 2543 535 2567 sic
562 2544 611 2569 Ed.
629 2544 701 2567 ¹558.
728 2543 822 2572 (Pind.
842 2542 990 2578 enisam„
1027 2547 1075 2570 Ed.
1098 2547 1172 2571 156³.

246 2578 310 2606 post
331 2577 425 2600 satum.
1197 2582 1199 2619 j

214 2630 261 2656 10)
283 2629 341 2653 iura
361 2630 483 2659 equestri
507 2629 618 2663 populo]
640 2630 681 2654 sic
696 2632 742 2655 Ed.
760 2632 833 2655 1558.
854 2633 901 2660 [Η.
917 2634 1019 2663 steph..
1040 2636 1171 2659 noecktm
1198 2623 1199 2630 ἵ

248 2665 424 2692 equestribus
445 2667 553 2694 populis
574 2667 633 2690 iura
652 2675 686 2688 z
706 2666 781 2690 Pind.
808 2665 939 2694 ἱππόταις
964 2668 1041 2696 λαοῖς
1066 2668 1172 2699 domn:
1198 2692 1199 2695 ,

247 2699 297 2721 Ed.
317 2699 390 2722 156³.
411 2700 497 2723 male:
527 2701 585 2723 iura
605 2702 745 2731 equestria
765 2702 873 2731 populo.

1195 1451 1197 1457 ·
1221 1435 1425 1468 Pancaeum
1438 1461 1447 1473 ,

1198 2326 1459 2370 ,spirationem
1496 2324 1618 2357 sistere
1654 2331 1859 2369 coeperant.

1197 2504 1199 2517 2
1225 2481 1285 2513 bat
1303 2480 1487 2513 indefessa.

2152 85 2229 122 224

1228 171 1309 210 dat,
1337 169 1401 202 tibi
1424 182 1509 203 vero
1533 170 1598 205 flos
1620 171 1818 215 pubertatis
1843 176 1972 215 turget.
2033 171 2139 205 Potes
2164 183 2228 206 au-

1228 228 1299 255 tem
1319 222 1458 254 auferre
1475 221 1565 255 iram
1585 224 1807 257 terrestrium
1835 224 2067 258 daemonum.
2125 221 2227 257 Iubet

1228 273 1322 306 enim
1341 271 1495 306 Phrixus
1512 273 1668 306 animam
1689 287 1790 308 suam
1810 274 1932 307 reduci
1948 286 2013 318 per
2030 286 2114 315 vos,
2141 286 2227 318 pro-

1227 324 1420 358 ficiscentes
1445 325 1488 356 ad
1506 323 1637 358 Aeetae
1655 323 1851 359 thalamos:
1889 332 1923 358 et
1945 325 2075 369 pellem
2103 325 2225 360 arietis

1227 374 1424 415 advehere,
1460 375 1522 420 qui
1547 388 1588 408 ex
1610 376 1728 409 Ponto
1755 382 1914 411 servatus
1939 382 1991 410 est
2014 376 2106 421 (Str.
2123 376 2175 422 8.)
2204 388 2225 410 a

1225 439 1402 461 novercae
1420 426 1540 470 impiis
1557 427 1645 462 telis.
1698 427 1795 461 Haec
1821 426 1911 461 mihi
1935 427 2070 472 species
2091 427 2225 461 somnii

1226 478 1392 523 imperat.
1461 476 1683 521 Interrogavi
1716 486 1833 513 autem
1863 479 2048 512 oraculum
2073 476 2225 523 Delphi-

1226 542 1327 570 cum,
1354 542 1400 563 an
1419 529 1477 562 illa
1506 541 1562 563 res
1587 530 1749 573 indagari
1776 531 1898 574 possit.
1948 531 1995 563 At
2011 530 2142 575 Apollo
2168 542 2223 563 ce-

1225 582 1369 615 lerrime
1393 587 1427 613 te
1448 580 1547 614 iubet
1581 581 1703 614 navim
1738 582 1914 615 fabricare
1950 583 1994 614 ad
2027 582 2225 626 prosectio-

1224 645 1319 667 nem.
1388 632 1465 665 Hoc
1489 638 1670 665 certamen
1693 633 1917 666 voluntarius
1943 633 2109 678 suscipio.
2170 633 2223 666 Ac

1196 710 1198 715 ,
1224 684 1324 724 iuro,
1351 696 1408 717 me
1427 695 1676 718 concessurum
1695 696 1788 724 esse,
1816 690 1856 717 ut
1877 685 1974 717 solus
1995 696 2147 728 regnum
2172 690 2223 717 te-

1223 748 1320 770 neas.
1390 734 1543 779 Iupiter,
1579 741 1685 768 autor
1710 735 1849 779 generis
1868 735 2005 775 nostri,
2041 732 2139 769 testis
2164 735 2222 775 sit,

1196 827 1197 831 ¹
1222 785 1291 820 hoc
1307 788 1549 820 iuramentum
1571 794 1689 820 ratum
1708 788 1797 821 fore.

1326 854 1427 887 Hanc
1443 854 1645 899 pactionem
1672 861 1797 888 mutuo
1824 866 1993 889 concessu
2017 854 2222 899 approban-

1222 913 1273 940 tes
1291 907 1540 940 discesserunt.
1589 905 1676 939 Mox
1691 905 1795 940 Iason
1814 905 1915 951 (Ant.
1935 906 1987 953 8.)
2003 905 2100 940 misit
2119 918 2222 951 prae-

1196 988 1197 996 ,
1223 970 1348 997 eones,
1376 963 1415 990 ut
1431 957 1563 1002 ubique
1579 957 1834 990 denuntiarent
1854 957 2052 991 institutam
2074 957 2221 1001 naviga-

1223 1009 1374 1043 tionem.
1441 1008 1520 1041 Cito
1558 1008 1666 1052 igitur
1700 1015 1770 1042 tres
1805 1009 1867 1042 filii
1903 1007 1997 1042 Iovis
2032 1015 2221 1049 venerunt,

1222 1060 1411 1099 Hercules,
1459 1059 1586 1092 Castor
1623 1066 1657 1092 et
1687 1060 1833 1093 Pollux:
1885 1066 1919 1092 et
1951 1059 2015 1093 filii
2047 1059 2220 1104 Neptuni,

1223 1124 1313 1157 quos
1330 1111 1486 1156 pudebat
1500 1122 1575 1143 non
1594 1111 1716 1143 venire
1734 1117 1883 1155 propter
1904 1111 2035 1152 robur,
2063 1111 2222 1156 Pericly-

1196 1192 1197 1197 ,
1223 1175 1349 1196 menus
1367 1174 1407 1195 ex
1418 1162 1521 1207 Pylo,
1543 1159 1752 1206 Euphemus
1771 1175 1812 1195 ex
1823 1162 2012 1203 Taenaro,
2039 1159 2219 1207 Orpheus,

1221 1213 1400 1259 Apollinis
1417 1213 1523 1247 filius.

1327 1281 1407 1326 (Ep.
1427 1280 1478 1325 8.)
1505 1279 1606 1314 Misit
1623 1285 1657 1313 et
1672 1280 1894 1320 Mercurius,
1925 1286 2050 1314 tenens
2069 1292 2220 1314 aureum

1223 1333 1439 1371 caduceum,
1467 1332 1629 1375 geminos
1653 1332 1744 1365 filios
1771 1333 1816 1365 ad
1842 1343 2015 1375 magnum
2037 1332 2218 1365 laborem:

1223 1384 1285 1429 qui
1320 1383 1526 1417 deliciantes
1560 1382 1770 1427 pubertate,
1819 1388 1852 1416 et
1887 1380 2091 1417 habitantes
2126 1383 2219 1416 circa

1492 1434 1562 1466 cito
1596 1440 1783 1467 venerunt.
1852 1433 1961 1467 Pater
1983 1433 2121 1468 Boreas
2150 1434 2220 1467 cito

1223 1486 1379 1519 armavit
1395 1485 1504 1519 Zeten
1523 1491 1556 1518 et
1573 1483 1718 1526 Calain,
1745 1483 1932 1519 horrentes
1949 1486 2141 1530 purpureis
2157 1486 2221 1520 alis

1223 1538 1261 1571 in
1280 1544 1393 1582 terge.

1325 1596 1414 1630 Iuno
1433 1608 1519 1629 vero
1538 1596 1575 1629 in
1595 1596 1762 1631 omnibus
1778 1594 1948 1631 heroibus
1974 1597 2136 1630 accendit
2160 1597 2221 1630 de-

1196 1649 1197 1653 ’
1223 1648 1395 1682 siderium
1423 1647 1514 1693 (Str.
1534 1647 1587 1694 9.)
1610 1648 1731 1688 navis,
1768 1660 1812 1681 ne
1842 1648 1922 1694 quis
1946 1649 2042 1692 apud
2065 1654 2218 1681 matrem

1196 1722 1197 1728 η
1223 1700 1366 1733 relictus
1384 1705 1565 1739 maneret,
1593 1711 1750 1744 coquens
1769 1706 1920 1733 aetatem
1939 1700 2015 1733 sine
2038 1699 2219 1745 periculo;

1223 1753 1285 1786 sed
1304 1752 1409 1785 vellet
1427 1751 1589 1783 invenire
1607 1750 1750 1784 virtutis
1765 1749 2000 1796 pharmacum
2018 1757 2101 1796 post
2124 1762 2221 1784 mor·

1223 1810 1294 1836 tem
1313 1815 1392 1836 cum
1413 1802 1528 1836 sociis.

1326 1863 1525 1908 Postquam
1554 1862 1663 1906 igitur
1687 1862 1724 1894 in
1749 1860 1883 1895 Iolcum
1908 1862 2074 1906 pervenit
2092 1869 2221 1896 nauta-

1223 1926 1303 1948 rum
1322 1914 1406 1954 flos,
1433 1913 1538 1948 lason
1558 1925 1681 1947 omnes
1697 1913 1849 1946 laudans
1870 1913 2058 1948 recensuit.
2112 1913 2221 1948 Vates

1224 1978 1311 1999 vero
1330 1966 1478 2010 Mopsus
1498 1965 1690 1998 exercitum
1711 1964 1899 1997 collocavit
1921 1964 1959 1997 in
1982 1965 2125 2005 navim,
2158 1977 2222 1999 au-

1224 2017 1335 2061 guriis
1359 2023 1393 2050 et
1415 2016 1583 2050 sortibus.
1647 2015 1800 2049 Ancoris
1825 2022 1944 2049 autem
1969 2017 2148 2061 suspensis
2175 2017 2221 2050 ad

1224 2075 1402 2107 rostrum,
1444 2066 1543 2113 (Ant.
1561 2066 1613 2111 9.)
1641 2067 1712 2099 dux
1735 2073 1876 2111 accepta
1903 2065 2023 2112 phiala
2047 2069 2085 2101 in
2107 2068 2221 2112 puppi

1225 2119 1417 2152 invocabat
1439 2118 1561 2151 lovem
1586 2124 1619 2150 et
1646 2124 1792 2158 ventos,
1828 2125 1861 2151 et
1885 2125 2026 2160 noctes,
2059 2125 2095 2153 et
2118 2119 2223 2164 ponti

1225 2171 1319 2211 vias,
1347 2177 1381 2204 et
1397 2171 1508 2203 laetos
1525 2169 1599 2202 dies
1616 2175 1650 2201 et
1670 2170 1808 2202 felicem
1826 2170 1995 2205 reditum.
2047 2170 2101 2204 Ex
2117 2171 2223 2205 nubi-

1198 2237 1199 2243 *
1224 2223 1289 2256 bus
1308 2234 1394 2255 vero
1410 2220 1531 2255 sonuit
1546 2222 1699 2254 faustum
1719 2222 1876 2262 tonitru,
1904 2228 2081 2256 venerunt
2105 2228 2140 2256 et
2161 2234 2222 2256 ra-

1506 2271 1642 2307 Heroes
1663 2285 1747 2306 vero
1765 2273 1855 2307 moti
1872 2274 1980 2319 signis
1998 2274 2141 2313 divinis,
2167 2286 2223 2307 re-

1927 2326 2007 2371 (Ep.
2032 2325 2084 2370 9.)
2114 2324 2222 2359 Vates

1226 2383 1343 2410 autem
1358 2376 1402 2423 ¹¹)
1427 2376 1659 2420 praeconium
1686 2377 1787 2417 fecit,
1822 2383 1862 2410 ut
1885 2389 2004 2410 remos
2031 2376 2222 2420 agitarent,

1226 2429 1345 2462 dulces
1361 2440 1440 2472 spes
1465 2427 1637 2462 indicans.
1691 2427 1895 2472 Remigatio
1920 2428 2029 2473 igitur
2050 2429 2221 2472 procede-

1544 2479 1705 2525 Cumque
1723 2479 1844 2513 Austri
1868 2479 1954 2513 flatu
1979 2486 2222 2524 pervenerunt

1226 2532 1270 2564 ad
1297 2532 1427 2565 ostium
1451 2531 1553 2575 ponti
1568 2530 1719 2565 Euxini:
1754 2531 1804 2564 ibi
1827 2531 1996 2575 Neptuno
2024 2531 2222 2566 fundarunt

1225 2274 1275 2307 dii
1292 2274 1451 2317 fulguris.

1265 2664 1310 2695 11)
1333 2667 1437 2694 autern]
1465 2666 1505 2689 sic
1533 2666 1630 2696 scripsi
1651 2668 1699 2695 (Ξ
1718 2666 1795 2690 Pina.
1817 2662 1877 2695 δ’);

1298 2701 1395 2723 mendo
1415 2703 1543 2731 typogr.:
1571 2704 1668 2725 artem.

1916 2666 2000 2692 καίει.
2023 2667 2115 2698 1558.,
2145 2666 2220 2691 ¹563.
