2421 3005
73 124 149 162 249
509 118 693 154 LXXXlll.

75 212 196 245 virum
213 208 368 242 amicum
382 235 390 248 ‚
419 209 552 242 ducens
573 207 615 240 ad
636 219 715 240 eum
737 219 800 241 ceu
819 219 935 253 aquae
958 205 1086 240 fluxus.

75 264 173 297 Haec
189 261 296 295 bonis
316 260 402 294 viris
420 273 555 294 merces
574 265 779 305 opportuna
803 265 865 293 est.
920 257 1014 306 (Str.
1033 257 1086 304 4.)

75 315 197 359 Prope
220 313 374 347 existens
398 311 585 353 Achaeus,
619 310 788 347 habitans
816 311 910 346 ultra
940 309 1084 345 ionium

748 116 1151 154 lNTERPRETATlo
1187 119 1470 155 NEMEORUM
1507 119 1716 155 Pux‘DARI.

2071 123 2147 161 250

1140 219 1287 253 norem,
1315 221 1421 254 quem
1439 214 1473 242 et
1488 220 1584 242 nunc
1603 206 1756 247 habent3
1787 216 1820 242 et
1845 207 2002 244 habeant
2023 217 2146 255 postea

1141 259 1339 301 maiorem,
1366 261 1439 294 imo
1457 267 1590 294 crescat
1608 261 1668 294 eis.
1722 260 1918 307 Nunquam
1940 275 2027 296 vero
2052 263 2148 297 dicet

1142 323 1204 345 cnr
1232 324 1357 347 *meum
1390 313 1558 358 indignos
1591 325 1778 347 sermones
1818 316 1860 347 de
1891 314 2147 359 Neoptolemo.

77 378 200 406 mare,
228 377 303 398 non
319 363 561 410 reprehendet
577 377 653 402 me;
689 378 773 398 nam
793 371 827 398 et
843 362 1002 409 hospites
1021 361 1087 397 ho·
1112 377 1115 393 ¹
1141 363 1278 398 Eadem
1306 372 1360 398 ter
1385 372 1447 399 aut
1474 372 1602 412 quater
1633 366 1820 398 revolvere
1852 367 2043 400 molestum
2077 373 2147 402 est:

78 430 168 452 nore
186 417 324 457 afficio,
353 424 387 450 et
402 417 517 451 laetus
534 417 694 461 adspicio
719 418 832 457 cives,
866 428 941 449 non
961 428 1086 460 super-

77 471 163 511 bus,
191 481 382 503 removens
402 481 420 502 a
438 482 495 503 me
520 469 700 507 violenta;
737 470 882 502 accedat
907 475 1026 501 autem
1039 467 1086 515 l³)
1114 482 1116 518 g

77 523 171 556 laeta
195 527 292 555 aetas
307 521 460 567 reliqua.
516 521 623 554 Dicat
644 522 794 567 aliquis,
825 522 854 554 si
873 520 953 567 quis
972 520 1087 560 novit,
1114 540 1115 551 1

79 587 126 608 an
154 573 370 607 inconcinne
394 574 458 607 ulli
485 573 698 607 maledicum
730 585 933 607 sermonem
960 572 1089 605 attule-

79 626 169 660 rim:
212 625 315 666 iuro,
355 638 412 658 me
439 638 514 659 non
542 637 872 670 progressumesse
895 625 988 658 ultra
1015 636 1088 657 me-
1114 651 1115 654 ,

79 685 167 718 tam,
194 689 261 711 nec
279 677 420 712 novisse
430 677 475 723 ¹⁴)
495 678 644 710 celerem
664 677 838 721 linguam,
867 689 930 710 ceu
940 676 987 723 15)
1006 688 1088 709 acu-

79 736 153 764 tam
171 729 336 774 sagittam
357 730 469 770 dete,
514 728 614 775 (Ant.
634 728 686 775 4.)
717 729 778 775 qui
803 728 957 762 eduxisti
976 726 1088 761 cervi·
1114 741 1116 743 ¹

80 794 156 816 cem
175 781 253 816 sine
270 782 401 815 sudore
419 794 461 815 ex
484 782 761 822 certaminibus,
796 781 1009 826 priusquam
1032 791 1088 814 so-
1114 792 1117 820 l

778 832 855 867 Etsi
879 833 984 866 labor
1012 843 1089 865 non
1115 841 1117 865 ι

79 834 123 868 lis
147 835 316 867 ardorem
341 834 503 867 membra
529 833 714 867 sentirent.

81 892 134 920 est
154 885 296 926 suavis,
324 892 446 919 tamen
469 885 620 918 victoria
646 892 697 919 est
722 885 846 919 dulcis.
909 884 995 918 Sine
1019 895 1089 923 me,

79 937 110 973 si
136 937 224 984 quid
249 937 356 971 altius
376 949 486 978 sono,
522 937 650 970 victori
675 944 818 982 gratum
843 937 979 975 facere;
1014 947 1090 969 non

82 990 177 1024 enim
196 989 331 1024 invitus
349 989 502 1023 victores
519 989 672 1023 celebro.
1115 1012 1117 1026 1

185 1048 305 1095 Incipe
339 1049 443 1085 Musa
478 1057 621 1084 nectere
653 1061 824 1083 coronas:

82 1114 230 1143 aurum,
259 1115 339 1143 aes,
367 1109 402 1135 et
420 1104 530 1143 ebur,
557 1109 592 1135 et
608 1102 734 1134 florem
752 1102 948 1145 decerpens
975 1100 1090 1133 coral-
1116 1097 1117 1130 j

80 1154 133 1189 lii.

82 1207 222 1251 placide
240 1208 405 1251 proferas
423 1206 544 1240 varios
561 1203 729 1250 hymnos.

83 1271 126 1292 eo
143 1259 221 1292 solo
237 1259 418 1292 celebrare
436 1270 522 1291 voce
549 1269 662 1291 sacra.

82 1316 224 1355 patrem
253 1322 328 1344 esse
354 1309 483 1349 Aeaei,
532 1308 624 1354 (Str.
651 1306 704 1354 5.)
734 1308 796 1353 qui
824 1319 925 1340 meae
950 1307 1091 1351 patriae

83 1362 230 1396 adiutor
247 1367 318 1401 est,
346 1373 367 1394 o
386 1361 576 1399 Hercules;
612 1367 694 1394 tuus
723 1366 843 1393 autem
868 1358 1024 1399 amicus,
1057 1365 1093 1392 et
1118 1380 1120 1382 v

82 1414 213 1455 frater,
255 1419 290 1447 et
311 1410 453 1458 hospes.
524 1411 614 1446 Cum
647 1409 758 1445 homo
794 1409 936 1444 homini
964 1410 1092 1456 prosit,

84 1465 171 1512 quid
187 1465 348 1500 dicemus
367 1465 528 1499 vicinum
545 1477 619 1499 esse
646 1463 765 1497 vicino
779 1491 788 1505 ‚
824 1469 1006 1497 amantem
1037 1462 1092 1495 in·
1117 1463 1120 1502 ζ

83 1524 184 1552 tento
201 1517 352 1551 animo?
381 1523 475 1552 certe
498 1517 676 1550 laetitiam
701 1516 910 1549 maximam.

84 1576 159 1604 tum
177 1570 315 1604 bonurn
334 1576 406 1611 est,
434 1582 515 1603 cum
532 1568 629 1603 Deus
656 1568 794 1602 vicinus
820 1567 896 1602 est?

84 1628 224 1663 autem,
267 1634 288 1655 o
312 1622 484 1656 Hercules
506 1621 703 1666 Gigantum
729 1621 910 1661 domitor,
947 1626 987 1654 ut
1009 1631 1091 1653 cum
1118 1631 1119 1634 ¹

84 1680 187 1719 patre
206 1674 283 1707 vult
301 1672 465 1707 habitare
482 1673 658 1718 Sogenes‚
685 1685 814 1707 curans
830 1679 996 1706 tenerum
1015 1671 1092 1705 ani·
1118 1675 1120 1685 ¹

84 1739 185 1760 mum
202 1725 384 1760 maiorum
396 1753 405 1767 ,
433 1732 467 1759 et
484 1725 632 1758 divitem
648 1724 766 1758 vicum
780 1751 789 1764 ‚
817 1725 918 1770 (Ant.
936 1722 989 1770 5.)
1005 1723 1091 1770 quia
1118 1738 1120 1765 ξ

85 1779 123 1812 in
143 1785 206 1812 tuo
226 1778 307 1812 luco
319 1777 365 1825 ¹⁷)
382 1779 531 1811 domum
549 1775 671 1816 habet,
698 1783 874 1822 tanquam
893 1777 988 1809 inter
1005 1787 1093 1822 qua·
1118 1795 1120 1799 ν

86 1831 207 1876 drigas
225 1836 380 1877 utraque
390 1829 435 1877 18)
454 1841 566 1863 manu
584 1835 617 1862 te
635 1826 876 1873 prehendens.

873 1048 1027 1092 glutines
1043 1047 1089 1093 16)
1116 1077 1117 1083 ,

195 1155 276 1201 (Ep.
294 1154 348 1202 4.)
374 1153 470 1189 Iovis
499 1154 608 1187 etiam
632 1165 774 1186 memor
799 1153 845 1186 sis
870 1152 908 1184 in
932 1151 1091 1191 Nemeis‚
1117 1149 1119 1152 ¹

784 1204 896 1237 Decet
914 1203 1035 1237 lovem
1053 1203 1091 1236 in
1117 1204 1119 1235 ἰ

725 1255 861 1289 Dicunt
885 1256 981 1289 enim
1008 1268 1091 1289 eum
1118 1277 1119 1281 =

189 1891 243 1926 Te
268 1893 369 1925 decet
385 1890 561 1925 Iunonem
574 1917 582 1931 ,
619 1896 654 1924 et
673 1888 815 1929 Iovem,
850 1895 884 1922 et
904 1888 1092 1922 Palladem

85 1997 238 2031 ficilibus
252 1996 369 2030 malis.
431 1995 581 2029 Utinam
599 1995 648 2029 eis
671 1994 846 2038 adiungas
863 1993 1021 2026 validam
1040 2004 1093 2026 se-

85 2055 228 2083 nectam
245 2049 290 2082 ad
308 2048 534 2094 pubertatem
547 2075 555 2087 ‚
584 2054 619 2081 et
635 2047 752 2080 clarae
775 2052 938 2080 senectae
954 2044 1093 2078 tribuas

86 2101 314 2141 felicitatem,
351 2107 384 2133 et
409 2100 473 2133 filii
497 2100 654 2133 filiorum
681 2111 823 2143 semper
843 2096 998 2130 habeant
1029 2095 1093 2129 ho-

126 2249 173 2276 13)
192 2248 307 2272 accedat
325 2245 428 2278 autem]
449 2246 492 2270 sic
516 2248 564 2275 (=
584 2246 662 2273 Pind.
682 2242 710 2270 δὲ
732 2265 737 2270 ,
760 2263 765 2269 .
787 2263 792 2268 .
813 2242 907 2276 ἕρποι)
933 2243 982 2267 Ed.
1001 2242 1093 2274 1563.;

158 2283 209 2309 Ed.
229 2282 302 2307 1558.
325 2283 440 2306 accedat
458 2284 550 2305 autem
569 2282 696 2307 veniens.

124 2328 170 2355 14)
190 2326 330 2354 movisse]
351 2325 392 2348 sic
411 2325 552 2348 Ed.1563.
572 2323 621 2355 (=
642 2325 673 2348 fl.
690 2324 801 2354 steph..
825 2322 941 2353 Heyne.
961 2321 1006 2352 qni
1026 2328 1092 2345 ver-

158 2362 235 2385 tunt:
260 2361 422 2389 vibrasse);
443 2359 491 2384 Ed.
508 2359 583 2383 1558.
600 2365 712 2383 movere
733 2358 781 2389 (z
793 2358 926 2383 Boecltim
948 2357 1093 2389 vibrare);

160 2397 238 2420 Pind.
258 2394 349 2428 ὄρσαι.

125 2441 172 2468 15)
192 2441 258 2470 ceu]
284 2440 326 2464 sic
352 2438 454 2468 scripsi
485 2439 535 2467 (z
556 2437 632 2461 Pind.
661 2429 729 2468 ὧτε,
762 2436 898 2461 Boeckl=.:
932 2436 1092 2467 tanquam);
1118 2441 1120 2447 ’

159 2476 241 2500 Editt.
260 2476 350 2505 1558„
374 2474 448 2498 1563.
470 2473 556 2498 male:
589 2478 648 2496 seu.

126 2518 171 2549 16)
191 2517 326 2550 glutines]
348 2518 388 2542 sic
399 2518 449 2541 Ed.
465 2517 540 2541 1558.
553 2533 560 2543 ,
581 2515 659 2546 quasi
683 2514 801 2546 legisset
816 2514 879 2537 Mei.
893 2512 978 2538 κόλλα
993 2515 1092 2543 (Editt.

159 2554 290 2579 Francos.
319 2553 410 2581 1542,
442 2552 526 2576 Basil.
555 2551 628 2575 1556.
656 2550 756 2573 habent
783 2548 900 2579 κο1.λᾱ);
942 2550 992 2574 Ed.
1015 2550 1092 2575 1563.

159 2588 318 2618 glutinans3
344 2588 378 2611 Η.
393 2588 486 2618 Steph.
507 2588 534 2610 et
552 2586 669 2610 Boeckli.
691 2584 816 2608 exhibent
837 2583 864 2607 iu
883 2585 975 2608 textu:
996 2583 1093 2616 κολλᾷ,

160 2623 187 2646 in
207 2623 337 2652 intel-pm
366 2623 495 2652 glutinat.

126 2666 172 2694 17]
192 2665 279 2689 intuo
294 2663 370 2696 luco]
387 2665 427 2689 sic
440 2665 488 2689 Ed.
507 2665 598 2691 1558.;
624 2663 672 2687 Ed.
692 2662 766 2686 1563.
788 2661 813 2685 in
834 2664 881 2685 tuo
895 2663 972 2694 loeo;
992 2663 1092 2693 Heyne

160 2702 188 2724 et
201 2699 335 2724 Boeotum
355 2701 428 2723 inter
443 2700 559 2723 delubra
574 2701 637 2727 tua;
657 2697 731 2721 Pind.
749 2695 779 2719 tv
791 2696 935 2728 τεμένεσσι
949 2716 954 2721 .
969 2716 974 2721 .
992 2717 997 2722 .
1012 2698 1091 2725 τεοῖς.
1117 2689 1121 2730 l

126 2739 324 2801 lssztpgraque]
345 2741 385 2765 sic
404 2742 454 2767 Ed.
472 2742 546 2766 1558.
567 2744 615 2770 (z
635 2740 711 2764 Pind.
732 2735 928 2770 ἆμφοῐίριιςῃ
949 2740 997 2765 Ed,
1016 2740 1090 2764 156³.
1119 2747 1121 2792 ξ

87 1945 119 1978 ei
138 1944 304 1990 placare,
332 1950 434 1989 potes
454 1950 488 1977 et
504 1943 579 1988 ipse
596 1940 763 1976 homines
780 1941 934 1974 liberare
959 1953 1001 1974 ex
1026 1940 1093 1973 dif-

1118 2381 1121 2395 ·

1142 417 1234 451 sicut
1250 418 1377 451 crebro
1396 418 1569 462 repetitus
1585 416 1679 452 Iovis
1699 415 1896 452 Corinthus
1914 420 2047 463 pueris.

1519 528 1612 569 Ode
1636 528 1760 567 VIII.

1386 606 1571 644 Diniae,
1605 603 1677 646 filio
1706 603 1899 650 Meyaeffl).

1251 683 1341 726 (Str.
1365 683 1413 725 1.)
1440 682 1472 714 O
1492 679 1729 714 pulchritudo
1750 682 1877 714 nuntia
1897 694 2063 715 amorum
2081 682 2151 715 Ve-

1143 733 1259 775 neris,
1288 746 1380 779 quae
1400 734 1557 767 insidens
1575 732 1754 777 virginum
1773 740 1806 765 et
1828 733 1998 767 iuvenum
2026 734 2150 778 palpe-

1144 786 1230 826 bris,
1260 786 1369 819 alium
1388 785 1537 830 placidis
1555 786 1721 818 manibus
1739 792 1901 818 coactum
1919 792 2046 830 gestas,
2071 785 2150 819 aliis

1145 838 1269 872 alium.
1330 838 1473 871 Bonum
1500 844 1551 871 est
1575 844 1714 876 autem,
1749 849 1824 869 non
1852 839 2079 871 aberrantem
2106 838 2150 870 ab

1145 903 1187 924 eo
1200 917 1208 930 ,
1237 891 1332 936 quod
1351 890 1520 923 convenit
1539 889 1572 921 in
1591 889 1751 934 qualibet
1769 902 1828 928 re,
1861 889 2029 923 meliores
2052 902 2152 922 amo-

1145 955 1200 976 res
1218 943 1380 976 obtinere
1400 955 1518 986 posse:
1549 941 1650 985 (Ant.
1671 941 1722 986 1.)
1751 941 1874 987 quales
1895 942 2061 981 fuerunt,
2090 941 2153 987 qui

1144 994 1238 1028 Iovis
1260 1001 1294 1028 et
1311 995 1468 1039 Aeginae
1487 995 1616 1027 lectum
1645 1000 1883 1033 curaverunt,
1920 994 2064 1027 datores
2089 995 2152 1026 do-

1146 1059 1276 1080 norum
1290 1047 1452 1080 Veneris.
1507 1046 1621 1080 Natus
1639 1052 1757 1078 autem
1770 1046 1908 1079 Aeacus
1925 1046 2019 1079 filius
2031 1046 2153 1079 Oeno-

1146 1112 1228 1139 nes,
1265 1111 1375 1132 manu
1409 1105 1442 1131 et
1474 1098 1624 1132 consilio
1659 1104 1858 1141 praestans.
1928 1098 2035 1132 Multi
2069 1111 2152 1132 eum

1147 1158 1366 1197 optaverunt
1390 1151 1510 1183 videre
1536 1150 1643 1183 vicini
1667 1149 1804 1183 Heroes
1829 1150 1904 1184 sine
1934 1162 2075 1194 pugna,
2119 1156 2154 1183 et

1147 1204 1343 1237 voluerunt
1389 1203 1464 1236 eius
1509 1202 1689 1235 mandatis
1725 1209 1852 1246 sponte
1888 1203 2154 1247 obtemperare,

1148 1256 1228 1301 (Ep.
1250 1256 1299 1301 1.)
1323 1254 1382 1300 qui
1404 1255 1439 1287 in
1460 1254 1594 1298 asperis
1611 1251 1762 1287 Athenis
1781 1253 1974 1287 exercitum
1990 1281 1998 1294 ,
2032 1261 2066 1287 et
2089 1266 2154 1298 per

1147 1308 1314 1352 Spartam
1326 1307 1522 1351 Pelopidae
1540 1306 1718 1350 supplices
1737 1306 1953 1338 ordinabant
1974 1306 2016 1338 ad
2038 1317 2154 1350 genua

1147 1359 1254 1393 Aeaci
1274 1371 1339 1404 pro
1358 1359 1446 1392 urbe
1463 1365 1497 1391 et
1516 1357 1670 1397 civibus;
1700 1364 1849 1403 propter
1868 1355 1956 1391 haec
1980 1370 2065 1402 gero
2083 1357 2154 1403 Ly-

1148 1411 1244 1444 diam
1265 1411 1410 1444 mitram
1431 1423 1510 1444 cum
1535 1417 1661 1448 cantu,
1694 1410 1738 1442 ad
1764 1410 2017 1443 celebrandam
2043 1409 2156 1443 victo-

1147 1463 1238 1496 riam
1258 1462 1388 1496 Diniae
1406 1469 1440 1496 et
1459 1462 1584 1507 patris.
1640 1462 1732 1496 Nam
1751 1463 1833 1495 data
1858 1461 2009 1496 felicitas
2034 1474 2052 1494 a
2073 1461 2154 1495 Deo

1148 1516 1350 1549 durabilior
1368 1521 1439 1555 est,
1474 1513 1564 1559 (Sir.
1580 1514 1633 1559 2.)
1663 1514 1724 1559 qui
1747 1520 1781 1547 et
1798 1513 1968 1559 Cinyram
1989 1513 2156 1547 oneravit

1148 1568 1283 1601 divitiis
1308 1567 1343 1599 in
1366 1567 1500 1612 CyprO.
1556 1566 1722 1599 Consiste
1748 1573 1866 1599 autem
1893 1566 2031 1600 levibus
2056 1565 2156 1611 Pedi-

1147 1621 1232 1660 bus,
1270 1619 1474 1664 respirans,
1509 1625 1543 1652 et
1567 1618 1727 1662 cogitans
1753 1618 1838 1664 quid
1863 1618 1998 1657 dicam;
2042 1618 2155 1651 multa

1148 1672 1243 1706 enim
1264 1672 1357 1705 dicta
1378 1678 1472 1706 sunt.
1526 1670 1700 1715 Magnum
1721 1677 1772 1704 est
1797 1676 1915 1704 autem
1941 1671 2157 1715 periculum,

1146 1724 1391 1758 invenientem
1415 1735 1510 1756 nova
1532 1723 1760 1756 committere
1789 1722 2013 1768 examiniw).
2065 1722 2157 1756 Sunt

1148 1783 1268 1810 autem
1286 1788 1402 1816 nova,
1431 1774 1562 1808 invidis
1581 1774 1752 1813 obsonia;
1794 1787 1834 1808 ac
1852 1786 1994 1819 semper
2012 1774 2157 1818 attingit

1147 1829 1264 1862 honos
1299 1828 1414 1868 livor,
1461 1821 1526 1860 nec
1564 1826 1750 1859 contendit
1787 1839 1865 1860 curn
1902 1826 2156 1859 deterioribus.

1148 1879 1251 1927 (Ant.
1269 1881 1323 1928 2.)
1351 1879 1418 1913 Hic
1437 1886 1471 1913 et
1489 1879 1700 1912 Telamonis
1718 1877 1831 1911 filium
1855 1877 2047 1918 laceravit,
2080 1877 2156 1912 ensi

1149 1932 1341 1972 obiiciens,
1370 1944 1449 1965 cum
1466 1944 1541 1965 non
1558 1931 1769 1977 loquacem,
1805 1930 1866 1964 sed
1892 1931 1999 1963 corde
2024 1931 2153 1963 sortem

1149 1984 1233 2017 dolo
1261 1983 1497 2017 circumvenit
1523 1984 1561 2016 in
1583 1982 1676 2016 tristi
1703 1982 1777 2016 lite.
1846 1981 2001 2026 Magnus
2034 1989 2155 2015 autem

1148 2034 1266 2070 honos
1283 2035 1492 2081 propositus
1510 2041 1572 2069 est.
1627 2033 1666 2068 ln
1685 2034 1832 2068 occultis
1851 2034 1947 2067 enim
1976 2034 2156 2078 suffragiis

1148 2088 1313 2134 Ulyssem
1342 2087 1462 2120 Danai
1493 2087 1760 2132 praetulerunt:
1803 2086 1887 2120 ideo
1917 2085 2010 2120 Aiax
2045 2086 2155 2120 armis

1148 2140 1343 2185 spoliatus,
1373 2152 1451 2173 cum
1470 2151 1557 2172 nece
1573 2139 1728 2172 luctatus
1744 2144 1807 2172 est.
1861 2137 1944 2183 (Ep.
1961 2138 2015 2184 2.)
2043 2138 2154 2184 Atqui

1148 2192 1335 2227 dissimilia
1356 2191 1505 2225 vulnera
1525 2190 1744 2235 proeliantes
1769 2202 1849 2224 cum
1871 2189 2034 2225 hostibus
2058 2202 2155 2223 acce-

1148 2251 1281 2290 perunt
1297 2244 1334 2278 in
1359 2243 1475 2276 calido
1506 2255 1658 2287 corpore
1685 2243 1729 2275 ab
1754 2239 1855 2276 hasta
1880 2243 2083 2282 defensivu,
2120 2248 2155 2274 et

1149 2298 1296 2343 quando
1314 2297 1358 2330 de
1375 2307 1527 2341 corpore
1545 2292 1694 2328 Achillis
1710 2300 1939 2339 pugnarunt,
1968 2300 2002 2327 et
2020 2294 2055 2326 in
2074 2293 2153 2326 aliis

1147 2349 1295 2394 proeliis
1313 2354 1389 2382 toto
1408 2347 1596 2381 decennio.
1641 2346 1711 2380 Sed
1725 2346 1889 2391 deceptio
1904 2345 2154 2384 nocuitAiaci,

1184 2477 1230 2509 19)
1250 2477 1297 2501 Sic
1315 2478 1384 2501 haec
1403 2477 1462 2503 Ode
1482 2476 1616 2507 inscripta
1636 2478 1679 2500 est
1699 2476 1726 2500 in
1742 2476 1824 2500 Editt.
1844 2475 1930 2503 1558„
1952 2473 2044 2499 ¹56³:
2066 2472 2151 2497 Editt.

1217 2513 1347 2536 Francos.
1369 2512 1460 2537 1512..
1494 2512 1576 2537 Basil.
1601 2512 1694 2537 1556..
1725 2512 1755 2534 u.
1777 2510 1869 2539 steph.
1892 2509 1966 2532 1566.
1986 2509 2088 2532 habent
2108 2508 2153 2531 iu—

1218 2548 1411 2578 scriptionem:
1446 2547 1560 2580 Δεινίςε,
1590 2546 1643 2579 υἱῷ
1661 2545 1762 2578 Μέγα,
1790 2542 1911 2572 madai,
1940 2544 2062 2573 Diniae,
2088 2541 2151 2574 filio

1218 2583 1337 2614 Meque,
1370 2583 1462 2607 stadii
1486 2583 1619 2610 cursor&
1657 2581 1741 2605 Editt.
1768 2579 1903 2607 Boeckl=.‚
1932 2579 2032 2609 Bergk.
2054 2577 2151 2609 Δεινίᾳ

1216 2615 1354 2650 Αιγινήτῃ
1368 2616 1488 2647 etad-ef,
1509 2618 1613 2642 vinidi
1627 2616 1785 2646 Aeyinetae
1804 2614 1897 2638 stadii
1915 2614 2050 2641 cursoriz
2071 2613 2150 2642 ney-

1218 2653 1254 2675 nii
1270 2653 1400 2683 interpr.:
1426 2654 1534 2678 Diniae
1547 2651 1608 2683 filio
1625 2651 1741 2682 Meque.
1762 2649 1919 2680 Aeginetae
1961 2649 2060 2673 ,stadis
2075 2648 2150 2672 Cur-

1217 2688 1287 2712 sori⁴

1181 2738 1229 2770 20)
1250 2740 1382 2769 examini]
1408 2740 1449 2764 sic
1475 2741 1522 2772 (z
1544 2739 1619 2762 Pind.
1641 2735 1772 2769 βασάνῳ)
1799 2735 1849 2760 Ed.
1868 2735 1963 2765 1⁵63„
1992 2736 2023 2760 fl.
2046 2734 2150 2764 Steplr..

1215 2775 1333 2805 fleyne.
1352 2775 1488 2803 Boeclihsv
1515 2774 1563 2798 Ed.
1583 2773 1657 2796 1558.
1675 2771 1768 2796 male:
1794 2776 1826 2794 ex
1846 2771 1947 2795 animo.
