2421 3005
80 103 102 136 3
109 103 131 135 7
414 97 584 134 LXXVII.

650 96 1051 134 INTERPRETATIO
1087 95 1174 132 sEN
1180 93 1473 132 TENTIARUM
1508 93 1814 131 THEOG'NIDIS.
2089 100 2136 132 38

175 187 341 227 Rectius,
385 192 529 231 oportet
560 185 726 232 quidem,
772 187 910 232 Cyrne,
957 185 1077 219 obser·
1102 186 1104 189 ’
1129 185 1203 219 840
1233 185 1358 232 Neque
1383 183 1576 230 quicquam
1602 194 1676 216 non
1704 191 1849 228 potare,
1887 197 2003 231 neque
2030 185 2136 218 nimis

480 244 627 272 vantem
649 251 732 279 esse,

122 291 275 326 Cuinam
294 294 332 326 in
348 288 515 337 Pythone
532 289 631 324 Deus
648 291 869 336 respondens
883 289 1062 323 sacerdoti

171 343 392 377 Vaticinium
409 342 664 387 significaverit
679 343 806 388 pingui
822 355 864 376 ex
883 342 1004 387 adyto-

119 394 245 442 Neque
259 395 453 442 quicquam
474 395 570 428 enim
586 394 741 437 addens,
775 395 915 429 nullum
940 392 1076 438 poteris

442 449 653 495 quodquam
671 448 872 482 remedium
893 445 1075 486 invenire,

69 502 143 537 810
170 500 296 548 Neque
311 501 498 541 auferens,
527 514 545 533 a
566 499 644 534 Diis
663 512 823 534 errorem
840 499 1043 544 profugere.

115 553 208 587 Rem
226 565 350 598 passus
369 566 445 587 sum
465 558 583 586 morte
598 552 735 585 inimici
748 550 840 585 nihil
852 550 1075 590 inferiorem,

1546 234 1730 269 inebriari.

1180 288 1313 323 Vinum
1333 285 1422 321 mihi
1439 289 1477 321 in«
1496 286 1642 332 reliquis
1660 287 1804 332 quidem
1831 288 1964 331 placet,
2001 291 2036 322 in
2066 302 2134 322 una

1243 336 1247 338 ’
1557 345 1675 371 autem
1694 352 1732 372 re
1749 338 1930 382 displicet,

1233 392 1389 437 Quando
1415 391 1544 425 scilicet
1569 402 1715 424 armans
1742 403 1819 431 me,
1862 392 1978 425 virum
2011 400 2134 426 contra

1547 441 1736 476 inimicum
1755 441 1839 487 agit.

1181 494 1249 528 Sed
1270 496 1416 541 quando
1434 506 1541 539 supra
1562 494 1734 535 existens,
1764 494 1856 527 infra
1876 494 1940 535 sit,

1234 546 1358 582 Toties
1375 549 1525 580 domum
1544 546 1637 580 imus
1654 547 1820 581 sedantes
1837 553 1976 591 potum.

167 604 239 639 Sed
258 605 414 639 aliarum
442 605 606 638 omnium
631 617 765 645 rerum,
795 603 934 650 Cyrne,
963 602 1075 635 mole·
1102 606 1103 639 ξ
1129 597 1205 634 845
1232 599 1331 633 Bene
1359 599 1502 646 quidem
1529 598 1765 633 constitutum
1791 598 1910 632 virum
1934 598 2027 632 male
2056 611 2138 633 con—

483 656 723 691 lestissimam.

118 708 178 743 Me
203 709 311 743 amici
334 709 590 755 prodiderunt;
625 720 690 752 ego
715 719 802 741 vero
827 706 993 740 inimicos
1018 718 1074 739 ac·

484 761 612 794 cedens
623 787 632 801 ‚

170 812 310 847 Videbo
347 820 381 846 et
418 824 542 846 eorum
554 839 563 853 ,
615 823 868 858 quamcunque
903 808 1074 850 habeant,

485 870 656 898 mentem.

68 913 143 950 815
169 915 242 950 Bos
257 914 348 949 mihi
366 916 403 949 in
418 916 541 961 lingua
558 916 644 949 forti
658 915 749 960 pede
775 914 994 947 calcitrando
1021 913 1074 946 in-

479 968 601 1002 siliens
612 995 621 1008 ‚

170 1017 345 1053 Prohibet
360 1019 496 1064 garrire
508 1047 517 1060 ,
543 1020 650 1053 etiam
667 1018 851 1053 scientem.

121 1071 239 1117 Cyme
251 1098 261 1112 ‚
288 1078 411 1105 tamen
428 1084 533 1116 vero,
561 1072 660 1118 quod
676 1071 788 1104 fatum
805 1075 855 1104 est
870 1068 965 1114 pati,
1000 1080 1075 1101 non

480 1124 563 1157 licet
582 1124 756 1166 effugere;

171 1175 280 1221 Quod
296 1187 382 1209 vero
398 1176 512 1209 fatum
529 1181 578 1210 est
594 1175 690 1219 pati,
717 1186 792 1206 non
808 1172 918 1205 timeo
937 1173 1025 1216 pati.

119 1226 161 1260 In
177 1227 281 1260 valde
295 1228 427 1261 durum
445 1227 581 1259 malum
601 1226 764 1259 venimus
775 1252 784 1265 ‚
810 1224 873 1257 ubi
888 1225 1042 1258 maxime
1054 1251 1063 1264 ‚

69 1279 145 1315 820
173 1278 310 1323 Cyrae,
337 1279 462 1311 ambos
479 1279 593 1311 fatum
611 1277 785 1321 corripiat
801 1275 940 1309 mortis.

120 1328 195 1375 Qui
213 1340 300 1362 vero
317 1335 540 1363 senescentes
559 1334 796 1362 contemnunt
813 1333 980 1371 parentes
991 1354 999 1368 ,

171 1379 313 1414 Horum
331 1381 478 1426 quidem
495 1381 594 1413 locus
607 1407 615 1420 ‚
645 1379 763 1425 Cyrne
775 1406 784 1419 ,
811 1379 974 1412 modicus
994 1386 1055 1413 est.

119 1430 245 1478 Neque
267 1444 487 1478 quemquam
510 1431 641 1465 adiuva
668 1438 883 1476 tyrannum,
926 1431 991 1464 sub
1015 1444 1076 1476 spe

488 1483 578 1517 lucri
597 1495 670 1517 esse
682 1510 691 1523 ‚

173 1535 300 1582 Neque
321 1535 460 1575 occide,
489 1535 652 1569 Deorum
670 1535 815 1568 foedera
834 1533 963 1569 iniens.

71 1584 146 1624 825
174 1587 370 1633 Quomodo
388 1586 493 1621 nobis
509 1587 679 1622 sustinuit
694 1587 759 1621 sub
776 1586 921 1619 tibicine
938 1598 1065 1620 canere

171 1639 345 1681 Animus,
372 1645 490 1673 terrae
511 1652 596 1673 vero
614 1651 675 1672 rex
693 1645 844 1683 apparet
861 1650 902 1671 ex
919 1639 1014 1679 soro,

124 1690 226 1735 Quae
240 1692 356 1724 nutrit
369 1691 532 1735 frugibus
542 1718 551 1731 ,
580 1691 617 1723 in
631 1689 805 1724 conviviis
824 1697 1000 1734 gestantes
1012 1717 1020 1731 ‚

174 1741 369 1788 Fulvisque
388 1742 499 1776 comis
516 1754 715 1786 purpureas
733 1754 897 1776 coronas.

121 1792 259 1828 Verum
281 1806 345 1838 age
364 1793 529 1839 quidem,
567 1807 585 1828 ο
602 1792 730 1839 Scytha
743 1821 751 1833 ‚
787 1794 897 1826 tonde
925 1805 1078 1833 comam,

491 1846 575 1879 seda
593 1845 908 1882 comessationem

72 1897 148 1931 830
174 1895 275 1941 Luge
291 1908 378 1930 vero
395 1909 503 1931 suave
522 1898 676 1930 olentem
700 1897 819 1930 locum
838 1902 1060 1940 pereuntem.

123 1948 271 1982 Fiducia
291 1960 376 1993 opes
391 1949 546 1993 perdidi,
569 1949 765 1982 diffidentia
785 1954 903 1982 autem
921 1948 1079 1985 servavi3

177 1999 377 2035 Consilium
396 2012 481 2033 vero
502 2001 645 2034 difficile
665 2008 716 2034 est
735 2001 938 2033 amborum.

126 2051 262 2086 Omnia
279 2052 339 2085 illa
356 2051 394 2085 in
411 2052 527 2086 corvis
548 2059 581 2085 et
596 2052 632 2085 in
650 2052 883 2096 corruptione
899 2057 989 2091 suni,
1020 2062 1079 2082 ne-

493 2117 562 2150 que
582 2105 662 2150 quis
680 2105 784 2138 nobis

178 2156 295 2190 Autor
321 2156 581 2190 immortalium
594 2183 603 2197 ‚
639 2156 775 2202 Cyrne,
809 2155 970 2189 Deorum
998 2155 1079 2187 bea-

498 2215 617 2243 torum
632 2236 640 2249 ,

76 2257 152 2294 835
179 2258 249 2293 Sed
265 2259 426 2293 virorum
444 2260 509 2301 vis,
528 2267 562 2294 et
579 2261 678 2295 lucra
695 2259 807 2293 multa
817 2258 878 2303 ⁶³),
898 2265 932 2292 et
946 2257 1078 2291 iniuria

178 2310 304 2346 Multis
320 2324 362 2345 ex
379 2312 483 2346 bonis
500 2312 536 2345 in
552 2313 793 2346 calamitatem
812 2310 998 2356 protrusit.

126 2362 229 2398 Duae
247 2376 333 2398 sane
350 2369 431 2398 sunt
446 2370 551 2409 potus
567 2371 679 2398 sortes
695 2364 834 2398 miseris
851 2362 1078 2396 mortalibus:

179 2415 263 2450 Sitis
288 2417 449 2450 membra
471 2416 671 2457 resolvens,
714 2423 748 2450 et
779 2415 971 2448 inebriatio
1004 2425 1080 2447 mo-

492 2469 591 2502 lesta.

128 2518 269 2554 Horum
286 2532 372 2553 vero
390 2532 453 2565 per
469 2521 626 2554 medium
646 2519 831 2552 versabor:
857 2530 974 2564 neque
992 2514 1080 2550 mihi

494 2571 725 2617 persuadebis
739 2598 746 2611 ‚

150 2739 199 2765 Ed.
219 2740 295 2764 1581.
319 2741 406 2764 deest.

112 2704 160 2735 se)
181 2705 283 2734 muna]
303 2706 342 2729 sic
368 2708 417 2734 (z
435 2707 556 2737 Theogn.
576 2703 681 2735 πολλὰ)
707 2703 790 2727 enat.
810 2687 1018 2732 1561-1576.';
1057 2702 1081 2724 m
1109 2683 1111 2741 l
1171 2700 1218 2727 69)
1237 2698 1348 2725 urbem]
1372 2697 1412 2721 sic
1431 2698 1480 2725 (=
1498 2696 1618 2723 Theo-1³¹·
1640 2694 1722 2723 ww)
1746 2693 1827 2716 ΜΠ-
1850 2691 2031 2716 1-362-157‘3
2051 2698 2057 2716 τ
2088 2690 2109 2713 E

1543 650 1691 684 stituere
1708 650 1812 684 facile
1830 657 1899 689 est;

1231 702 1330 736 Bene
1356 714 1442 735 vero
1468 702 1703 743 constituere,
1739 705 1824 748 quod
1847 702 1941 735 male
1967 703 2136 737 constitu-

1545 760 1620 787 tum
1639 760 1707 794 est,
1736 753 1877 788 difficile
1895 760 1955 788 est.

1181 806 1346 840 Calcibus
1365 806 1496 839 insulta
1521 805 1656 849 populo
1682 806 1802 846 fatuo,
1834 812 2051 852 percuteque
2077 807 2137 841 sti-

1548 857 1648 890 mulo

1231 909 1348 944 Acuto
1361 937 1370 949 ,
1399 915 1433 942 et
1452 909 1575 953 iugum
1595 920 1703 953 grave
1722 907 1970 953 circumpone;

1181 962 1264 996 Non
1290 962 1386 995 enim
1417 973 1578 1007 unquam
1604 959 1764 993 invenies
1788 961 1963 1004 populum
2001 962 2137 995 domini

1551 1013 1750 1046 studiosum
1769 1013 1859 1045 adeo
1872 1039 1881 1053 ,

1130 1063 1204 1098 850
1232 1064 1432 1098 Hominum
1453 1070 1634 1109 quotquot
1651 1064 1705 1098 sol
1723 1064 1885 1108 adspicit.

1178 1115 1314 1161 Iupiter
1346 1117 1463 1149 virum
1489 1116 1617 1160 perdat
1649 1115 1829 1155 coelestis,
1873 1116 1933 1161 qui
1959 1130 2054 1152 suum
2084 1132 2138 1152 so-

1553 1167 1671 1200 dalem

1235 1219 1358 1252 Mollia
1378 1218 1540 1263 garriens
1557 1219 1680 1252 fallere
1698 1218 1785 1251 vult.

1183 1271 1313 1304 Suavia
1348 1271 1493 1316 quidem
1529 1277 1563 1303 et
1596 1271 1714 1314 prius,
1754 1270 1815 1303 sed
1847 1269 1961 1302 multo
1988 1273 2138 1308 meliora

1558 1335 1664 1367 quam
1688 1333 1801 1355 nunc:

1236 1374 1468 1419 Quapropter
1488 1373 1662 1417 improbis
1680 1373 1777 1406 nulla
1798 1376 1850 1406 est
1865 1373 1993 1415 gratia.

1132 1424 1206 1460 855
1234 1426 1347 1470 Saepe
1366 1425 1490 1459 civitas
1506 1422 1594 1458 haec
1610 1437 1674 1470 per
1689 1431 1869 1458 rectorum
1888 1425 2086 1470 nequitiam
2099 1455 2107 1468 ,

1235 1478 1343 1511 Velut
1359 1477 1460 1510 navis
1479 1477 1672 1517 inclinata,
1701 1478 1745 1510 ad
1765 1483 1898 1509 terram
1920 1479 2087 1514 cucurrit.

1183 1530 1395 1563 Amicorum
1419 1541 1505 1562 vero
1531 1529 1559 1562 si
1585 1529 1728 1574 quidem
1754 1527 1833 1574 quis
1859 1526 1957 1561 videt
1987 1542 2044 1563 me
2077 1532 2140 1565 ali-

1551 1582 1637 1626 quid
1655 1580 1796 1614 adversi
1812 1577 2003 1613 habentem
2017 1608 2026 1622 ‚

1238 1633 1421 1667 Cervicem
1441 1639 1625 1673 avertens,
1654 1645 1771 1678 neque
1788 1631 1909 1665 videre
1927 1632 2014 1667 vult.

1185 1685 1221 1718 Si
1244 1698 1331 1719 vero
1357 1685 1543 1731 quidpiam
1569 1682 1659 1717 mihi
1684 1686 1848 1718 alicunde
1874 1684 1980 1724 boni,
2021 1686 2139 1730 qualia

1547 1749 1651 1781 saepe
1671 1737 1883 1780 contingunt
1903 1737 2002 1775 viro,

1134 1788 1208 1823 860
1238 1789 1370 1823 Multas
1391 1788 1626 1823 salutationes
1655 1795 1688 1822 et
1719 1788 1894 1821 amicitias
1921 1785 2049 1822 haheo.

1184 1841 1301 1874 Amici
1326 1854 1382 1874 me
1409 1842 1588 1885 produnt,
1626 1848 1659 1873 et
1686 1853 1759 1873 non
1792 1840 1918 1872 volunt
1949 1839 2141 1886 quicquam

1552 1893 1638 1924 dare

1235 1944 1332 1978 Viris
1351 1944 1626 1989 apparentibus;
1656 1944 1714 1977 sed
1735 1956 1799 1987 ego
1818 1943 2003 1982 ultronea,

1185 1995 1423 2041 Serotinaque
1449 1996 1633 2041 egredior,
1679 2002 1713 2028 et
1735 1995 1912 2028 matutina
1938 2007 2061 2028 rursus
2089 1995 2141 2027 in-

1547 2047 1712 2091 gredior,

1238 2099 1327 2132 Cum
1346 2098 1523 2141 gallorum
1544 2111 1612 2131 vox
1630 2100 1770 2132 auditur
1789 2097 2120 2141 expergiscentium.

1135 2150 1209 2187 865
1236 2151 1361 2184 Multis
1376 2150 1562 2184 inutilibus
1580 2149 1676 2183 Deus
1691 2151 1753 2182 dat
1769 2149 1854 2183 viris
1872 2150 2015 2182 divitias

1234 2203 1378 2244 Bonas,
1406 2203 1467 2249 qui
1483 2214 1598 2248 neque
1617 2201 1685 2235 sibi
1706 2201 1835 2234 melior
1851 2202 2043 2247 quicquam
2069 2200 2139 2234 exi-

1563 2260 1679 2294 stens,

1183 2308 1308 2354 Neque
1342 2307 1483 2344 amicis;
1528 2305 1670 2339 virtutis
1706 2311 1824 2338 autem
1860 2318 1985 2347 magna
2023 2303 2134 2348 gloria

1548 2369 1733 2403 nunquam
1757 2357 1906 2401 peribit,

1236 2411 1397 2444 Bellator
1430 2409 1524 2441 enim
1560 2410 1615 2442 vir
1646 2416 1777 2441 terram
1803 2415 1835 2440 et
1863 2405 2042 2452 urlscrnffl)
2066 2417 2137 2439 ser-

1551 2461 1701 2494 vaverit.

1186 2513 1226 2547 ln
1254 2526 1309 2547 me
1334 2513 1463 2547 deinde
1487 2515 1590 2547 cadat
1625 2524 1792 2556 magnum
1825 2509 1984 2548 coelum,
2025 2508 2136 2540 latum

1547 2577 1719 2609 superne,

2111 2689 2139 2711 d.

1210 2734 1286 2758 1581.
1307 2734 1408 2757 orbem.

1562 2765 1621 2797 3-
