2341 2973
183 101 257 139 587

184 192 317 223 docent
331 198 451 222 sacrae
468 187 609 219 litterae
620 211 630 225 ,
657 196 749 230 quae
766 189 941 218 testantur
956 183 1101 227 angelos
1117 182 1182 215 sub

182 240 299 286 specie
316 237 474 272 humana
491 232 597 282 saepe
618 235 805 270 nobiscum
826 234 974 268 versari.
1027 232 1182 279 Ideoque

182 290 341 336 hospites
373 290 525 324 libenter
557 287 782 332 accipiendos
812 292 845 319 et
879 284 1085 319 humaniter
1111 291 1182 318 tra-

182 344 332 376 ctandos
356 353 442 376 esse.
501 339 704 374 Verisimile
730 344 781 372 est
804 344 923 371 autem
951 335 1047 371 hunc
1063 333 1182 370 Phile-

182 406 327 428 monem
343 393 449 428 fuisse
468 392 626 425 villicum
651 390 762 435 ipsius
778 388 919 427 Ovidii;
956 400 1040 422 nam
1061 389 1107 421 ita
1126 400 1182 421 so-

182 446 255 479 lent
289 451 416 490 poetae
451 444 631 476 interdum
665 454 748 475 suos
782 440 961 473 celebrare
995 440 1181 474 occasione

182 499 278 531 data.
349 496 400 529 Ac
431 495 574 528 videtur
600 492 753 526 Ovidius
779 490 885 525 hilari
914 492 1034 525 animo
1063 491 1181 532 fuisse,

185 561 263 582 cum
283 548 452 582 scriberet
468 544 559 579 hanc
578 544 749 578 fabulam.
803 542 989 588 Descripta
1008 550 1060 577 est
1085 543 1179 576 enim
1206 556 1210 590 g

183 601 376 634 admodum
393 597 510 642 lepide
528 603 561 629 et
578 596 719 636 festive,
755 592 933 640 habetque
961 596 1089 629 multas
1117 592 1180 640 hy—

182 658 375 696 potyposes
393 655 493 694 aptas
511 654 545 681 et
562 647 734 681 iucundas
747 674 755 687 ‚
783 646 912 692 quibus
932 647 1060 680 decore
1082 647 1181 679 effin-

182 703 276 746 gitur
303 699 611 746 gestus‘Baucidis
635 699 752 743 ignem
777 698 982 735 excitantis,
1010 705 1043 731 et
1062 696 1180 731 Phile<

182 753 299 787 monis
316 752 456 786 bicorni
473 752 572 785 furca
592 750 742 783 levantis
766 747 844 796 (Vs.
862 749 984 795 648.);

231 814 382 848 Sordida
400 817 492 855 ierya
507 813 600 850 suis,
630 812 729 854 m‘yro
743 811 926 853 pendentia
944 806 1102 853 liqno¹⁸).

179 873 266 907 ltem
283 884 368 906 cura
388 871 618 905 collocandae
642 882 807 909 mensae,
843 869 898 903 cui
922 875 999 902 erat
1022 880 1084 913 pes
1112 874 1181 900 ter-

180 926 251 959 tius
266 924 403 968 impar,
430 929 518 957 testa
534 934 657 967 parem
684 921 778 955 fecit.
837 921 891 954 Ad
916 918 1003 953 haec
1028 930 1181 964 appara-

181 983 237 1010 tus
254 975 406 1010 rusticus
425 981 459 1008 et
482 973 648 1017 frugalis,
682 970 887 1006 humanitas
908 984 990 1016 erga
1010 969 1181 1015 hospites,

182 1035 215 1061 et
233 1026 469 1073 hypotyposis
487 1025 545 1058 illa
565 1024 699 1058 anseris
719 1024 905 1057 velocitate
921 1036 984 1057 sua
999 1022 1180 1067 fatigantis

181 1092 282 1114 senes
306 1077 399 1123 (Vss.
419 1077 494 1111 686
511 1075 597 1122 sq.):

234 1141 297 1174 llle
313 1139 399 1172 celer
411 1150 523 1181 penna
534 1163 543 1177 ‚
571 1138 689 1170 tardos
705 1140 814 1169 aetate
825 1134 952 1177 fatiqa!

239 1192 416 1236 Elude'Ique
438 1191 509 1223 diu.

543 1281 744 1315 Proteus
762 1279 818 1325 ¹⁹).

289 1346 593 1394 Metamorphosis
613 1348 736 1382 Protei
755 1360 829 1381 non
847 1347 964 1381 minus
989 1345 1105 1380 varias
1132 1345 1180 1378 al-

183 1402 357 1448 legorias,
388 1414 496 1447 quam
524 1401 596 1445 ipse
620 1401 756 1434 formas
782 1399 920 1444 recipit.
976 1398 1076 1431 Hanc
1094 1396 1181 1430 Dio-

183 1457 293 1490 dorus
311 1451 506 1500 Siculus20)
532 1452 678 1497 exponit
704 1453 747 1485 de
773 1451 947 1484 varietate
974 1449 1180 1494 insignium,

183 1507 313 1553 quibus
330 1506 501 1544 Proteus,
528 1503 682 1549 Aegypti
701 1516 782 1543 rex,
818 1515 918 1536 more
943 1509 1103 1535 veterum
1127 1512 1181 1533 re-

183 1571 266 1604 gum
283 1569 357 1591 sese
376 1557 539 1590 ornabat.
594 1556 686 1590 Nam
706 1555 830 1600 priscis
845 1554 1105 1599 Aegyptiorum
1126 1564 1181 1584 re-

183 1610 285 1655 gibus
303 1620 441 1641 morem
460 1608 567 1641 fuisse
585 1607 729 1646 scribit,
757 1612 796 1639 ut
813 1606 951 1649 insigne
969 1612 1031 1638 aut
1056 1604 1180 1642 leonis,

184 1667 246 1695 aut
263 1661 377 1700 tauri,
405 1665 467 1692 aut
480 1658 591 1702 ignis,
619 1664 681 1691 aut
697 1657 855 1697 arboris,
881 1657 917 1689 in
936 1656 1051 1701 capite
1069 1660 1180 1699 gesta-

184 1718 275 1746 rent.
329 1709 518 1755 Philippus
535 1706 748 1743 Melanthon
760 1706 833 1755 2⁰³)
858 1708 893 1740 in
920 1706 1181 1740 declamatione

182 1766 226 1798 de
261 1763 397 1796 artibus
428 1761 636 1795 liberalibus
671 1760 780 1793 refert
816 1760 859 1792 ad
896 1757 1181 1803 intelligentiam,

183 1826 275 1862 quae
293 1827 328 1849 se
348 1813 384 1846 in
401 1825 526 1847 omnes
543 1812 643 1859 quasi
667 1811 802 1856 species
827 1812 1079 1850 transformat,
1105 1822 1181 1842 mo-

183 1874 258 1907 tus,
286 1872 324 1900 ut
341 1863 428 1898 mihi
455 1865 616 1905 videtur,
653 1863 847 1897 autoritate
867 1862 1084 1909 Virgilii‘ss),
1120 1860 1181 1906 qui

184 1920 228 1952 de
244 1918 376 1951 Proteo
396 1916 523 1950 cecinit
541 1914 636 1950 hunc
654 1915 690 1948 in
707 1916 872 1948 modum:
1207 1882 1211 2015 1

464 1974 542 2000 novit
561 1981 677 2006 namque
696 1973 788 1998 omnia
807 1975 903 2003 vates,

262 2020 338 2049 Quae
358 2019 430 2049 siut,
456 2024 526 2050 quae
545 2018 664 2049 suerint,
691 2023 770 2048 quam
790 2022 853 2041 mox
872 2017 991 2041 ventura
1010 2015 1165 2039 trahantur.

186 2064 292 2098 Plato
312 2063 348 2095 in
365 2061 650 2109 Euthydemo‘22)
672 2061 818 2106 exponit
835 2061 878 2094 de
897 2059 1067 2099 fallaciis,
1105 2058 1183 2105 qui-

185 2117 253 2149 bus
289 2112 477 2159 sophistae
513 2114 550 2148 in
585 2114 803 2159 disputando
841 2112 943 2159 quasi
983 2110 1184 2156 praestigiis

186 2173 351 2201 utuntur.
411 2165 541 2199 Scribit
564 2166 659 2199 enim
688 2165 804 2210 ipsum
829 2164 962 2198 Protea
987 2163 1094 2197 fuisse
1120 2162 1185 2195 So-

186 2216 343 2263 phistam
371 2216 600 2262 Aegyptium.
666 2217 737 2250 Alii
761 2222 947 2261 exponunt
976 2215 1020 2248 de
1056 2220 1183 2248 natura
1209 2218 1213 2294 Ι

186 2282 331 2310 rerum,
360 2281 451 2315 quae
470 2268 583 2313 gignit
600 2269 717 2303 varias
735 2268 888 2313 species;
926 2266 986 2300 alii
1003 2266 1046 2299 de
1067 2265 1184 2299 diver-

187 2321 234 2356 sis
260 2320 556 2355 vestimentorum
581 2320 725 2360 formis,
761 2320 890 2366 quibus
908 2317 1069 2352 Pallenei
1092 2317 1185 2351 cives

188 2373 275 2407 olim
307 2373 511 2407 utebantur.
580 2370 645 2406 Est
677 2371 771 2405 enim
804 2371 994 2409 Palleuae,
1046 2375 1183 2404 vetusta
1209 2392 1214 2472 ⁴

226 2509 274 2536 18)
292 2507 382 2539 liano]
405 2507 444 2531 sic
466 2506 548 2531 Editt.
566 2506 656 2530 ¹555..
680 2506 770 2533 1559.;
797 2505 877 2530 Ovid.
899 2506 946 2530 Ed.
967 2504 1072 2529 Mitnch.
1092 2503 1182 2536 ligno.

195 2541 198 2542 ⁷
228 2552 273 2581 19)
294 2551 372 2575 Ovio.
393 2552 457 2575 Met.
480 2549 551 2579 viu,
570 2549 630 2573 731.

223 2593 272 2621 20)
295 2592 371 2616 Diod.
391 2593 445 2616 Sic.
468 2592 593 2615 niblioth.
616 2592 635 2617 l,
655 2590 697 2615 62.

224 2635 296 2663 202)
315 2635 393 2659 conf.
414 2636 484 2665 quod
504 2641 587 2665 supra
608 2642 631 2665 υ.
647 2634 705 2658 559.
730 2635 793 2656 nota
810 2631 851 2656 3⁹,
872 2633 923 2656 dixi

224 2678 275 2706 21)
293 2678 371 2707 virg.
393 2679 493 2707 Georg.
514 2678 561 2706 lv,
581 2677 632 2701 392
647 2685 687 2708 sq.

226 2722 275 2751 22)
296 2721 369 2749 plat,
389 2721 455 2751 Opp.
477 2721 517 2746 ed.
541 2722 571 2745 Η.
592 2721 684 2752 steph.
706 2721 734 2744 T.
753 2720 769 2745 l.
790 2727 815 2751 p.
830 2719 891 2746 258,
913 2722 917 2741 l

769 96 892 132 PHlL.
929 95 1042 131 MEL.
1076 94 1279 130 SCRIPTA
1314 93 1651 131 PHILOLOGlCA.

2159 96 2232 133 588

1236 179 1392 214 Achaiae
1419 180 1562 222 civitas,
1598 182 1719 216 Protei
1742 183 1879 227 patria,
1915 183 1951 216 in
1977 195 2046 229 qua
2070 184 2232 218 diversae

1237 232 1535 266 vestimentorum
1558 233 1695 267 formae
1716 234 1800 267 olim
1825 235 1977 275 fiebant,
2006 241 2091 269 teste
2110 235 2233 271 Suida.

1338 283 1404 317 Est
1432 290 1466 317 et
1492 285 1631 318 erudita
1655 285 1777 319 Protei
1801 286 1989 331 allegoria,
2026 298 2116 332 quae
2137 294 2233 322 extat

1237 336 1331 380 apud
1351 335 1511 369 Caelium
1530 335 1787 380 Calcagninum
1800 365 1809 375 ,
1848 338 1876 372 is
1893 349 1956 382 per
1979 337 2112 371 Protea
2130 338 2234 372 intel-

1235 387 1312 431 ligit
1331 386 1538 427 veritatem,
1572 400 1663 433 quae
1689 389 1726 422 in
1752 389 1873 423 abdito
1898 389 2011 423 latens
2035 401 2109 422 non
2130 390 2232 424 facile

1235 444 1352 483 potest
1372 436 1610 482 deprehendi;
1646 446 1753 486 atque
1769 441 1835 481 ait,
1863 441 1963 475 illum
1983 438 2049 474 hac
2066 441 2109 474 de
2126 453 2232 476 causa

1235 490 1319 534 fingi
1348 489 1385 522 in
1408 496 1513 523 antro
1538 490 1824 533 obdormiscere,
1871 499 1905 526 et
1933 490 2231 537 comprehensum

1236 554 1318 574 vera
1353 540 1489 579 dicere;
1534 541 1570 574 in
1598 543 1715 577 varias
1747 550 1864 577 autem
1899 544 2052 578 transire
2084 544 2232 583 formas,

1236 593 1333 638 quia,
1349 594 1433 626 dum
1453 593 1636 637 ingenium
1654 596 1697 627 ad
1718 595 1904 628 veritatem
1922 595 2166 640 indagandam
2176 608 2232 629 ra-

1235 644 1333 678 tione
1350 644 1510 685 ducitur,
1538 644 1659 678 variae
1678 645 1844 680 oriuntur
1862 647 2018 687 formae,
2056 659 2147 692 quae
2174 659 2231 680 ve-

1235 696 1350 730 ritatis
1366 696 1520 740 speciem
1537 694 1669 731 habent
1682 725 1691 738 ‚
1720 695 1787 731 hoc
1804 704 1875 738 est,
1900 698 2008 733 salsae
2029 698 2232 742 opiniones,

1235 747 1365 793 quibus
1399 748 1621 785 deludiinur;
1674 750 1784 783 multa
1823 749 1917 782 enim
1955 756 2124 794 putamus
2157 761 2231 784 esse

1235 811 1339 838 vera,
1368 811 1459 844 quae
1478 811 1550 832 non
1569 806 1663 834 sunt.
1717 801 1799 846 Quo
1816 801 1917 846 plura
1939 814 2025 835 vero
2040 800 2231 835 simulacra

1235 862 1297 884 seu
1318 857 1521 884 commenta
1550 851 1765 896 opinionum
1790 853 1894 887 nobis
1916 853 2156 892 obiiciuntur,
2188 864 2231 886 eo

1236 901 1443 936 instandum
1462 902 1597 942 acrius,
1625 904 1740 937 donec
1756 904 1908 939 Proteus
1927 906 2050 938 redeat
2066 904 2102 937 in
2129 916 2230 938 suam

1234 953 1389 986 formam
1402 980 1410 993 ,
1439 951 1507 986 hoc
1527 960 1597 994 est,
1626 955 1757 989 veritas
1776 956 1966 990 illucescat.
2007 956 2159 1000 Sumpta
2179 962 2230 990 est

1235 1011 1354 1038 autem
1378 1005 1498 1038 sabula
1514 1017 1555 1038 ex
1575 1006 1756 1051 Odyssea,
1792 1007 1852 1040 ubi
1870 1006 2106 1051 Homerusss)
2129 1007 2231 1051 fingit

1234 1055 1366 1089 Protea
1387 1056 1423 1089 in
1443 1056 1560 1090 varias
1583 1057 1717 1091 formas
1740 1071 1776 1092 se
1801 1064 2000 1092 mutantem
2022 1070 2041 1091 a
2062 1057 2229 1090 Menelao

1235 1107 1330 1152 capi:
1357 1120 1464 1154 quem
1482 1108 1599 1142 locum
1619 1108 1833 1154 etVirgilius
1851 1109 1887 1142 in
1903 1109 2093 1155 Georg.2⁴)
2111 1108 2228 1142 imita-

1236 1165 1312 1199 tus,
1341 1160 1385 1193 ad
1403 1159 1561 1193 fabulam
1579 1160 1734 1194 Aristaei
1752 1161 1933 1195 transfert.

1530 1245 1692 1291 lugens
1721 1259 1930 1293 quercus.

1286 1313 1362 1348 Vss.
1381 1313 1455 1348 748
1474 1328 1525 1360 sq.
1589 1328 1816 1362 mensuraque
1833 1317 1962 1351 roboris
1978 1317 2076 1349 ulnas

1288 1368 1440 1412 Quinque
1456 1371 1508 1400 ier
1524 1368 1692 1410 implebat.
1763 1371 1768 1375 ’

1337 1424 1489 1459 Videtur
1509 1426 1652 1472 quidem
1673 1424 1905 1471 hyperbolica
1923 1424 2010 1459 haec
2034 1424 2228 1469 descriptio

1235 1476 1394 1516 arboris,
1422 1477 1521 1511 cuius
1538 1489 1704 1511 mensura
1723 1477 1926 1522 quindecim
1944 1477 2047 1511 ulnas
2064 1477 2229 1521 impleat;

1235 1528 1295 1562 sed
1308 1527 1436 1562 Petrus
1452 1528 1610 1563 Bembus
1627 1528 1663 1561 in
1682 1526 1831 1562 historia
1848 1528 1983 1561 Veneta
2002 1528 2144 1568 scribit,
2173 1540 2230 1561 ar-

1235 1580 1340 1614 bores
1360 1580 1509 1625 reperiri
1529 1581 1593 1614 sub
1610 1580 1694 1624 polo
1715 1579 1892 1613 antarctio
1908 1585 2028 1613 tantae
2050 1579 2229 1624 magnitu-

1235 1631 1348 1671 dinis,
1390 1638 1430 1665 ut
1456 1644 1514 1665 eas
1540 1643 1667 1676 capere
1691 1638 1847 1677 nequeat
1871 1631 2077 1676 complexus
2101 1630 2229 1676 viginti

1235 1680 1425 1717 hominum
1451 1683 1618 1717 extremis
1641 1683 1808 1718 manibus
1832 1695 1907 1718 sese
1931 1683 2229 1728 contingentium.

1236 1732 1331 1767 Idem
1349 1741 1501 1769 testatur
1511 1735 1754 1780 Hieronymus
1770 1734 1977 1776 Cardanus,
2005 1734 2104 1769 cuius
2119 1734 2228 1768 verba

1235 1792 1319 1820 sunt
1336 1784 1423 1820 haec
1447 1786 1507 1821 lib.
1525 1787 1560 1821 8.
1585 1788 1628 1820 de
1645 1786 1865 1820 Subtilitate:
1900 1786 2031 1832 Pingui
2057 1787 2229 1820 alimento

1236 1838 1383 1872 arbores
1400 1844 1563 1872 crescunt
1577 1850 1651 1871 non
1674 1839 1787 1876 salso;
1823 1839 1869 1872 ob
1895 1838 1930 1872 id
1954 1838 2229 1883 pinguissimum

1237 1896 1271 1923 et
1287 1890 1436 1923 minime
1452 1890 1582 1924 salsum
1600 1888 1722 1924 Indiae
1739 1890 1853 1925 solum
1872 1889 2148 1924 existimandum
2167 1895 2231 1929 est,

1237 1942 1335 1987 quod
1362 1942 1398 1975 in
1423 1942 1639 1976 immensum
1666 1942 1714 1975 ibi
1739 1947 1897 1975 crescant
1914 1941 2072 1976 arbores.
2125 1941 2231 1974 Refe-

1237 2000 1323 2027 runt
1338 1993 1433 2027 enim
1454 1993 1503 2027 ibi
1521 1994 1702 2040 quandam
1721 1993 1905 2026 inventam
1921 2004 1938 2026 e
1956 1993 2075 2027 Zebeli
2100 2004 2230 2037 genere

1238 2044 1339 2090 (nam
1365 2043 1433 2079 hoc
1462 2052 1515 2080 est
1538 2044 1677 2079 arboris
1702 2057 1812 2089 genus
1843 2044 2005 2078 omnium
2033 2044 2231 2090 maximae)

1237 2097 1394 2131 trifidam
1420 2097 1514 2131 inter
1538 2103 1713 2136 caeteras,
1756 2096 1855 2130 cuius
1883 2096 2012 2141 singuli
2036 2095 2153 2130 trunci
2179 2095 2231 2128 vi-

1238 2148 1328 2193 ginti
1360 2150 1491 2194 pedum
1525 2148 1663 2181 ambitu
1695 2148 1948 2192 cingebantur;
2000 2148 2114 2193 spatia
2142 2159 2229 2181 vero

1209 2206 1211 2216 ¹
1240 2201 1313 2245 ipsa
1333 2201 1427 2234 inter
1443 2207 1588 2234 truncos
1606 2200 1702 2233 iuxta
1719 2207 1859 2234 vterram
1884 2199 2034 2233 totidem
2062 2199 2232 2245 pedibus;

1239 2265 1303 2297 per
1317 2252 1391 2297 ipsa
1412 2263 1498 2285 vero
1515 2251 1629 2296 spatia
1655 2263 1780 2286 currus
1807 2258 1956 2286 onustus
1977 2249 2126 2296 pulchre
2149 2250 2231 2285 duci

1238 2310 1392 2349 poterat.
1455 2304 1504 2337 At
1526 2302 1586 2336 ubi
1613 2303 1732 2337 trunci
1756 2304 1793 2336 in
1814 2315 1926 2337 unum
1958 2303 2123 2344 coibant,
2163 2300 2232 2336 hoc

1239 2362 1358 2389 autem
1383 2367 1402 2388 a
1430 2361 1524 2388 terra
1553 2355 1678 2400 procul
1709 2355 1858 2400 pedibus
1889 2354 2115 2401 quindecim,
2155 2360 2232 2387 erat

1239 2406 1437 2442 crassitudo
1465 2406 1605 2441 arboris
1628 2408 1758 2451 pedum
1786 2406 2025 2453 quadraginta
2055 2405 2232 2451 quinque3

1240 2459 1284 2491 ab
1318 2458 1390 2491 ima
1423 2465 1525 2503 parte
1555 2459 1738 2493 crassioris
1761 2459 1879 2492 trunci
1911 2458 1956 2491 ad
1988 2457 2128 2498 locum,
2170 2456 2230 2491 ubi

1238 2509 1360 2555 primo
1378 2510 1573 2555 prodibant
1591 2510 1703 2551 rami,
1733 2510 1838 2555 pedes
1852 2509 1919 2547 80;
1953 2509 2118 2554 superior
2136 2521 2233 2554 pars,

1239 2573 1282 2595 ex
1299 2573 1367 2607 qua
1385 2563 1475 2595 rami
1492 2562 1717 2607 pendebant,
1745 2562 1878 2607 absque
1897 2572 2086 2595 mensurae
2109 2561 2232 2595 modo.

1272 2673 1321 2701 23)
1342 2673 1418 2698 nom.
1440 2673 1490 2698 0d.
1511 2673 1559 2705 tv,
1579 2672 1631 2697 :³84
1646 2679 1705 2703 sqq.

1274 2716 1321 2743 2⁴)
1344 2716 1423 2747 virg*
1445 2717 1546 2747 εὕροι-ις.
1567 2716 1614 2747 tv,
1634 2715 1686 2740 ³50
1700 2721 1757 2745 sqq.
