2421 3005
65 109 140 145 509
532 101 621 138 XCI.

66 198 179 230 facete
196 205 275 226 cum
298 191 515 236 Gigantibus
532 190 640 224 etiam
660 189 896 223 conferuntur
910 187 1070 234 philoso-

64 246 148 293 phi,
177 245 238 291 qui
257 243 411 288 ingeniis
427 243 500 278 suis
517 242 670 275 nimium
691 242 897 282 confidunt,
931 241 1070 286 sibique

66 310 210 333 omnem
226 296 426 341 sapientiae
446 296 589 329 laudem
614 300 809 339 arrogant;
846 294 883 326 in
908 305 950 326 eo
976 293 1070 325 libro

64 348 224 386 Phaedri
248 349 357 382 verba
381 354 464 381 sunt
490 345 597 380 haec:
640 347 753 392 Atqui
786 344 877 379 mibi
903 345 1073 378 videntur

66 409 205 436 veteres
232 401 283 434 illi
309 399 405 434 haud
432 399 576 443 illepide
604 399 647 432 de
667 398 882 442 Gigantibus
908 395 1073 436 fabulati,

67 467 139 502 quo
172 452 304 487 horum
339 451 569 486 insolentiam
601 451 915 496 temeritatemque
947 461 1074 493 argue—

67 513 169 546 rent,
205 506 302 552 quod
328 517 367 538 ea
393 516 431 537 re
457 504 596 537 firmius
620 504 801 543 adducor,
838 509 878 536 ut
907 502 1072 535 credam:

68 560 166 605 quod
191 557 242 590 illi
269 556 452 590 montibus
477 557 591 590 tribus
615 562 789 601 tanquam
809 554 999 599 gradibus,
1026 552 1075 586 sic

67 607 276 656 philosophi
294 608 418 648 trinis,
447 615 551 641 antea
579 620 596 640 a
624 608 730 641 nobis
758 606 969 639 memoratis
996 603 1076 649 phi-

65 659 254 707 losophiae
284 661 447 706 partibus
478 661 516 693 in
550 660 721 694 altissima
758 659 835 692 loca
875 658 1076 690 moliuntur

69 726 252 749 ascensum
268 726 274 746 ἰ

173 772 228 796 'rer
247 772 312 795 sunt
331 770 425 795 conati
444 770 586 801 imponere
606 769 684 794 Pelio
705 769 808 794 Ossam

174 814 306 846 Scilicet,
330 815 414 845 atque
435 814 526 839 Ossae
544 813 707 838 frondosum
726 812 874 836 involvere
893 811 1058 842 Olympum:

173 859 227 883 Ter
246 860 328 889 pater
347 859 508 883 exstructos
529 856 636 882 disiecit
653 855 769 880 fulmine
788 856 908 880 montes.

68 903 219 948 Scripsit
236 903 377 943 divine,
405 909 445 936 ut
469 902 612 941 omnia,
640 907 746 945 poeta
772 901 935 933 omnium
964 898 1078 932 maxi-

67 955 226 1002 mus¹⁸);
270 967 336 988 nec
367 961 441 987 tam
473 954 532 986 ille
566 960 605 986 ut
629 952 849 997 Gigantum,
887 951 950 997 qui
982 957 1076 984 certe
1103 953 1105 959 '

68 1007 160 1041 nulli
176 1008 211 1041 id
229 1012 399 1051 egerunt,
425 1018 533 1051 quam
552 1011 592 1039 ut
610 1002 801 1038 homiuum
825 1004 897 1038 suis
922 1002 1077 1047 ingeniis
1103 1018 1105 1036 l

67 1059 223 1093 nimium
275 1057 534 1091 confidentium
588 1056 834 1101 arrogantiam
886 1056 1077 1094 refelleret,

69 1123 294 1157 quamquam
313 1122 390 1143 non
405 1109 542 1154 ingenii
562 1115 632 1148 cst,
661 1109 722 1143 sed
743 1108 960 1147 dementiae,
984 1119 1076 1151 quae
1104 1143 1106 1148 k

68 1163 170 1197 nullo
188 1162 340 1206 intelligi
362 1168 468 1206 pacto
496 1167 653 1207 queunt,
688 1161 725 1193 in
751 1173 789 1193 ea
816 1158 931 1192 nihilo
958 1160 1078 1192 minus

70 1214 201 1249 mentis
218 1214 331 1248 aciem
350 1214 395 1247 ad
414 1213 689 1258 intelligendum
710 1212 910 1246 intendere.

271 1297 456 1343 Iupiter
485 1311 563 1332 cur
590 1299 879 1332 fulminator.

122 1366 200 1401 Vss.
224 1364 300 1400 154
317 1380 370 1412 sq.
411 1369 496 1400 Tum
519 1373 619 1410 pater
645 1370 856 1410 omnipotens
882 1369 984 1400 misso
998 1378 1080 1410 per-

335 1418 443 1462 freyc't
463 1420 640 1463 Olympum

242 1471 411 1504 Fulmine.

154 1529 294 1564 Plinius
305 1529 349 1575 ¹⁹)
365 1530 500 1570 scribit,
518 1527 611 1563 hanc
629 1531 674 1563 ob
690 1542 833 1564 causam
849 1528 925 1563 Iovi
942 1529 1080 1563 fulmen

73 1582 267 1626 assignari,
297 1584 396 1627 quod
420 1582 516 1615 Inter
533 1582 731 1616 Saturnum
758 1589 792 1616 et
813 1582 967 1615 Martem
985 1580 1081 1626 Iupi-

73 1641 127 1667 ter
161 1634 207 1667 sit
237 1634 396 1674 medius,
441 1635 612 1680 quodque
645 1635 850 1668 contrariae
888 1634 1080 1680 qualitates

72 1685 230 1719 maxime
246 1686 285 1718 in
299 1684 383 1719 Iove
399 1692 547 1726 coeant,
577 1698 618 1719 ex
635 1687 821 1730 superiore
838 1686 1004 1720 videlicet
1019 1686 1082 1720 Sa-

74 1738 173 1772 turni
192 1737 324 1771 circulo
345 1737 499 1783 qualitas
524 1737 629 1770 nimii
653 1739 798 1782 frigoris
812 1766 820 1779 ,
850 1745 884 1771 et
902 1751 944 1772 ex
961 1738 1081 1771 Marte

75 1789 231 1835 qualitas
262 1789 366 1822 nimii
393 1789 541 1827 caloris;
588 1787 717 1823 harum
744 1790 913 1824 conflictu
944 1791 1082 1823 fulmen

75 1854 157 1874 cum
182 1841 322 1875 tonitru
339 1842 455 1874 emitti
475 1841 586 1875 veluti
605 1854 646 1875 ex
664 1842 839 1886 flagrante
856 1843 954 1886 ligno
973 1843 1082 1875 carbo

74 1893 171 1926 exilit
192 1905 274 1926 cum
302 1894 441 1939 crepitu
469 1900 620 1939 propter
645 1895 841 1928 earundem
866 1894 1081 1940 qualitatum

74 1957 247 1990 pugnam.

324 2041 589 2076 Concilium
620 2042 833 2075 Deorum.

125 2110 204 2145 Vss.
223 2110 297 2145 166
315 2124 368 2158 sq.
398 2114 555 2156 Ingentes
573 2114 689 2146 (ntimo
711 2117 743 2146 et
767 2114 891 2156 diynas
906 2113 981 2145 loz-e
1004 2123 1085 2145 con-

465 2166 547 2207 cipit
570 2166 644 2198 irus

286 2217 544 2262 conciliumque
563 2221 667 2250 vocat.

180 2275 341 2309 Deorum
360 2276 511 2309 concilia
532 2278 629 2320 apud
647 2281 772 2320 poetas
787 2276 919 2309 docent
934 2287 991 2309 res
1014 2273 1084 2308 hu-

73 2339 202 2362 manas
227 2339 301 2360 non
329 2328 417 2361 ferri
445 2340 548 2369 casu,
583 2329 643 2362 sed
670 2328 864 2373 gubernari
889 2334 987 2361 certo
1012 2327 1084 2360 Dei

74 2380 238 2414 consilio.
306 2378 434 2413 Itidem
462 2381 661 2413 admonent
684 2378 776 2413 nihil
799 2386 954 2420 temere,
989 2377 1084 2413 nihil

73 2432 279 2467 inconsulto
297 2434 477 2478 agendum
495 2433 533 2466 in
550 2432 754 2478 republica3
781 2444 866 2466 narn
884 2432 913 2466 si
931 2431 1083 2477 Iupiter,

146 2560 336 2591 philosophiae
357 2560 420 2584 libri
441 2559 500 2585 11.'’
526 2560 628 2590 prodiit
647 2560 736 2591 Lugd.
758 2559 832 2583 ¹538.
852 2561 877 2585 4.
904 2559 938 2584 ib.
959 2560 1035 2584 1543.
1055 2561 1082 2586 8,

145 2598 215 2655 330.¹¹
248 2595 478 2661 giltt'qnsspggine:
517 2596 624 2620 Haudb.
652 2595 701 2619 dei·
727 2595 838 2625 allgem.
858 2595 1080 2626 Litterargeseh.

110 2673 156 2706 18)
176 2674 256 2706 Virg.
278 2674 381 2706 Georg.
401 2675 423 2706 1,
442 2674 604 2699 281-283.

110 2717 247 2784 ffliiqpiin'
266 2718 329 2743 Nat.
351 2719 422 2744 flist.
443 2718 477 2751 11,
497 2725 518 2743 c.
539 2719 578 2743 18.
606 2718 655 2743 Ed.
677 2717 783 2742 Franz.
805 2716 842 2749 (c,
858 2717 901 2743 20.
920 2717 1007 2741 Editt.
1027 2723 1081 2742 an-

674 99 963 137 ENARRATIO
997 96 1479 134 METAMORPHOSEON
1515 96 1677 133 OVIDII.

2061 98 2136 134 510

1126 186 1183 220 cui
1213 185 1424 220 attribuitur
1454 198 1594 220 summa
1623 192 1780 229 potestas
1807 186 1970 219 omnium
2000 198 2137 229 rerum,

1127 236 1274 272 adhibet
1289 249 1438 283 superos
1457 238 1493 271 in
1511 238 1722 277 consilium,
1752 239 1892 283 quoties
1919 238 1950 271 ei
1976 245 2137 273 statuen-

1127 292 1212 324 dum
1239 297 1291 324 est
1316 290 1454 336 aliquid
1479 290 1640 334 gravius:
1687 296 1825 335 quanto
1858 291 1972 334 magis
1996 291 2033 324 id
2058 291 2137 325 fieri

1127 343 1233 376 debet
1249 343 1294 376 ab
1312 340 1540 382 hominibus,
1569 355 1650 376 cum
1677 339 1839 375 humana
1864 343 2061 387 sapientia,
2092 345 2137 377 ad

1127 395 1289 428 divinam
1318 394 1469 435 collata,
1504 394 1550 428 sit
1575 394 1685 428 nulla.
1747 393 1841 427 Hinc
1869 407 1954 439 ergo
1984 396 2138 435 discant,

1129 447 1335 493 quicunque
1355 447 1391 479 in
1418 458 1561 480 summo
1587 452 1671 480 sunt
1696 446 1931 490 magistratu,
1974 459 2019 480 ne
2049 448 2137 493 quid

1129 505 1240 543 agant
1256 499 1332 532 sine
1349 499 1520 538 consilio,
1548 500 1610 532 sed
1636 505 1675 531 ut
1701 505 1903 532 convocent
1930 500 2138 540 concilium,

1129 551 1280 583 audiant
1296 551 1493 584 multorum
1511 551 1727 590 sententias,
1762 550 1893 595 placita
1921 557 2139 596 temperent,

1130 609 1163 636 et
1182 602 1358 646 cogitent,
1387 602 1448 635 ubi
1467 603 1588 646 magui
1607 602 1784 636 momenti
1801 603 1986 648 negotium
2007 603 2140 648 agitur,

1130 666 1174 687 ne
1192 653 1269 687 Iovi
1290 655 1436 700 quidem
1463 667 1566 688 suum
1595 655 1680 689 satis
1705 667 1778 688 esse
1802 655 2006 690 consilium.
2069 656 2141 689 De-

1103 715 1104 718 ’
1130 706 1300 740 scribitur
1318 713 1437 739 autem
1459 707 1597 750 egregie
1617 707 1773 740 officium
1794 707 1882 740 boni
1905 708 2079 753 principis
2106 715 2141 742 et

1130 759 1224 792 ratio
1242 758 1512 803 puniendorum
1532 759 1746 792 delictorum
1772 757 1841 792 hoc
1868 760 1967 800 loco,
2002 761 2064 794 ubi
2084 759 2142 794 Iu-

1131 811 1225 855 piter
1248 811 1285 843 in
1317 817 1421 844 coetu
1448 810 1610 844 Deorum
1643 811 1692 844 sic
1727 811 1845 857 inquit
1879 811 1973 855 (Vss.
2000 813 2071 847 188
2089 832 2142 839 —-

1133 862 1236 909 191.)
1249 877 1254 895 z

1184 925 1396 957 Per-‹lendam
1414 929 1462 957 est
1473 923 1519 969 ²⁰)
1537 924 1679 957 mortale
1689 936 1809 967 yemcs,
1825 937 1887 967 per
1901 925 2047 967 flumina
2067 929 2141 960 iuro

1184 976 1303 1019 Inserta
1316 1003 1323 1015 ,
1351 977 1410 1009 sub
1427 981 1541 1009 terras
1559 977 1679 1018 Stygio
1696 977 1846 1010 lubentia
1865 977 1954 1017 luco,

1186 1031 1314 1062 Puncta
1356 1030 1455 1071 prius
1497 1029 1658 1061 tentanda
1673 1027 1739 1072 2¹)‚·
1794 1030 1852 1061 sed
1895 1030 2140 1063 immedicabile

1765 1081 1884 1114 vulnus

1186 1134 1277 1165 Ense
1294 1133 1508 1164 recidendum
1525 1136 1573 1164 est
1582 1130 1642 1176 ²⁰),
1662 1143 1702 1163 ne
1716 1143 1800 1174 pars
1817 1135 1952 1166 sincera
1968 1134 2141 1167 trahatur.

1133 1191 1200 1224 Hic
1219 1191 1315 1224 euim
1337 1191 1517 1235 principes
1533 1204 1573 1224 ac
1591 1191 1822 1235 magistratus
1842 1193 2038 1229 docentur,
2068 1205 2143 1224 non

1135 1244 1239 1277 aliter
1257 1243 1435 1287 agendum
1454 1255 1533 1276 cum
1554 1242 1710 1283 civibus,
1739 1244 1801 1289 qui
1825 1244 2063 1290 delinquunt,
2092 1250 2145 1277 at-

1134 1307 1203 1342 que
1227 1307 1307 1328 cum
1324 1295 1498 1329 membris
1514 1295 1787 1340 languentibus:
1829 1308 1972 1341 semper
1991 1295 2141 1342 quidem

1135 1347 1408 1381 anteferendam
1423 1347 1610 1381 lenitatem
1627 1347 1831 1387 severitati;
1863 1350 1926 1383 sed
1951 1355 1991 1382 ut
2016 1348 2054 1381 in
2078 1348 2145 1381 dif-

1134 1399 1286 1433 ficilibus
1303 1399 1441 1434 morbis
1461 1400 1648 1440 curandis,
1686 1401 1736 1434 sic
1755 1401 1793 1434 in
1814 1401 1984 1446 gravibus
2005 1401 2143 1435 delictis

1134 1452 1328 1497 puniendis
1347 1452 1530 1486 interdum
1548 1453 1749 1487 acrioribus
1767 1454 1942 1487 utendum
1961 1453 2144 1487 remediis.

1135 1504 1244 1550 Quod
1276 1511 1317 1538 ut
1348 1504 1637 1549 sapientissimus
1670 1512 1778 1550 poeta
1804 1506 1999 1550 significet,
2044 1505 2146 1549 fingit

1135 1557 1254 1602 ipsum
1282 1555 1404 1590 lox-em
1437 1558 1620 1590 affirmare
1652 1557 1890 1591 iureiurando
1923 1570 1959 1592 se
1989 1558 2145 1591 invitum

1135 1608 1304 1655 persequi
1342 1621 1479 1653 poenas
1516 1610 1736 1650 atrociores,
1784 1612 2014 1657 eundemque
2050 1610 2145 1643 ferre

1136 1660 1229 1695 hanc
1256 1661 1472 1695 sententiam
1504 1661 1542 1694 in
1568 1659 1736 1696 homines
1760 1663 1942 1707 perditos,
1979 1662 2147 1696 videlicet

1136 1720 1279 1759 partem
1309 1713 1493 1758 corporis,
1531 1727 1624 1759 quae
1649 1715 1849 1749 remedium
1875 1728 1951 1749 non
1976 1714 2149 1755 admittit,

1138 1778 1211 1800 esse
1229 1766 1473 1800 recidendam.
1528 1766 1604 1800 Hac
1629 1767 1738 1800 etiam
1766 1769 1809 1801 de
1835 1779 1942 1802 causa
1967 1767 2053 1800 olim
2074 1766 2149 1799 Ro-

1137 1818 1256 1852 manis
1298 1818 1505 1852 consulibus
1549 1820 1849 1863 praeferebantur
1887 1820 1998 1853 fasces
2019 1846 2027 1859 ,
2079 1817 2147 1851 hoc

1139 1877 1211 1910 est,
1261 1871 1384 1915 virgae
1420 1870 1605 1905 securibus
1642 1872 1827 1915 alligatae:
1885 1871 2016 1917 quibus
2051 1870 2147 1903 idem

1138 1922 1429 1967 significabatur,
1477 1935 1608 1968 nempe
1645 1923 1897 1968 corrigendam
1934 1935 2008 1957 esse
2046 1922 2149 1955 mali-

1140 1975 1248 2014 tiam,
1290 1986 1381 2020 quae
1405 1975 1527 2008 sanari
1552 1975 1685 2018 possit;
1730 1988 1823 2022 quae
1847 1987 1935 2009 vero
1961 1974 2149 2009 emendari

1139 2033 1317 2073 nequeat,
1346 2026 1627 2061 abscindendam
1656 2040 1741 2062 esse.
1796 2027 1929 2073 Virgae
1953 2027 2048 2061 enim
2071 2039 2150 2060 cor-

1138 2079 1279 2124 rigunt;
1308 2091 1448 2113 secures
1465 2086 1585 2114 autem
1605 2081 1832 2114 abscindunt.
1888 2079 2150 2114 Constantinus

1139 2129 1344 2177 Imperator
1378 2144 1458 2165 cum
1492 2132 1690 2178 aliquando
1718 2133 1941 2167 consultaret
1972 2133 2015 2166 de
2049 2144 2150 2165 coer-

1141 2185 1252 2218 cenda
1279 2196 1424 2218 morum
1451 2185 1674 2230 petulantia,
1709 2186 1824 2219 fertur
1850 2197 2043 2230 usurpasse
2061 2183 2150 2218 Ovi-

1140 2237 1286 2269 dianam
1309 2234 1403 2270 hanc
1427 2237 1666 2277 sententiam,
1701 2244 1810 2284 atque
1834 2237 1882 2271 ita
1911 2237 2148 2271 exclamasse:

1140 2287 1407 2322 immedicabile
1425 2290 1554 2323 vulnus
1574 2302 1657 2323 ense
1674 2289 1908 2324 recidendum
1935 2296 2003 2328 est;
2040 2287 2149 2333 signi-

1139 2342 1249 2374 ficans
1267 2341 1633 2376 animadvertendum
1651 2355 1724 2376 esse
1743 2354 1883 2377 summa
1902 2341 2091 2376 severitate
2110 2341 2147 2372 in

1139 2391 1306 2426 homines
1324 2393 1530 2438 improbos,
1559 2394 1620 2439 qui
1637 2394 1824 2428 emendari
1843 2400 2040 2440 nequeunt,
2070 2404 2148 2425 eos-

1140 2458 1209 2491 que
1228 2445 1329 2479 nullo
1356 2446 1466 2479 modo
1492 2445 1529 2478 in
1552 2447 1735 2491 republica
1761 2448 1930 2480 serendos
1954 2457 2039 2478 esse.
2095 2443 2147 2477 M.

1139 2498 1265 2531 Cicero
1300 2498 1424 2530 eadem
1460 2498 1637 2531 sententia
1669 2499 1784 2532 utitur
1807 2499 1900 2532 libro
1929 2496 2145 2530 Officifflum

1171 2633 1220 2661 20)
1240 2629 1296 2663 est]
1318 2630 1359 2654 sic
1377 2631 1461 2656 Editt.
1478 2631 1572 2658 1555..
1593 2631 1689 2662 1559.;
1725 2631 1751 2654 iu
1772 2629 1851 2656 Ovid.
1872 2629 1921 2653 Ed.
1944 2628 2054 2653 Mitsch.
2078 2628 2146 2652 haec

1206 2673 1260 2691 vox
1281 2668 1380 2690 neutro
1400 2667 1462 2690 loco
1482 2667 1594 2698 legitur.

1170 2718 1217 2750 21)
1238 2718 1398 2747 tentanda]
1424 2717 1466 2742 sic
1491 2717 1576 2742 Editt.
1601 2717 1694 2749 1555.,
1724 2717 1817 2742 1559.:

1205 2754 1331 2779 tentata.

1856 2716 1936 2742 Ovid,
1962 2716 2014 2740 Ed.
2034 2713 2145 2739 Mitsch.
