2341 2973
144 78 220 115 407
744 75 868 123 PHIL.
897 74 1010 112 MEL.
1038 75 1240 112 SCRIPTA
1268 76 1606 116 PHILOLOGICA.
2129 85 2203 120 408

146 171 186 198 ut
210 175 276 198 nos
307 162 413 196 etiam
438 160 610 197 babemus
643 169 736 196 certa
769 170 803 198 et
834 163 1021 197 distributa
1056 170 1174 196 tem--

146 228 235 261 pora
261 215 410 255 edendi,
447 227 537 260 quae
562 227 646 249 sane
676 214 811 249 habent
834 215 989 248 infinitas
1011 214 1146 247 utilita-

151 275 218 305 tes3
249 266 333 299 olim
351 279 422 299 una
446 267 522 300 vice
546 268 670 312 pransi
693 274 776 301 sunt
793 268 830 300 in
845 265 901 297 die
921 265 1062 298 circiter
1081 264 1146 299 ho-

149 331 224 351 ram
243 318 408 357 tertiam,
452 319 616 364 quamvis
652 319 750 363 prius
786 329 891 349 mane
924 317 1144 351 ientaculum

147 370 380 403 comederint.
431 369 504 404 Das
532 368 664 403 habent
688 368 744 401 die
767 379 913 411 grossen
937 366 1069 401 herren
1088 381 1145 413 ge-

145 420 245 461 than,
273 421 336 454 der
354 422 494 465 gemeIn
511 432 594 454 man
611 417 672 452 hat
691 420 884 463 prandium
904 421 977 453 und
995 432 1144 453 coenam

145 470 286 516 gehabt.
341 472 398 505 Sic
421 484 486 504 nos
512 469 684 504 habemus
708 471 901 515 prandium
929 478 964 504 et
984 484 1144 506 coenam.

143 523 192 556 Et
207 535 293 557 sane
313 521 400 555 haec
424 523 517 555 ratio
535 534 609 555 non
627 528 678 555 est
694 522 946 562 incommoda,
975 524 1084 556 modo
1100 536 1144 556 ne

144 572 368 608 stomachum
387 574 500 606 nimio
518 574 596 606 cibo
616 585 820 607 oneremus.
859 574 1017 608 Galenus
1036 576 1144 608 etiam

146 626 328 670 improbat
343 623 585 670 μοινοσιτίαν,
614 625 650 657 id
669 631 738 665 est,
767 626 876 659 semel
900 626 1015 660 edere.

246 676 307 710 Vs.
325 676 411 710 338.
440 678 663 721 Halcyonem]
698 676 752 709 De
778 675 834 710 his
857 677 937 710 vide
963 677 1000 709 in
1025 678 1144 722 primo

144 728 234 761 libro
252 727 308 770 ¹¹).
415 731 609 762 Acanthida
625 726 693 774 1”·’·)]
724 728 792 761 liin
811 729 1033 772 distelvogel.

244 778 305 812 Vs.
322 778 407 812 339.
436 781 523 820 Quid
539 783 601 814 tibi
613 782 784 824 pastores]
808 779 978 813 Oratoria
996 785 1030 812 et
1044 780 1142 812 lucu-

144 831 237 864 lenta
265 831 456 874 descriptio
483 830 640 876 hyemis,
670 831 785 877 qualis
810 833 855 865 sit
878 830 1087 864 deformitas
1112 836 1146 863 et

143 882 275 927 species
300 888 416 915 terrae
442 889 476 915 et
502 883 593 917 aeris
623 883 659 915 in
683 881 824 928 hyeme.
892 882 989 915 Haec
1015 882 1145 915 descri-

142 933 217 978 ptio
235 939 353 978 potest
370 934 471 968 vobis
487 947 559 968 esse
578 932 769 978 pulchrum
789 934 991 978 exemplum
1018 934 1145 978 ampli-

142 985 336 1024 ficationis;
366 986 442 1018 vult
459 992 577 1019 autem
597 984 665 1019 hoc
683 986 819 1026 dicere,
846 983 1051 1018 habendam
1071 998 1145 1019 esse

142 1037 322 1070 rationem
351 1037 533 1077 locorum,
578 1044 613 1070 et
648 1050 714 1082 pro
750 1037 957 1070 diversitate.
982 1038 1144 1070 locorum

143 1101 216 1123 esse
233 1089 447 1122 emittendas
467 1089 523 1121 vel
543 1089 779 1122 continendas
798 1089 963 1133 pecudes.

244 1140 305 1174 Vs.
322 1139 409 1174 340.
437 1141 614 1183 Mapalia]
642 1141 820 1175 Nomada.
873 1140 1060 1173 Vocantur
1083 1151 1144 1172 au-

142 1200 212 1225 tem
241 1192 423 1226 Nomades
450 1204 575 1226 omnes
605 1199 747 1236 gentes,
793 1204 884 1237 quae
911 1204 986 1224 non
1011 1188 1146 1224 habent

143 1244 279 1277 iunctas
295 1245 442 1285 domos,
470 1243 561 1277 sicut
577 1244 613 1276 in
637 1244 798 1277 urbibus.
852 1243 910 1277 Sic
935 1241 1043 1276 hodie
1061 1242 1145 1287 Scy-

142 1293 225 1328 thae
244 1296 412 1329 dicuntur
428 1294 593 1329 habitare
611 1308 685 1329 non
705 1295 741 1328 in
757 1295 862 1330 certis
881 1295 988 1335 locis,
1014 1300 1048 1328 et
1064 1294 1144 1327 ideo

142 1346 227 1380 dicti
243 1354 326 1381 sunt
345 1344 568 1393 ἁμαξόβιοι,
597 1348 633 1381 id
650 1354 714 1388 est,
743 1348 954 1381 vectitantes
975 1347 1013 1379 in
1033 1346 1145 1380 curri-

141 1399 226 1439 bus,
256 1399 338 1432 inde
364 1399 470 1432 etiam
495 1399 609 1433 Mosci
635 1400 816 1433 dicuntur.
871 1399 928 1432 Sic
952 1399 989 1432 in
1014 1397 1146 1432 Genesi

143 1451 256 1485 sancti
289 1451 340 1484 illi
374 1457 494 1495 patres
516 1450 725 1492 Abraham,
758 1450 876 1491 Isaac,
911 1449 1042 1490 Iacob,
1078 1456 1144 1484 etc.

141 1504 287 1537 fuerunt
304 1515 448 1549 quoque
474 1505 667 1544 nomades,
696 1503 730 1536 id
754 1509 825 1543 est,
853 1503 1060 1547 vagabundi
1084 1513 1147 1546 pa-

142 1561 266 1588 stores.
336 1553 562 1589 Vocabulum
594 1556 712 1600 ipsum
747 1555 878 1588 dicitur
907 1566 926 1586 a
951 1552 1073 1599 νέιιω,
1109 1553 1145 1586 id

143 1612 216 1646 est,
252 1617 372 1650 pasco,
433 1606 596 1640 Fuerunt
620 1607 689 1640 illis
714 1606 939 1650 temporibus
964 1606 1001 1638 in
1025 1604 1146 1637 Africa

142 1670 218 1691 non
242 1658 291 1690 ita
318 1658 423 1691 urbes
450 1664 483 1691 et
508 1659 613 1703 pagi,
637 1658 727 1692 sicut
746 1658 842 1702 apud
863 1669 929 1690 nos
956 1662 1057 1697 sunt,
1085 1657 1146 1689 sed

144 1709 392 1754 unusquisque
420 1707 548 1743 habuit
568 1722 648 1744 suas
675 1710 779 1743 aedes
808 1708 846 1741 in
879 1708 1029 1753 proprio
1053 1708 1146 1742 loco.

144 1762 176 1794 A
198 1762 414 1795 nomadibus
431 1761 609 1795 Numidae
636 1773 770 1794 nomen
795 1758 940 1793 babent.
1021 1761 1146 1802 Mapa-

144 1814 208 1854 lia]
244 1813 279 1845 id
302 1818 370 1852 est,
406 1825 523 1852 casas,
559 1812 735 1856 significat
765 1812 852 1845 illud
883 1817 999 1845 totum
1026 1812 1146 1844 stabu-

145 1865 243 1904 lum,
271 1865 369 1909 quod
387 1863 547 1897 continet
563 1864 819 1897 domunculam
841 1870 875 1897 et
889 1863 1067 1896 stabulum
1088 1875 1147 1907 pe-

146 1916 290 1949 cudum.
394 1917 518 1958 Raris]
548 1915 583 1948 id
602 1922 673 1956 est,
700 1928 775 1948 non
798 1915 938 1949 iunctis.

249 1966 310 2000 Vs.
335 1966 422 2001 344.
456 1970 700 2002 Ανητεηΐανὶιιε
718 1967 821 2011 Aser]
855 1967 996 2000 Africae
1013 1973 1148 2011 tempe-

146 2017 216 2051 ries
232 2018 335 2051 valde
355 2019 497 2053 laudata
526 2027 596 2060 est,
625 2020 815 2064 praecipue
840 2018 969 2053 inistis
992 2018 1148 2062 regioni-

147 2070 232 2110 bus,
261 2082 352 2114 quae
378 2077 460 2104 sunt
482 2071 573 2104 circa
603 2069 880 2115 Carthaginem,
907 2077 947 2103 ut
968 2070 1055 2102 dicit
1076 2067 1148 2101 Pli-

147 2121 250 2162 nius,
279 2121 380 2154 reddi
404 2122 453 2154 ibi
472 2123 506 2154 in
524 2123 628 2156 certis
647 2123 734 2156 locis
755 2122 1018 2165 trecentuplnm
1044 2119 1149 2154 semi-

148 2173 225 2212 nis,
254 2172 289 2205 id
309 2179 379 2211 est,
407 2185 477 2205 von
495 2173 610 2206 einem
640 2171 783 2207 schefl'cl
800 2174 875 2206 300
891 2171 1047 2206 schesfel.
1108 2169 1148 2202 ln

149 2223 283 2257 nostris
313 2223 541 2267 regionibus,
578 2237 680 2258 wans
702 2224 805 2257 Korn
836 2223 909 2255 xxol
931 2220 1074 2266 gereth,
1109 2234 1148 2255 so

152 2275 228 2319 gibt
248 2275 307 2307 ein
323 2273 465 2308 scheffel
483 2274 505 2307 9
521 2274 684 2316 schessel,
713 2276 749 2308 in
769 2275 885 2320 Mysia
908 2275 966 2307 10.
1021 2272 1060 2306 In
1080 2274 1148 2306 Ge-

151 2326 227 2360 nesi
245 2326 291 2372 l³)
321 2327 427 2359 etiam
448 2327 631 2370 praedicat
648 2326 745 2360 Isaac
762 2325 1048 2359 benedictionem
1068 2325 1149 2365 Dei,

149 2377 234 2411 dicit
251 2390 286 2411 se
304 2378 478 2422 accepisse
498 2390 539 2411 ex
561 2390 633 2411 uno
654 2378 776 2410 modio
795 2384 951 2411 centum.

247 2428 309 2463 Vs.
326 2428 414 2465 345.
441 2431 739 2475 Amyclaeumque]
764 2429 798 2461 id
819 2435 888 2468 est,
914 2428 1149 2467 Laconicum,

148 2479 231 2525 quia
246 2479 418 2514 Laconici
443 2493 547 2515 canes
572 2482 717 2513 suerunt
743 2479 1060 2524 praestantissimi3
1096 2480 1149 2512 su-

189 2595 232 2628 ¹1)
252 2596 323 2620 Vide
344 2602 428 2626 supra
451 2595 546 2626 p.374.
566 2597 661 2620 annot.
680 2595 715 2619 ad
735 2594 816 2623 Vin-gg,
838 2595 937 2621 Geor-gg,
958 2595 977 2625 1,
992 2595 1051 2619 39¹3.

185 2647 230 2679 12)
249 2647 425 2679 Acanthida]
447 2648 486 2671 sic
507 2648 552 2671 Ed.
572 2649 662 2677 1544.;
682 2647 730 2671 Ed.
752 2647 890 2677 *xv-‘ignem
910 2647 1111 2671 ‹ts-‹dannaidta

187 2698 232 2730 13)
254 2700 353 2724 Genes.
371 2699 415 2729 26,
439 2699 478 2723 12.

1204 172 1309 198 erunt
1329 164 1423 198 enim
1448 167 1534 199 boni
1559 174 1760 202 venatores.

1198 229 1292 251 niae.

1814 168 1960 214 Amycle
1988 172 2072 205 urbs
2090 170 2203 205 Laco-

1401 219 1636 265 Cressamque]
1666 220 1701 252 id
1720 226 1789 260 est,
1819 220 2036 256 Cretensem.

1304 268 1362 302 Vs.
1388 268 1475 303 347.
1518 272 1589 305 Sub
1618 271 1723 314 fasee]
1765 271 1842 305 Hoc
1872 284 1947 305 non
1971 273 2132 318 intelligo
2158 274 2201 307 de

1199 319 1375 353 fasciculis
1402 322 1695 364 magistratuum,
1730 324 1790 356 sed
1812 325 1854 356 de
1874 324 1942 358 illis
1970 325 2075 370 ipsis,
2112 337 2202 370 quos

1202 372 1387 414 gestabant
1406 373 1553 413 milites,
1583 374 1666 419 quia
1685 375 1815 409 milites
1840 375 1905 420 ipsi
1931 377 2118 420 gestabant
2138 388 2202 410 sua

1201 422 1479 466 impedimenta,
1514 437 1588 458 non
1615 426 1761 460 suerunt
1785 428 1832 460 ita
1860 428 2002 461 delicati
2027 434 2067 462 ut
2087 427 2203 461 nostri

1201 474 1404 508 bellatores.
1460 475 1661 522 Romanus)
1672 484 1707 510 et
1724 478 1981 514 Macedonicus
2001 479 2104 513 miles
2128 480 2203 513 fue-

1201 532 1286 559 runt
1304 527 1516 562 excellentes
1534 529 1721 573 disciplina
1739 530 1898 566 militari,
1927 539 1992 571 per
2010 539 2119 572 quam
2138 532 2203 559 im-

1202 577 1342 621 perium
1362 579 1460 613 orbis
1480 580 1600 622 adepti
1617 585 1711 613 sunt.

1305 629 1362 664 Vs.
1380 630 1467 664 348.
1495 630 1737 671 Expectaium]
1774 627 1810 661 id
1837 635 1907 669 est,
1935 636 2017 662 ante
2036 635 2202 673 expecta—

1200 679 1337 712 tionem
1358 678 1481 713 hostis.

1306 730 1363 764 Vs.
1375 731 1460 765 349.
1485 733 1531 764 At
1549 734 1633 773 non]
1660 731 1792 764 scilicet
1810 738 1861 765 est
1879 731 1993 766 simile
2012 731 2047 763 in
2063 737 2202 775 septen-

1201 782 1330 816 trione.
1437 783 1599 826 Scythiae
1618 786 1751 826 ρωπος]
1778 781 1922 828 Scythia
1947 789 1999 817 est
2021 788 2104 827 post
2120 782 2203 816 Sar-

1199 833 1347 865 matiam
1363 861 1371 873 ,
1401 846 1447 866 an
1465 835 1521 867 die
1540 833 1736 879 Muschgen
1757 836 1830 868 und
1847 834 2020 869 Reussen.
2140 860 2143 861 ν

1305 883 1362 919 Vs.
1391 883 1478 919 350.
1523 883 1628 933 Ister]
1663 887 1700 919 id
1726 893 1796 927 est,
1837 886 2038 920 Danubius.
2111 885 2204 920 Sunt

1201 936 1273 969 duo
1305 937 1462 969 maxima
1488 938 1658 978 flumina,
1691 951 1846 984 quorum
1877 939 2029 972 alterum
2051 936 2154 972 Nilus
2182 949 2203 970 a

1202 987 1352 1021 meridie
1379 1001 1501 1022 versus
1525 990 1806 1033 septentrionem
1838 990 1935 1028 fluit;
1980 990 2132 1023 alterum
2157 989 2202 1022 ab

1201 1040 1384 1073 occidente
1402 1040 1439 1072 in
1466 1040 1663 1082 orientem,
1691 1054 1845 1087 quorum
1872 1042 1961 1076 ostia
1986 1041 2072 1075 dicit
2088 1040 2202 1074 Hero-

1200 1092 1306 1124 dotus
1324 1091 1455 1125 distare
1478 1090 1524 1126 15
1543 1092 1695 1126 dierum.

1305 1142 1363 1177 Vs,
1381 1141 1468 1178 351.
1504 1146 1575 1178 Sub
1599 1147 1719 1188 axem]
1756 1145 1791 1178 id
1815 1151 1886 1186 est,
1912 1145 1976 1179 sub
1998 1145 2114 1189 ipsum
2138 1156 2202 1188 po-

1198 1194 1294 1234 lum,
1328 1195 1364 1227 id
1390 1202 1461 1235 est,
1498 1196 1559 1230 ubi
1588 1202 1640 1231 est
1664 1209 1794 1241 magna
1823 1196 1988 1230 elevatio.
2048 1193 2204 1230 Pulchre

1200 1246 1370 1280 describit
1391 1247 1468 1280 loca
1490 1248 1809 1290 septentrionalia,
1838 1260 1929 1294 qnae
1945 1259 2115 1294 magnam
2135 1248 2204 1282 ele-

1203 1297 1384 1330 vationem
1405 1295 1550 1330 habent.

1304 1348 1364 1383 Vs.
1391 1346 1477 1383 356,
1514 1351 1636 1392 Cauri]
1665 1349 1700 1382 id
1727 1356 1799 1391 est,
1833 1348 1932 1383 venti
1956 1349 2133 1394 spirantes
2158 1349 2202 1383 ab

1201 1412 1329 1435 occasu
1354 1400 1544 1435 solstitiali.

1304 1460 1364 1494 Vs.
1392 1459 1479 1495 357.
1519 1463 1604 1495 Tum
1626 1462 1691 1503 sol]
1727 1460 1762 1493 id
1790 1466 1860 1501 est,
1901 1466 1984 1494 sunt
2008 1469 2202 1507 perpetuae

1202 1511 1366 1545 nebulae.

1304 1562 1364 1597 Vs.
1380 1562 1467 1598 358.
1494 1566 1565 1598 Nee
1581 1566 1673 1606 cum]
1702 1564 1738 1597 id
1766 1570 1836 1604 est,
1870 1563 1990 1597 necin
2007 1572 2109 1606 ortu,
2137 1577 2203 1600 nec

1202 1614 1240 1648 in
1263 1627 1401 1649 occasu.

1306 1666 1365 1701 Vs.
1383 1666 1470 1701 359.
1496 1669 1615 1709 Lavit]
1637 1666 1909 1711 Coniugationis
1929 1667 2055 1701 tertiae
2071 1668 2204 1703 lavere.

1302 1718 1360 1752 Vs.
1386 1719 1472 1753 361.
1512 1722 1689 1765 Undaque]
1722 1719 1820 1753 Sicut
1851 1731 1915 1764 ego
1940 1719 2014 1753 vidi
2040 1719 2204 1764 congela-

1203 1776 1277 1803 tum
1298 1768 1466 1804 Rhenum
1494 1778 1527 1804 et
1545 1771 1685 1812 Albim,
1714 1777 1753 1805 ut
1775 1783 1926 1816 magnae
1952 1773 2064 1806 moles
2088 1778 2204 1806 trans—

1202 1819 1284 1855 vehi
1310 1829 1468 1867 possent.

1305 1883 1364 1917 Vs.
1385 1883 1472 1917 363.
1501 1886 1658 1930 Aeraque
1680 1884 1872 1925 dissiliunt]
1898 1882 1975 1916 Hoc
1999 1896 2122 1928 verum
2140 1890 2206 1925 est,

1202 1933 1293 1969 sicut
1309 1935 1417 1968 etiam
1434 1935 1526 1968 vitra
1545 1935 1741 1975 dissiliunt,
1767 1933 1848 1974 quia
1868 1934 1980 1972 frigus
1996 1935 2205 1974 comprimit

1203 1993 1342 2021 aerem,
1370 1986 1432 2027 qui
1450 1986 1546 2014 intus
1564 1987 1626 2014 est.

1304 2033 1365 2067 Vs.
1384 2033 1471 2067 364.
1498 2032 1699 2072 Securibus]
1724 2028 1878 2063 Pulchra
1897 2028 2148 2077 hypotyposis.

1311 2084 1368 2119 Vs.
1386 2085 1473 2119 366.
1490 2085 1668 2125 ludar-mn]
1685 2083 1825 2115 Addam
1844 2083 1942 2116 aliud
1959 2083 2204 2119 mendacium.

1203 2136 1242 2170 ln
1276 2137 1418 2182 oppidis
1449 2135 1680 2170 Saramaticis
1715 2135 1860 2180 quando
1895 2132 2078 2169 advehunt
2106 2135 2204 2180 ligna

1202 2189 1345 2229 rustici,
1383 2194 1417 2221 et
1448 2189 1573 2221 volunt
1609 2198 1801 2231 emungere
1832 2199 1957 2228 nares,
1998 2193 2083 2221 tunc
2111 2193 2206 2222 totas

1204 2241 1389 2275 abiiciunt.

1304 2299 1363 2334 Vs.
1384 2297 1470 2332 369.
1498 2300 1643 2343 Aymc'ne
1658 2300 1764 2340 cervi]
1794 2298 1899 2332 Cervi
1927 2297 2066 2342 magnis
2092 2297 2203 2342 agmi—

1203 2353 1308 2385 nibus
1325 2357 1440 2391 stant,
1469 2357 1503 2383 et
1527 2351 1574 2383 ita
1599 2363 1634 2384 se
1659 2357 1786 2383 mutuo
1813 2350 1931 2383 calore
1952 2350 2087 2383 fovent.
2139 2348 2203 2383 Est

1206 2401 1395 2449 pulchrum
1416 2403 1616 2446 exemplum
1636 2408 1782 2435 mutuae
1800 2401 2084 2435 benevolentiae.

1308 2454 1365 2488 Vs.
1382 2453 1467 2489 372.
1498 2456 1661 2488 Punieeae
1675 2466 1805 2497 pennae
1823 2453 1884 2499 ¹⁴)]
1909 2453 1943 2485 id
1963 2458 2033 2493 est,
2062 2463 2202 2496 pennae

1203 2518 1395 2550 suspensae
1413 2507 1455 2538 ad
1477 2508 1663 2539 terrendos
1682 2517 1817 2545 cervos,
1846 2504 1957 2538 nostri
1978 2504 2109 2538 lodices
2128 2515 2203 2537 sus-

1202 2558 1376 2602 pendunt.

1241 2694 1287 2726 14)
1305 2694 1428 2728 pennae]
1450 2695 1490 2719 sic
1508 2694 1557 2720 Ed.
1576 2696 1668 2726 154&
1686 2694 1734 2718 Ed.
1755 2693 1890 2725 Wagner.
1909 2694 2031 2724 pinnam
