2421 3005
104 126 179 165 245
533 121 720 158 LXXXIII.

104 215 192 248 alios
210 214 378 259 aequales
395 210 541 246 habent.
596 210 699 257 Quae
719 217 839 244 autem
864 210 956 243 vidit
981 209 1112 255 aliquis

103 277 286 311 praesens,
314 277 352 298 ea
375 270 490 309 potest
507 262 803 297 excellentissime
821 273 984 296 narrare.
1014 261 1113 308 Qua-

102 318 171 351 lem
189 329 275 350 vero
294 317 465 355 laudans,
494 315 680 350 Melesiam
707 315 863 348 moverit
890 313 1015 347 litem?
1058 313 1113 346 in·
1138 331 1139 336 =

103 370 216 403 victus
233 369 328 402 enim
348 375 418 408 est,
446 367 475 401 si
496 374 646 402 vocetur
663 368 700 400 in
719 374 921 407 certamen,
951 365 1111 411 placidus
1137 391 1139 397 ,

1136 445 1137 460 3
1164 415 1202 448 in
1236 416 1398 461 Aegina,

1135 465 1138 486 2
1165 468 1315 512 adeptus
1341 480 1377 502 es
1399 465 1556 513 hymnos
1579 467 1767 502 victoriae.

102 421 206 456 bonis
219 448 227 461 ,
256 433 360 465 asper
378 420 544 454 inimicis.

523 530 614 572 Ode
633 530 690 573 V.

154 609 365 652 Pytheae‚
399 606 473 649 filio
502 608 711 650 Lamponis,
746 603 1056 649 pancratiastaeffi’).

101 748 211 781 opera
233 736 364 770 faciam
390 735 428 769 in
453 736 579 769 eodem
604 735 681 769 solo
708 734 852 769 stantia.

100 788 204 822 Musa
231 789 276 821 ad
304 799 429 822 omnes
453 799 563 822 naves
587 786 774 820 onerarias
799 792 833 819 et
860 786 1027 831 cymbas,
1073 793 1107 820 et

99 840 226 874 nuntia
246 840 449 885 Aeginetis,
479 841 577 886 quod
593 838 794 884 Lamponis
808 837 902 872 filius
920 838 1048 871 vicerit
1068 838 1106 871 in
1132 869 1134 878 ,Ἰ

1132 889 1134 907 ³
1160 884 1294 916 nandri
1308 883 1460 917 feliciter
1486 883 1566 928 (Ep.
1586 883 1640 931 3.)
1665 884 1855 928 acceperis.

97 892 243 926 Nemeis
255 919 264 932 ,
293 905 373 926 cum
389 893 554 926 nondum
573 903 685 936 genae
701 891 776 925 eius
796 890 1022 924 ostenderint
1043 902 1106 925 au-

98 950 285 985 tumnum,
313 945 377 990 qui
398 944 512 989 gigmt
529 956 618 978 uvas
634 943 896 977 labruscarum.
931 942 1032 989 (Ant.
1053 943 1104 990 1.)
1160 988 1257 1020 veni-
1314 994 1354 1022 nt
1381 988 1536 1021 celebres
1560 985 1802 1022 Themisstium
1861 1001 1906 1022 ne
1932 989 2046 1023 rioeas
2102 990 2165 1024 ede

1244 1005 1280 1028 S,
1695 1008 1710 1022 ο
1816 1015 1825 1029 ‚
1965 1017 1983 1033 Ο
2058 1003 2064 1022 ἰ

97 995 293 1030 Decoravit
310 1003 431 1030 autem
451 996 590 1030 Heroas
611 1009 629 1029 a
648 995 806 1030 Saturno
832 1001 868 1028 et
882 993 967 1028 Iove
993 1001 1104 1036 ortos,

98 1054 132 1081 et
163 1059 183 1081 a
207 1047 425 1083 Nereidibus
447 1048 643 1088 Aeacidas,

97 1099 183 1133 olim
201 1100 448 1134 fundaverunt
462 1099 695 1134 multitudine
723 1099 854 1133 civium
881 1105 914 1132 et
937 1099 1104 1140 navibus,

95 1157 232 1186 stantes
253 1153 299 1185 ad
315 1164 416 1185 aram
435 1151 530 1186 Iovis
547 1151 723 1192 Hellenii‚
750 1151 938 1185 tendentes
962 1151 1103 1195 palmas

98 1204 142 1237 ad
171 1204 331 1244 coelum,
366 1204 431 1237 filii
448 1204 654 1244 Endeidos,
691 1209 726 1236 et
748 1201 912 1243 Phocus,
951 1202 1032 1248 (Ep.
1051 1203 1102 1249 1.)

99 1267 206 1301 quem
231 1256 373 1300 peperit
394 1253 601 1290 Psamatbe.

99 1307 293 1352 quiddam,
323 1313 357 1340 et
372 1319 447 1341 non
466 1307 543 1341 iure
560 1308 714 1347 factum,
751 1313 785 1340 et
808 1308 994 1351 quomodo
1019 1307 1102 1340 reli-

98 1358 244 1404 querint
259 1358 414 1392 insulam
427 1385 436 1398 ,
465 1365 499 1392 et
516 1370 608 1404 quae
624 1359 770 1391 fortuna
801 1358 898 1391 viros
922 1359 1032 1392 fortes
1060 1371 1101 1392 ex

99 1410 250 1444 Oenone
269 1409 457 1455 expulerit.
502 1410 682 1444 Resistam
696 1437 705 1450 ,
735 1422 812 1442 non
830 1410 991 1443 dicturus
1009 1423 1101 1445 sum.
1128 1445 1129 1450 ,

98 1460 282 1496 Interdum
301 1462 398 1496 enim
418 1462 545 1496 melius
563 1468 635 1502 est,
662 1474 738 1495 non
757 1463 945 1495 ostendere
971 1462 1102 1496 verita-
1128 1467 1130 1492 ῑ

98 1513 143 1548 tis
157 1513 284 1548 faciem
298 1542 308 1555 ,
334 1520 368 1548 et
384 1521 503 1547 tacere
520 1526 626 1559 saepe
645 1515 740 1547 inter
765 1511 932 1548 homines
960 1514 1103 1559 sapien-

97 1566 275 1600 tissimum
311 1565 503 1600 consilium
541 1572 604 1601 est.
679 1566 773 1612 (Str.
798 1566 852 1612 2.)
888 1566 951 1599 Sin
981 1573 1101 1600 autem

96 1618 337 1652 Aeacidarum
365 1618 593 1659 felicitatem,
637 1624 699 1652 aut
726 1618 997 1659 fortitudinem,
1042 1625 1104 1653 aut

97 1670 191 1702 bella
207 1670 357 1703 laudare
376 1669 494 1703 visum
511 1670 640 1710 fuerit,
674 1669 817 1704 etiamsi
841 1670 970 1715 longos
993 1671 1103 1705 saltus

98 1719 189 1754 mihi
209 1721 339 1767 aliquis
355 1722 490 1761 fodiat,
518 1728 641 1754 tamen
657 1719 774 1754 habeo
790 1722 883 1755 levia
900 1735 1015 1767 genua
1029 1750 1038 1763 ‚
1064 1729 1105 1756 ut

100 1773 244 1819 aquilae
260 1773 353 1807 ultra
376 1785 477 1806 mare
501 1773 666 1806 volitant.
726 1772 900 1807 Libenter
923 1781 1042 1807 autem
1071 1781 1105 1807 et

100 1826 146 1858 ad
164 1825 305 1858 Pelium
324 1831 486 1858 montem
503 1825 601 1858 canit
620 1822 751 1858 chorus
769 1824 958 1859 Musarum
971 1853 980 1865 ,
1009 1832 1041 1858 et
1067 1825 1105 1858 in

101 1889 143 1910 eo
160 1876 293 1922 Apollo
319 1883 445 1911 tenens
469 1875 647 1910 citharam
673 1874 821 1910 inchoat
845 1889 970 1911 omnes
993 1877 1106 1910 melo-

99 1929 188 1963 dias.
242 1927 344 1974 (Ant.
361 1930 415 1976 2.)
443 1928 521 1962 Hae
539 1935 658 1963 autem
681 1928 839 1974 primum
858 1941 877 1962 a
893 1927 978 1962 Iove
1005 1941 1106 1962 exor-

100 1981 258 2020 dientes,
283 1981 484 2015 laudabant
499 1979 693 2014 Thetidem
717 1987 751 2014 et
766 1981 935 2022 Peleum,
960 1987 1000 2014 ut
1024 1993 1104 2015 eum

101 2039 223 2066 tenera
237 2032 434 2079 Hippolyte
450 2033 652 2067 interficere
671 2033 846 2073 voluerit,
873 2034 1027 2067 suadens
1046 2045 1107 2066 va-

100 2085 163 2120 riis
188 2085 346 2119 consiliis
370 2085 524 2126 marito,
566 2092 601 2119 et
631 2084 776 2118 finxerit
800 2087 1011 2119 ementitum
1035 2097 1107 2119 ser-

101 2148 247 2170 monem
260 2164 269 2177 ,
298 2138 397 2183 quod
413 2143 584 2172 tentasset
600 2149 770 2182 sponsam
786 2137 919 2171 Acasti.
955 2137 1035 2183 (Ep.
1053 2138 1106 2185 2.)

103 2188 172 2222 Sed
189 2188 413 2223 contrarium
434 2195 529 2227 erat;
554 2202 638 2222 nam
662 2189 737 2234 ipsa
757 2189 1025 2234 supplicaverat
1040 2189 1107 2222 Pe-

103 2240 171 2274 leo.
229 2240 298 2274 Sed
323 2241 493 2275 sublimes
515 2253 699 2275 sermones
721 2241 820 2275 Pelei
846 2248 1005 2275 mentem
1032 2241 1108 2276 eius

103 2292 319 2332 monebant,
362 2299 402 2327 ut
434 2300 617 2326 recusaret
649 2294 901 2334 concubitum,
942 2300 1108 2328 metuens

103 2344 195 2377 iram
214 2343 308 2378 Iovis
324 2342 524 2390 hospitalis.
579 2343 715 2389 Iupiter
739 2345 775 2379 id
793 2345 937 2386 videns,
967 2346 1107 2386 annuit,

102 2402 143 2430 ut
166 2398 400 2441 persuaderet
424 2396 616 2441 Neptuno,
660 2404 698 2430 ut
732 2398 836 2431 daret
868 2398 899 2431 ei
928 2398 1106 2431 marinam

103 2460 294 2493 sponsam,
337 2448 431 2495 (Str.
451 2448 504 2494 3.)
538 2449 600 2496 qui
625 2449 669 2481 ab
693 2448 800 2493 Aegis
830 2461 936 2495 saepe
963 2451 1009 2484 ad
1034 2449 1109 2483 Do-

138 2592 169 2625 9)
189 2593 236 2617 Sic
252 2594 320 2623 haec
333 2594 392 2618 Ode
411 2594 547 2624 inscripta
567 2594 610 2616 est
633 2592 659 2616 in
677 2592 762 2617 Editt.
781 2592 868 2621 1558..
889 2593 964 2618 1563.
982 2602 1016 2615 =
1031 2593 1109 2617 Pind.

174 2627 261 2651 Editt.
279 2628 409 2653 Francof.
433 2629 526 2659 1542„
556 2627 640 2652 Basti.
664 2627 756 2655 1556,
782 2627 815 2650 Η.
837 2628 930 2657 steph.
955 2629 1028 2653 1566.
1049 2630 1110 2651 Ilv-
1136 2646 1138 2661 ,

172 2660 225 2694 θέᾳ
247 2661 301 2695 υἱῷ
312 2659 494 2695 Λάμπωνος.
521 2660 751 2695 παγκςιιιτιιιστῇ;
780 2662 880 2691 Ηε)ἰιίι“
900 2663 1031 2693 interpr.:
1054 2664 1111 2691 Py-

174 2697 259 2721 meae
277 2697 451 2730 Aeginetae.
470 2697 534 2729 filio
556 2698 732 2728 Lamponis,
752 2697 998 2727 Pancratiastae5
1023 2699 1109 2722 Editt.

174 2732 314 2762 Boeck¹=.‚
351 2733 453 2764 Bergk.
478 2732 578 2763 Πυθέᾳ
605 2728 742 2763 Αἰγινήτῃ
776 2729 855 2754 παιδὶ
888 2732 1110 2766 παγκρατιαστῇ,
1137 2731 1139 2750 l

176 2766 305 2795 Pytheae
324 2768 480 2799 Aeqinetae
497 2774 589 2798 puero
607 2766 841 2797 pancratiastae.

776 119 1179 157 INTERPRETATIO
1215 119 1500 157 NEMEORUM
1535 119 1746 156 PINDARI.

690 1054 725 1081 et
753 1047 950 1091 Aeginam,
993 1059 1103 1093 quam
1130 1077 1133 1091 Ι,

1130 1108 1132 1120 r
1159 1092 1316 1135 pugilem
1343 1098 1377 1124 et
1400 1091 1681 1136 pancratiastem
1705 1090 1872 1127 habuisse
1898 1099 1970 1128 tres
1995 1093 2165 1128 victorias

661 1254 800 1288 Vereor
823 1254 940 1288 dicere
967 1256 1103 1299 grande
1129 1266 1131 1287 ἢ

2097 122 2172 158 246

1140 227 1142 231 >
1166 207 1321 242 riensem
1344 205 1522 242 Isthmum
1547 207 1704 247 accedit,
1745 208 1808 242 ubi
1831 215 1973 244 turmae
1999 209 2168 243 iuvenum

1166 259 1349 305 excipiunt
1383 271 1466 293 eum
1503 271 1585 293 cum
1617 259 1763 300 fistulis,
1804 267 1839 295 et
1866 268 2005 295 certant
2039 263 2170 296 robore

1166 312 1428 346 membrorum.
1489 311 1541 345 Ut
1574 317 1694 345 autem
1725 312 1897 359 cuiusque
1929 314 2074 347 fortuna
2108 321 2171 350 est,

1165 364 1214 396 ita
1229 361 1340 398 habet
1358 364 1483 398 exitus.
1544 363 1603 397 Tu
1631 375 1717 397 vero
1735 363 2003 411 Euthymenes,
2040 368 2170 400 cadens

1447 415 1486 449 in
1524 415 1782 451 certaminibus
1824 418 1994 452 fortunae
2037 418 2170 453 multos

1267 520 1367 564 (Ant.
1386 520 1439 566 3.)
1475 518 1551 553 Iam
1574 532 1661 553 vero
1685 532 1809 554 rursus
1835 520 2084 567 insequentem
2111 524 2171 556 de-

1164 570 1270 604 lectat
1297 572 1497 606 avunculus
1528 578 1610 607 tuus
1636 569 1814 618 Pytheas,
1858 573 1942 619 quia
1969 573 2104 608 Nemea
2138 574 2168 607 ei

1135 659 1136 663 Ἰ
1162 623 1347 657 fortunata
1376 630 1447 664 est,
1483 630 1517 657 et
1543 624 1675 658 mensis
1698 624 1857 669 patrius,
1903 638 2010 671 quem
2036 626 2168 671 Apollo

204 683 296 731 (Str.
326 686 376 730 1.)
405 683 489 718 Non
522 696 600 717 sum
633 682 846 723 statuarius,
886 688 926 715 ut
957 681 1106 715 mobilia
1162 675 1291 719 diligi&

917 733 988 767 Sed
1015 735 1106 768 vade
1133 727 1135 768 ,³

1133 784 1135 789 '
1161 785 1235 812 tota
1254 779 1378 813 civitas
1395 786 1533 824 pugnat
1550 781 1593 813 de
1618 780 1724 814 rebus
1751 778 1924 815 honestis.

1350 675 1473 708 Vincit
1496 682 1616 709 autem
1641 676 1830 723 aequales,
1863 677 2021 712 advenas
2047 683 2082 711 et
2106 680 2169 711 do-

1162 727 1347 768 mesticos,
1376 728 1414 760 in
1430 728 1570 760 tumulo
1588 727 1677 762 Nisi.
1731 727 1865 762 Laetor
1891 735 2033 770 autem,
2070 732 2166 776 quod

1984 781 2080 815 Scito
2107 794 2169 815 au-

1163 837 1254 871 tem,
1286 832 1383 878 quod
1402 831 1540 865 dulcem
1560 832 1894 876 compensationem
1914 833 2081 867 laborum
2092 833 2168 867 Me-

1911 883 2067 930 Oportet
2093 897 2166 920 esse

1160 936 1204 969 ab
1221 933 1373 970 Athenis
1398 935 1611 980 magistrum
1635 936 1889 972 certaminum.
1951 936 2015 970 Sin
2045 943 2166 971 autem

1159 1052 1306 1080 vocem,
1348 1041 1455 1073 tende
1478 1039 1556 1072 vela
1583 1041 1628 1073 ad
1653 1040 1777 1085 iugum
1804 1041 1942 1082 corbis,
1982 1048 2017 1074 et
2047 1041 2165 1075 canito

1158 1143 1196 1176 in
1219 1143 1428 1188 Epidauro,
1467 1150 1502 1176 et
1524 1142 1563 1176 in
1588 1143 1697 1178 Aeaci
1723 1144 1921 1186 vestibulo,
1956 1151 1991 1178 et
2013 1157 2164 1180 coronas

1158 1195 1288 1229 florum
1307 1208 1388 1229 cum
1409 1195 1557 1229 Gratiis.

1566 1297 1658 1339 Ode
1685 1298 1762 1340 VI.

1390 1377 1422 1409 A
1433 1375 1471 1409 lc
1482 1376 1534 1409 im
1547 1377 1590 1409 id
1599 1388 1620 1409 α
1629 1387 1646 1408 e
1678 1377 1866 1420 Aeginetae
1874 1375 1932 1422 ¹⁰).

1262 1449 1355 1496 (Str.
1377 1451 1427 1498 1.)
1457 1452 1635 1497 cognatio
1656 1459 1708 1487 est
1726 1452 1889 1487 Deorum
1910 1460 1944 1488 et
1961 1452 2166 1491 hominum.

1158 1502 1313 1548 Utrique
1332 1515 1374 1537 ex
1389 1516 1461 1537 una
1488 1511 1606 1538 matre
1627 1505 1820 1549 spiramus.
1881 1505 2081 1551 Distinguit
2105 1520 2166 1542 au-

1158 1561 1230 1588 tem
1247 1566 1315 1589 nos
1334 1562 1500 1600 separata
1520 1557 1681 1601 potentia
1696 1584 1705 1597 ,
1744 1557 1829 1604 quia
1854 1570 1921 1593 nos
1946 1558 2094 1605 quidem
2114 1560 2167 1592 nil

1158 1619 1299 1644 sumus;
1333 1608 1396 1641 sed
1420 1608 1578 1642 ferreum
1607 1609 1746 1642 coelum
1774 1622 1917 1654 semper
1939 1617 2064 1645 manet
2090 1618 2166 1645 tuta

1157 1659 1270 1693 sedes.
1339 1659 1420 1705 Qua
1444 1666 1567 1694 tamen
1589 1673 1628 1694 re
1654 1660 1922 1697 immortalibus
1944 1663 2079 1698 similes
2110 1675 2167 1698 su-

1159 1710 1265 1745 mus?
1320 1710 1391 1746 Seu
1407 1719 1547 1753 mente,
1575 1725 1637 1748 seu
1654 1712 1817 1758 ingenio:
1847 1726 2069 1761 quamquam
2091 1727 2166 1748 non

1159 1762 1331 1804 scientes,
1375 1765 1420 1797 ad
1451 1776 1560 1810 quam
1595 1772 1730 1798 metam
1756 1766 1870 1799 fatum
1894 1779 1961 1800 nos
1984 1767 2166 1811 scripserit

1161 1827 1304 1848 currere
1319 1814 1491 1849 diurnam
1507 1823 1570 1849 aut
1586 1823 1816 1851 nocturnam.
1856 1816 1958 1863 (Ant.
1970 1819 2020 1865 1.)
2038 1818 2167 1852 Osten—

1160 1866 1214 1899 dit
1229 1873 1349 1900 autem
1376 1874 1410 1901 et
1425 1868 1623 1902 Alcimidas
1650 1868 1905 1913 cognationem
1930 1882 1972 1903 ex
1995 1870 2167 1915 frugifera

1161 1918 1288 1952 tellure
1300 1946 1309 1959 ,
1338 1932 1429 1965 quae
1446 1920 1596 1965 praebet
1611 1919 1807 1966 aliquando
1823 1921 1942 1966 fruges
1959 1922 2168 1967 quotannis,

1162 1969 1360 2015 aliquando
1400 1983 1486 2005 vero
1524 1973 1711 2018 quiescens
1743 1985 1868 2007 rursus
1896 1973 2025 2018 accipit
2062 1974 2166 2009 vires.

1161 2021 1270 2055 Venit
1291 2022 1498 2058 adolescens
1526 2036 1568 2058 ex
1594 2024 1759 2059 iucundis
1778 2024 1938 2060 Nemeae
1961 2027 2167 2060 certamini-

1162 2075 1245 2114 bus,
1275 2073 1337 2120 qui
1360 2071 1454 2108 hanc
1479 2082 1605 2110 nactus
1631 2076 1790 2110 familiae
1812 2077 2043 2118 felicitatem,
2071 2090 2166 2112 nunc

1162 2137 1237 2158 non
1255 2137 1380 2170 expers
1401 2133 1453 2161 est
1469 2127 1675 2161 certaminis
1693 2127 1774 2173 (Ep.
1796 2129 1846 2176 1.)
1868 2129 1907 2163 in
1922 2130 1980 2163 avi
1997 2130 2165 2175 vestigiis.

1164 2177 1230 2210 Hie
1259 2178 1355 2211 enim
1389 2191 1469 2212 cum
1503 2185 1594 2214 esset
1620 2179 1736 2214 victor
1762 2181 1799 2213 in
1826 2180 2027 2227 Olympiis,
2071 2183 2165 2216 inter

1162 2230 1357 2271 Aeacidas,
1394 2230 1505 2266 ramis
1529 2238 1722 2266 coronatus
1748 2238 1801 2267 est
1826 2235 1872 2267 ad
1895 2232 2096 2279 Alpheum,
2130 2241 2165 2267 et

1163 2282 1354 2316 renovavit
1386 2283 1601 2316 memoriam
1629 2296 1791 2320 suorum.
1868 2284 1960 2331 (Str.
1981 2285 2036 2332 2.)
2075 2286 2166 2320 Tres

1163 2334 1260 2368 enim
1284 2335 1432 2368 fuerunt
1454 2335 1621 2370 victores.
1690 2335 1780 2370 Cum
1807 2336 1885 2371 Deo
1912 2344 2032 2371 autem
2061 2338 2164 2371 labor

1162 2386 1246 2420 felix
1269 2392 1331 2420 est.
1385 2386 1437 2420 Ac
1465 2387 1622 2421 ostendit
1642 2388 1726 2429 iste,
1762 2389 1898 2423 nullam
1923 2390 2070 2422 domum
2095 2389 2165 2421 cla-

1164 2438 1365 2475 rioremin
1397 2438 1549 2472 Graecia
1584 2452 1657 2474 esse
1691 2440 1863 2475 victoriis.
1931 2440 2163 2486 Quamquam

1164 2502 1294 2535 magna
1311 2490 1392 2524 dico
1406 2518 1415 2531 ,
1443 2497 1565 2524 tamen
1583 2491 1746 2526 existimo
1766 2505 1822 2525 me
1841 2494 1883 2525 ad
1904 2503 2051 2536 scopum
2079 2491 2165 2525 diri-

1202 2627 1248 2655 10)
1269 2626 1314 2650 sic
1333 2627 1399 2650 {iaec
1420 2626 1478 2650 Ode
1503 2626 1639 2655 inscripta
1666 2628 1709 2649 est
1736 2625 1761 2649 in
1782 2625 1865 2649 Editt.
1888 2626 1981 2657 1558,
2008 2627 2101 2656 1563.;
2138 2627 2163 2650 in

1236 2661 1360 2685 omnibus
1382 2667 1447 2684 vero
1461 2661 1573 2684 Pindari
1589 2660 1671 2684 Editt.
1683 2678 1690 2689 ,
1712 2665 1781 2690 quas
1796 2661 1919 2690 equidem
1934 2661 2048 2691 contuli,
2068 2662 2165 2685 haecce

1236 2696 1340 2721 legitur
1371 2695 1537 2725 inscriptio:
1572 2692 1715 2727 Ἀλκιμίδῃ
1741 2692 1877 2728 Αἰγινήτῃ
1910 2693 1988 2719 παιδὶ
2019 2695 2166 2728 παλαιστῇ,

1235 2736 1314 2760 quam
1329 2731 1483 2754 noer-muns
1500 2730 1716 2759 interpretatur:
1738 2730 1898 2755 Alcimidae
1907 2730 2062 2762 Aeqinetae
2075 2736 2165 2760 puero

1237 2767 1390 2790 luctatori.
1587 2798 1609 2832 6
1628 2796 1648 2815 ἢ
