2421 3005
89 76 166 111 613
425 72 514 108 XCI.

379 159 536 205 Lupus
564 160 609 193 in
637 173 805 196 saxum.

139 237 200 272 Vs.
220 236 307 272 366.
336 239 457 271 Bella«
485 243 598 278 vasta,
634 239 749 281 lupus,
783 240 1005 287 sylvisqueffl)
1029 253 1093 284 pu-
1120 233 1121 237 Ἰ

510 290 674 323 lustribus
691 294 776 324 exit.

188 348 313 394 Lupus
329 346 386 382 hic
402 348 469 382 fuit
486 348 584 382 Pelei
604 347 738 390 hostis,
765 350 828 396 qui
849 351 896 384 ad
920 350 1091 384 ulciscen-

82 458 224 487 secutus
251 459 323 492 est,
358 452 554 498 multisque
583 453 725 486 damnis
751 453 880 487 affecit.
948 453 1089 498 Strages

82 567 157 590 esse
193 554 344 589 humani
381 555 568 599 sanguinis
604 556 782 588 vindicem
821 562 855 589 et
896 553 1088 590 homicidis

79 607 206 647 irasci,
234 619 367 653 eosque
386 607 502 641 odisse
523 619 563 640 ac
582 608 740 651 graviter
757 608 906 651 punire,
936 607 971 642 id
989 609 1086 654 quod
1114 623 1115 643 z

80 658 242 703 agnoscit
259 659 354 704 ipse,
383 670 465 692 cum
482 658 576 702 (Vss.
595 657 730 693 397-
742 658 867 704 399.);

182 721 323 753 tendens
339 732 461 753 manus
469 718 515 765 83)
533 721 567 753 z‘n
585 722 695 762 aperti
713 720 831 753 littora
846 721 962 762 ponti,

132 772 330 806 Caeruleum
347 772 465 804 Peleus
482 772 688 805 Psamathen
699 797 709 811 ,
739 776 774 804 ut
785 770 890 813 finiat
905 773 1015 811 iram,

131 823 236 864 Orat,
265 835 421 869 opemque
442 822 546 866 ferat.

261 917 423 952 Peleus
457 929 476 950 a
512 918 650 950 caede
680 916 901 961 expiatus.

130 992 192 1027 Vs.
209 991 296 1027 409.
328 994 445 1028 Sumit
468 993 509 1026 ab
528 994 716 1026 Haemonio
737 994 946 1036 puryumina
969 995 1085 1027 caedis
1110 1033 1111 1036 Ἴ

499 1047 637 1079 Acasto.

79 1161 137 1196 ut,
179 1155 208 1189 si
232 1155 312 1201 quis
334 1156 392 1189 vel
417 1156 628 1201 imprudens
653 1156 809 1202 aliquem
838 1156 1083 1197 interfecisset,

78 1206 188 1240 exilio
206 1207 463 1248 mulctaretur,
501 1214 608 1254 atque
632 1220 651 1241 a
679 1207 775 1242 civili
796 1210 1083 1243 excommunica·
1109 1215 1111 1251 ξ

441 1259 533 1293 Erat
555 1266 677 1293 tamen
702 1261 827 1294 caedes
852 1273 916 1305 per
942 1262 1082 1306 impru-
1107 1265 1112 1277 '

614 1312 754 1357 Quibus
781 1324 866 1345 vero
894 1312 1022 1346 ritibus
1049 1319 1083 1346 et
1108 1310 1110 1322 ²

75 1264 177 1292 retur
192 1258 387 1294 consortio.

76 1309 236 1356 dentiam
251 1311 343 1344 sacta
361 1311 558 1356 expiabilis.

77 1362 316 1396 caeremoniis
334 1363 490 1406 expiatio
506 1363 584 1396 fieri
602 1364 705 1397 solita
723 1364 781 1402 sit,
798 1363 949 1408 intelligi
966 1371 1083 1408 potest

75 1424 119 1446 ex
131 1412 227 1447 libro
241 1413 362 1458 primo
373 1413 420 1460 ⁸³)
438 1413 628 1454 Herodoti,
653 1414 715 1448 ubi
725 1415 900 1449 Adrastus
916 1427 934 1448 a
947 1415 1080 1450 Croeso

74 1464 260 1509 expiatum
301 1472 492 1499 servantur
521 1471 556 1499 et.
581 1463 689 1500 hodie
716 1466 753 1499 in
773 1465 932 1500 Ecclesia
963 1474 1081 1502 certae

74 1516 292 1561 expiationis
307 1517 567 1551 caeremoniae.

352 1610 558 1656 Alcyone
588 1611 632 1644 in
660 1623 800 1646 avem.

179 1685 220 1720 In
252 1684 319 1720 hac
347 1688 467 1721 sabula
495 1689 654 1733 primum
685 1689 909 1723 observanda
938 1696 989 1724 est
1019 1691 1079 1724 de—

74 1738 223 1784 scriptio
245 1739 468 1783 tempestatis
494 1752 534 1773 ac
556 1741 758 1784 naufragii,
801 1753 871 1786 qua
898 1741 956 1774 vix
985 1748 1081 1775 extat

75 1790 146 1825 alia
178 1790 365 1825 illustrior.
435 1789 582 1826 Initium
609 1792 861 1837 descriptionis
894 1799 1077 1836 sumptum

75 1849 128 1877 est
145 1854 164 1875 a
180 1842 413 1887 prognostico
430 1843 573 1877 futurae
592 1844 813 1889 tempestatis
825 1871 834 1884 ‚
870 1844 1035 1877 videlicet
1059 1857 1078 1877 a

73 1895 312 1940 praecedente
328 1901 432 1928 motu
449 1907 641 1941 aquarum.
702 1894 741 1929 Id
761 1896 855 1929 enim
873 1902 1008 1929 certum
1028 1902 1079 1929 est

74 1946 217 1990 signum
232 1946 411 1991 surgentis
433 1948 550 1988 venti,
585 1948 731 1994 quando
759 1960 873 1994 aquae
901 1947 1079 1992 incipiunt

75 1998 254 2032 albescere
272 2010 312 2031 ac
328 1999 480 2033 moveri.
534 1999 628 2032 Hinc
647 1999 789 2040 omnia,
818 2012 909 2045 quae
928 1999 965 2032 in
989 2006 1079 2032 tem-

75 2055 212 2095 pestate
229 2050 416 2091 accidunt,
444 2049 613 2096 graphice
631 2052 894 2096 depinguntur:
924 2051 1078 2095 impetus

75 2107 267 2135 ventorum
279 2128 289 2142 ‚
317 2102 452 2135 clamor
470 2109 504 2136 et
519 2103 714 2148 trepidatio
732 2103 893 2136 virorum
907 2130 916 2143 ‚
944 2103 1079 2137 stridor

75 2153 306 2194 rudentium,
356 2153 519 2188 fremitus
553 2156 662 2189 maris
698 2155 913 2200 assurgentis
951 2162 985 2188 et
1019 2156 1079 2188 de-

75 2203 268 2246 hiscentis,
309 2204 433 2248 fragor
459 2206 562 2241 navis
591 2214 777 2252 quassatae
811 2213 844 2240 et
869 2206 1076 2241 fatiscentis.

76 2256 134 2290 Ad
149 2254 238 2289 haec
255 2256 501 2291 assimilantur
514 2257 640 2292 fluctus
661 2265 696 2292 et
711 2259 809 2292 venti
826 2257 986 2293 hostibus
1004 2271 1078 2292 ma-

75 2305 265 2354 chinisque
286 2308 440 2347 bellicis;
480 2309 582 2344 navis
609 2322 694 2343 vero
718 2311 800 2344 urbi
825 2311 1008 2351 obsessae,
1045 2317 1079 2344 et

74 2360 298 2394 decumanus
311 2359 439 2395 fluctus
457 2361 582 2402 militi,
611 2362 672 2407 qui
693 2361 883 2409 QVss.525.
903 2361 978 2398 527
989 2363 1077 2409 sq.):

110 2502 160 2535 82)
178 2505 340 2535 sylvisque]
368 2506 409 2529 sie
434 2506 518 2530 aaut.
547 2507 637 2537 1555.,
673 2507 765 2537 ¹559.;
802 2508 880 2532 ovid.
901 2509 1077 2533 Ed.]11tsc11.

146 2539 291 2570 ulnisque.

110 2588 161 2620 83)
181 2590 301 2615 tendens
318 2590 434 2624 munus]
451 2593 489 2615 sic
502 2592 584 2616 Editt.
597 2593 682 2623 1555„
707 2593 796 2623 1559.;
817 2594 1077 2620 0vid.1-:d.31itscn.

146 2630 252 2649 manus
271 2626 398 2651 tendens.

111 2674 161 2706 84)
183 2676 286 2705 primo]
307 2677 347 2700 sic
368 2678 486 2708 sci-issu
524 2679 624 2705 legitur
652 2679 722 2702 euim
743 2679 809 2703 haec
829 2682 952 2705 narratio
973 2682 999 2705 in
1021 2682 1078 2705 He-

148 2710 239 2734 rodoti
258 2711 318 2736 libr.
337 2712 354 2735 1.
374 2720 396 2736 c.
413 2713 473 2738 33:
499 2714 583 2737 Editt.
608 2714 699 2743 1555.,
721 2714 795 2738 1559.
816 2716 903 2740 male:
930 2717 1059 2740 secundo.

579 72 866 110 ENARRATIO
900 75 1031 110 LIBRI
1056 77 1114 114 XI.
1148 77 1626 116 METAMORPHOSEON
1665 82 1826 120 OVlDlI.

2076 89 2151 124 614

1406 179 1545 201 numero
1559 173 1793 211 praestatum·
1810 176 1921 214 omui,

1199 217 1268 258 Spe
1284 219 1415 259 potitur
1434 221 1567 252 {andem
1578 246 1588 260 ,
1618 221 1794 268 laudisque
1811 237 1969 259 accensus
1985 239 2098 261 amore

1199 269 1294 301 Inter
1310 270 1402 302 mille
1420 272 1509 304 viros
1527 283 1660 305 murum
1679 278 1790 308 tamen
1808 283 1944 320 occupat
1961 290 2059 312 unus.

1117 350 1119 368 Λ
1145 326 1201 358 Ad
1225 335 1424 362 extremum
1450 330 1658 375 depingitur
1682 335 1932 379 naufragium,
1962 341 2147 383 quomodo

83 401 167 434 dam
185 398 301 434 Phoci
318 412 440 434 necem
460 399 623 434 incubuit
635 427 644 441 ’
672 407 706 434 et
722 402 825 434 illum
850 401 988 435 exulem
1010 414 1091 446 per·
1116 385 1119 426 ζ
1144 389 1317 412 nimirum
1336 380 1455 414 fractis
1471 382 1568 415 malo
1586 389 1620 416 et
1636 383 1878 428 gubernaculo
1897 389 2000 422 navis
2015 389 2060 423 sit
2085 403 2148 436 op-

1116 434 1283 473 fpreSSa,
1329 434 1515 476 quomodo
1546 446 1588 467 ex
1619 433 1828 471 hominibus
1862 439 1924 471 alii
1956 441 2076 474 statim
2110 444 2148 476 in

81 516 169 538 vero
193 504 368 538 divinitus
394 515 459 548 per
481 501 578 537 hunc
612 505 703 537 ficti
775 505 880 538 docet
908 503 1025 538 Deum
1055 511 1088 538 et
1144 481 1256 514 imum
1274 483 1447 524 demersi,
1476 484 1537 517 “lii
1564 487 1717 531 arreptiss‘
1741 489 1872 523 tssbsslfs
1898 491 1993 524 inter
2019 493 2146 529 fluctus

628 527 637 536 i
686 527 694 536 i
719 531 729 544 ,

1143 532 1322 573 natarint,
1360 535 1475 568 donec
1500 548 1625 571 omnes
1646 538 1754 573 simul
1779 541 1951 585 perIrent.
2006 543 2145 579 Deinde

1143 584 1409 619 observandum
1436 594 1488 620 est
1521 589 1724 633 exemplum
1760 593 1896 627 amoris
1930 594 2146 640 coniugali53

1141 647 1225 667 nam
1262 636 1424 682 Alcyone
1462 651 1571 684 quam
1609 638 1757 676 charum
1793 643 1927 678 habeat
1960 647 2146 689 maritum,

1112 708 1115 721 .
1142 698 1251 731 quam
1270 687 1412 722 difficile
1430 689 1522 724 ferat
1537 692 1755 728 desiderium
1781 697 1958 738 absentis,
1986 698 2147 734 declarat

1112 738 1296 784 ¹gemitu,
1337 740 1526 785 lacrymis,
1574 745 1726 791 aliisque
1763 748 1987 783 evidentibus
2022 751 2144 796 signis.

1140 789 1333 824 Dissuadet
1349 793 1641 836 navigationem,
1670 809 1823 845 cumque
1849 800 2025 845 impedire
2050 801 2145 837 hanc

1111 853 1113 873 τ
1138 848 1314 887 nequeat,
1356 844 1548 879 collabitur
1570 859 1658 891 prae
1685 850 1810 884 dolore
1844 853 2038 891 exanimis;
2082 855 2144 889 diu

1111 906 1113 908 ’
1140 894 1223 927 item
1242 902 1449 939 prospectat
1463 898 1587 931 navim
1606 912 1623 932 e
1639 907 1750 944 portu
1763 903 2025 938 discedentem:
2052 918 2142 951 quae

1139 946 1284 992 quidem
1319 947 1439 980 omnia
1471 946 1607 983 habent
1638 953 1830 988 mirificam
1861 955 2140 991 declarationem

1139 997 1284 1031 amoris.
1356 998 1530 1034 Similiter
1552 1008 1586 1035 et
1613 1002 1730 1048 Ceyx,
1775 1019 1885 1052 quam
1908 1005 2055 1041 charam
2078 1007 2143 1043 ha-

1138 1050 1221 1083 beat
1243 1062 1414 1093 uxorem,
1442 1059 1593 1087 testatur
1621 1055 1657 1088 in
1682 1062 1842 1092 extremo
1864 1059 1957 1093 vitae
1981 1060 2140 1105 periculo

1110 1108 1111 1113 ¹
1138 1099 1215 1149 (Vs.
1232 1099 1308 1136 566
1325 1105 1412 1150 sq.):

181 1103 395 1137 Homicidae
420 1104 507 1137 olim
534 1111 638 1138 erant
673 1104 808 1138 cunctis
839 1104 947 1138 invisi
981 1105 1083 1146 adeo,
1110 1144 1111 1147 Ἴ

1188 1165 1280 1196 Dum
1318 1169 1434 1206 natat,
1487 1166 1673 1208 absentem,

1540 1219 1666 1260 fluctus
1675 1246 1685 1259 ,

1187 1269 1352 1301 Nominat
1362 1269 1549 1311 Alcyonen,
1579 1273 1726 1318 ipsisque
1745 1274 1986 1308 ‘immurmurat
2002 1279 2113 1310 undis.

1729 1171 1859 1214 quoties·
1892 1172 1979 1205 se’m't
2012 1173 2141 1207 hiscere

1137 1325 1330 1361 Caeterum
1349 1335 1422 1361 tota
1441 1329 1562 1362 sabula
1581 1332 1765 1375 aptissime
1790 1337 2061 1368 accommodati.
2089 1344 2140 1370 est

1136 1378 1182 1410 ad
1204 1385 1374 1412 naturam
1403 1380 1582 1423 miculae,
1620 1383 1656 1416 in
1684 1397 1793 1430 quam
1810 1386 1971 1431 Alcyone
1994 1387 2140 1432 fingitur

1135 1437 1285 1474 propter
1302 1430 1576 1467 similitudinem
1595 1436 1754 1471 nominis
1772 1444 1922 1472 mutata.
1961 1437 2026 1472 Est
2044 1440 2139 1473 enim

1106 1493 1109 1530 j
1134 1482 1273 1526 Alcyon
1291 1483 1386 1524 avis,
1415 1483 1463 1516 ita
1491 1497 1617 1520 amans
1644 1489 1824 1532 coniugis,
1861 1496 1900 1523 ut
1924 1491 2025 1524 nullo
2053 1492 2141 1524 anni

1106 1538 1108 1577 J
1135 1540 1298 1578 tempore
1320 1547 1339 1568 a
1356 1548 1420 1569 suo
1439 1548 1608 1581 compare
1625 1539 1804 1582 discedat,
1831 1541 1901 1576 nisi
1919 1544 2066 1587 quando
2082 1555 2140 1576 ex-

1134 1585 1246 1619 cludit
1277 1599 1362 1624 ova3
1405 1589 1466 1620 sed
1501 1592 1809 1634 quemadmodum
1845 1600 1997 1638 nuptam
2027 1596 2140 1634 decet,

1134 1649 1216 1670 eum
1240 1650 1382 1682 semper
1408 1640 1620 1682 comitetur,
1649 1646 1877 1691 eundemque
1903 1658 2022 1679 senem
2033 1646 2080 1694 85)
2107 1654 2140 1680 et

1135 1700 1239 1732 aegre
1265 1689 1447 1723 volantem
1471 1689 1633 1727 humeris
1666 1696 1775 1736 ferat,
1815 1709 1856 1730 ac
1882 1698 2015 1732 foveat.
2081 1700 2139 1732 Ad

1133 1737 1221 1772 haec
1240 1752 1307 1773 ova
1326 1742 1481 1776 excludit
1498 1742 1535 1775 in
1555 1745 1668 1786 mari,
1705 1759 1746 1781 ac
1766 1754 1939 1794 tanquam
1959 1750 2139 1794 naufragii

1134 1803 1274 1824 memor
1299 1795 1476 1827 construit
1498 1794 1625 1830 nidum
1651 1796 1766 1832 instar
1788 1800 1910 1841 navis,
1943 1813 1982 1833 ea
2007 1801 2136 1840 forma,

1132 1849 1172 1875 ut
1209 1855 1326 1888 neque
1362 1846 1475 1890 mergi
1510 1858 1627 1893 neque
1665 1850 1777 1883 everti
1813 1851 1979 1886 fluctibus
2016 1861 2136 1899 queat.

1134 1894 1330 1939 Componit
1347 1897 1442 1930 enim
1461 1898 1582 1943 spinas
1600 1899 1756 1935 aciculae
1774 1902 1878 1947 piscis
1888 1903 1947 1950 86),
1975 1916 2015 1938 ac
2031 1906 2136 1940 rectis

1134 1945 1198 1980 alis
1223 1959 1286 1979 ceu
1309 1948 1476 1990 stamini,
1518 1956 1759 1994 transversas,
1806 1955 1893 1989 alias
1921 1956 2031 1990 veluti
2054 1958 2137 1991 sub-

1133 2004 1275 2042 tegmen
1301 1999 1481 2044 implicat;
1525 2015 1610 2036 mox
1641 2012 1846 2039 consertum
1873 2015 2059 2048 recurvat,
2102 2017 2136 2044 et

1133 2050 1170 2082 in
1188 2050 1311 2083 orbem
1331 2053 1488 2091 reducit;
1518 2060 1552 2087 et
1567 2055 1616 2088 sic
1633 2056 1789 2103 denique
1807 2065 1964 2104 coaptat,
1988 2067 2029 2094 ut
2045 2073 2134 2106 opus

1132 2102 1267 2145 navigii
1284 2103 1401 2147 specie
1418 2105 1480 2138 fiat
1497 2107 1720 2141 turbinatam
1732 2136 1741 2150 ‚
1778 2111 1978 2154 perfectum
2005 2112 2133 2153 littori,

1132 2165 1204 2199 quo
1222 2153 1349 2189 fluctus
1365 2157 1513 2190 extremi
1531 2159 1762 2204 pertingunt,
1791 2163 1948 2207 applicat
1965 2161 2021 2197 hic
2036 2166 2132 2198 unda

1131 2205 1290 2239 molliter
1310 2207 1462 2249 feriens,
1489 2211 1653 2244 nondum
1677 2213 1781 2246 firma
1807 2215 1892 2249 satis
1920 2213 2130 2262 hiantiaque

1131 2257 1372 2302 procellarum
1397 2260 1545 2295 verbere
1569 2261 1812 2308 deprehensa,
1854 2267 1986 2300 sarcire
2010 2269 2132 2304 docet;

1131 2309 1244 2343 solida
1265 2322 1351 2344 vero
1368 2318 1402 2344 et
1424 2312 1495 2345 iam
1521 2311 1750 2350 cohaerentia
1775 2319 2008 2362 constringit,
2042 2320 2132 2363 figit-

1132 2373 1201 2407 que
1219 2362 1330 2403 adeo,
1359 2369 1399 2396 ut
1415 2376 1481 2397 nec
1497 2377 1596 2407 saxo,
1624 2380 1691 2402 nec
1706 2369 1803 2403 ferro
1821 2370 1966 2404 dissolvi
1985 2378 2129 2416 queant.

1132 2412 1213 2458 Qua
1247 2413 1391 2459 quidem
1425 2415 1463 2448 in
1495 2429 1533 2450 re
1559 2430 1689 2464 magna
1716 2433 1795 2455 cum
1821 2421 1949 2466 primis
1975 2421 2130 2455 admira-

1131 2465 1229 2498 tione
1247 2465 1395 2509 diguum
1416 2468 1584 2503 ostiolum
1612 2478 1683 2512 est,
1717 2472 1764 2505 ita
1790 2473 1941 2513 factum,
1971 2479 2009 2506 ut
2038 2471 2130 2507 hanc

1131 2529 1241 2551 unam
1256 2518 1467 2553 subeuntem
1487 2522 1654 2567 recipiat;
1684 2535 1826 2557 caecum
1844 2524 1992 2558 caeteris
2010 2531 2043 2558 et
2069 2526 2130 2559 ab·

1165 2662 1212 2692 55)
1233 2653 1341 2692 senem]
1362 2663 1402 2686 sic
1424 2664 1507 2687 Editt.
1525 2664 1616 2693 1555.;
1646 2664 1694 2688 Ed.
1714 2665 1787 2688 1559.
1807 2666 1893 2689 male:
1920 2672 2023 2690 semen.

1166 2714 1214 2742 56)
1233 2712 1332 2746 piscis]
1354 2715 1393 2739 sic
1402 2715 1586 2741 Editt.l555.;
1607 2715 1655 2739 Ed.
1668 2716 1743 2741 1559.
1763 2717 1859 2742 mendo
1879 2720 2010 2748 typozm
2030 2718 2129 2748 pisces,

1521 2747 1606 2783 394³
