2421 3005
107 100 193 141 237
549 98 717 134 LXXXII.

107 187 226 228 tollit,
256 192 296 220 ut
317 185 450 220 clarior
473 186 538 229 sit,
566 194 601 221 et
627 186 836 228 Castorem,
864 195 898 222 et
921 187 1120 228 Pollucem,

107 244 275 279 Deorum
294 238 407 280 filios,
437 239 499 285 qui
519 239 605 273 alias
631 239 788 274 interdiu
813 247 897 274 sunt
914 240 951 273 in
975 240 1119 274 sedibus

110 295 325 339 Therapnes
343 289 410 338 2⁴),
439 290 526 326 alias
544 291 639 326 intra
660 292 858 338 Olympum
877 290 1054 326 habitant.

497 393 589 435 Ode
623 394 722 437 XII.

329 471 477 505 Midae
503 470 640 504 tibicine?
663 471 900 514 Ayriyentimn

214 549 307 597 (Str.
333 549 383 596 1.)
414 547 558 594 Quaeso
585 555 639 589 te,
674 561 695 581 o
720 548 908 593 splendida
927 548 1033 589 urbs,
1063 561 1117 582 se-

110 604 172 638 des
182 601 437 647 Proserpinae,
454 601 492 634 in
510 601 589 646 ripa
600 600 815 645 Acragantis
825 600 883 645 ²³⁵).
911 600 1114 634 ODomina

108 656 328 702 Proserpina
344 683 353 698 ,
381 654 536 700 benigne
555 653 706 699 recipito
731 664 905 687 coronam
926 652 1048 687 Midae
1075 665 1117 686 ex

107 707 295 756 Pythone,
324 715 358 743 et
383 709 523 754 ipsum,
559 706 621 755 qui
646 713 722 741 arte
745 718 809 741 sua
829 705 989 740 Graecos
1012 705 1116 739 vicit:

109 774 220 810 quam
245 768 360 796 artem
385 761 507 796 Pallas
532 760 691 801 invenit,
726 759 874 793 imitans
901 759 1038 794 tristem
1066 758 1118 792 la-

109 814 372 849 mentationem
404 814 639 860 Gorgonum,
689 810 782 859 (Str.
808 811 862 858 2.)
890 824 1002 858 quam
1029 811 1119 845 Per-

110 880 190 903 seus
214 867 373 909 audivit,
409 868 474 902 sub
502 872 711 912 serpentum
739 864 963 899 deformibus
992 863 1119 910 capiti-

108 920 176 954 bus
193 920 309 955 fusam
328 919 473 965 lugubri
497 920 643 960 labore,
668 918 816 965 quando
835 917 1024 951 Medusam
1048 924 1120 950 ter-

110 972 199 1007 tiam
215 984 379 1007 sororem
404 972 603 1013 interfecit,
627 977 753 1016 postea
779 969 942 1003 marinae
963 967 1119 1014 Seripho

111 1031 146 1060 et
170 1024 314 1072 populis
340 1023 488 1059 exitium
515 1025 698 1064 adserens,
738 1028 773 1055 et
797 1020 932 1055 Phorci
949 1021 997 1067 26)
1030 1021 1121 1055 divi-

110 1090 200 1113 num
227 1090 339 1123 genus
363 1077 514 1118 delevit,
541 1083 575 1111 et
600 1077 699 1110 triste
727 1074 934 1109 convivium
964 1074 1121 1119 Polyde-

147 1181 196 1214 24)
217 1182 393 1212 Tluerapnes]
413 1182 463 1207 Ed.
480 1180 557 1205 1563.
576 1179 675 1203 mendo
696 1180 828 1208 typogi·.:
851 1178 1019 1207 Therapnas,

148 1225 196 1257 25)
216 1226 399 1257 Acragantis]
426 1225 467 1249 sic
492 1224 594 1254 scripsi
616 1223 664 1255 (z
684 1223 763 1249 Pind.
784 1218 1005 1253 Ἅκράγαι’ῑος);
1036 1220 1124 1245 Editt.
1152 1234 1153 1238 =

189 1261 282 1291 1558,
307 1261 382 1285 1563.
402 1260 587 1291 Agragantis.

771 97 1176 135 INTERPRETATIO
1211 97 1511 134 PYTHIORUM
1540 98 1752 137 PINDARI.

150 1303 199 1336 26)
226 1303 339 1334 Phorci]
359 1304 399 1328 sic
418 1304 452 1328 Η.
472 1303 583 1332 steph..
609 1301 712 1333 Heynii
741 1303 767 1324 et
789 1300 916 1325 Roeckhii
943 1299 1124 1329 interprett.;
1152 1326 1154 1334 .

186 1340 235 1363 Ed.
252 1340 329 1365 1558.
349 1339 492 1368 Phorcys,
512 1338 560 1361 Ed.
580 1338 654 1361 1563.
676 1336 808 1363 Phorcis:
832 1336 909 1359 Pina.
925 1332 1055 1365 Φόρκοιο,

2105 105 2179 140 238

1175 194 1250 221 ctae
1268 186 1315 234 ²⁷)
1346 187 1449 228 fecit,
1491 194 1526 221 et
1551 189 1762 223 servitutem
1794 190 1921 225 matris
1951 197 1986 225 et
2017 197 2179 224 coactum

1175 239 1384 284 coniugium
1409 239 1573 280 sustulit,
1609 253 1690 275 cum
1718 241 1898 277 formosae
1924 242 2096 278 Medusae
2126 255 2182 277 ca-

1174 292 1252 336 pita
1267 292 1446 336 rapuisset
1482 290 1573 338 (Str.
1592 293 1645 339 3.)
1668 293 1761 328 filius
1786 294 1951 335 Danaes,
1994 308 2103 342 quem
2133 296 2178 329 ab

1174 356 1264 377 auro
1285 351 1413 388 sponte
1430 344 1564 378 fluente
1582 352 1708 379 natum
1727 358 1801 380 esse
1820 347 1984 381 dicimus.

1278 396 1348 429 Sed
1365 403 1558 443 postquam
1578 410 1620 432 ex
1636 395 1691 433 his
1710 398 1895 433 laboribus
1913 399 2032 433 virum
2055 398 2184 432 libera-

1175 447 1226 480 vit
1250 447 1391 490 Pallas,
1426 449 1509 482 fecit
1532 450 1657 491 tibias,
1694 462 1784 496 quas
1808 450 1948 485 invenit
1973 450 2120 484 imitans
2134 449 2183 493 πει)

1174 511 1254 533 cum
1276 501 1421 544 organis
1448 514 1602 536 sonoros
1628 502 1743 537 luctus
1765 502 1959 549 Euryales,
1988 515 2031 536 ex
2053 501 2184 535 veloci-

1168 552 1234 585 bus
1253 552 1351 596 genis
1372 554 1507 594 editos,
1537 555 1634 600 quod
1651 567 1734 589 cuin
1755 555 1975 596 invenisset,
2001 554 2100 588 dedit
2117 552 2183 586 ho-

1174 603 1355 646 minibus,
1393 612 1427 639 et
1460 607 1666 640 nominavit
1701 606 1944 641 Harmoniam
1983 607 2183 640 multorum

1174 656 1332 701 capitum
1354 658 1630 692 convenientem
1654 659 1769 699 ludis,
1805 658 1898 705 (Str.
1913 658 1968 707 4.)
1993 665 2185 692 transeun-

1176 715 1246 742 tem
1282 721 1345 754 per
1381 716 1489 744 tenue
1521 723 1600 751 aes,
1638 718 1672 744 et
1702 712 1880 752 calamos,
1924 711 1988 757 qui
2021 716 2186 744 crescunt

1176 773 1289 806 prope
1316 762 1441 795 urbem
1467 760 1657 797 Cliaritum
1682 764 1720 797 in
1746 764 1827 797 luco
1856 762 2023 809 Cephisi,
2064 762 2185 796 fideles

1175 821 1393 848 certantlum
1416 821 1534 849 testes.

1280 866 1318 900 Si
1345 879 1415 913 qua
1439 867 1589 901 felicitas
1613 873 1665 901 est
1688 864 1902 916 hominum,
1930 878 2006 901 non
2033 873 2085 900 est
2107 865 2183 899 sine

1176 919 1354 954 molestia.
1417 919 1515 954 Deus
1540 925 1661 953 autem
1687 920 1849 964 perficiet
1874 926 1936 954 aut
1960 918 2088 957 hodie,
2124 924 2187 951 aut

1176 977 1313 1016 postea.
1368 971 1498 1006 Fatum
1517 984 1602 1006 vero
1621 984 1697 1005 non
1717 978 1769 1006 est
1787 972 1968 1006 evitabile.
2021 970 2089 1004 Sed
2118 969 2185 1003 erit

1177 1030 1320 1068 tempus
1353 1023 1464 1064 illud,
1506 1026 1603 1070 quod
1640 1030 1675 1058 et
1707 1025 1961 1070 desperantem
1992 1034 2115 1056 rursus
2148 1022 2186 1053 in

1177 1088 1276 1120 spem
1305 1075 1429 1120 erigit,
1464 1083 1498 1110 et
1521 1077 1617 1110 aliud
1651 1076 1798 1122 quidem
1828 1077 1948 1117 dabit,
1986 1075 2083 1109 aliud
2110 1073 2188 1119 qui-

1178 1129 1259 1161 dem
1284 1128 1487 1172 denegabit.

1213 1248 1260 1278 27)
1280 1248 1464 1278 Polydectae]
1486 1248 1535 1273 Ed.
1553 1248 1628 1272 1563.
1666 1247 1834 1271 pandectae.

1214 1297 1262 1324 28)
1295 1298 1401 1321 invenit
1429 1298 1553 1331 imitans]
1591 1299 1630 1321 sic
1656 1299 1704 1323 Ed.
1731 1298 1823 1323 1558:

1254 1333 1362 1358 inveni.
1385 1334 1516 1358 [imitans.

1868 1298 1916 1322 Ed.
1938 1299 2013 1322 1563.
2041 1299 2186 1328 corrupte:
