2421 3005
77 114 149 150 321

75 199 227 235 subinde
246 194 492 231 extrahantur.
546 195 669 229 Tertia
695 192 783 228 haec
799 194 924 239 copiae
941 199 975 226 et
994 203 1078 225 con-

75 250 282 285 tentionum
312 248 551 294 pastoralium
578 247 782 292 exemplum
808 252 872 280 est.
923 243 988 279 Est
1015 256 1077 277 au—

69 309 142 337 tem
171 301 375 347 exemplum
408 299 682 333 contentionum
710 299 805 331 inter
827 303 974 343 poetas,
1015 295 1077 341 qui

67 361 195 389 mutuo
220 365 256 388 se
282 352 521 387 aemulantur.

66 407 149 452 plex
173 405 390 445 aemulatio,
427 404 540 437 altera
566 404 664 438 utilis
691 402 926 441 mortalibus,
954 399 1076 445 perni-

67 458 162 493 ciosa
196 458 321 492 altera.
389 455 509 489 Verba
535 455 684 490 Hesiodi
715 461 816 489 sunt:

67 510 226 544 vicinum
246 509 386 543 vicinus
403 508 608 542 studiosum
630 509 667 541 in
686 520 723 541 re
743 506 921 540 facienda.

66 562 251 596 contentio
275 562 372 595 bona
399 567 451 594 est
479 559 713 599 mortalibus,
741 571 822 592 cum
841 557 970 601 figulus
986 556 1074 600 figu-

64 614 141 648 lum
156 614 253 654 odit,
281 619 317 646 et
332 612 504 646 artificem
525 612 673 652 artifex,
710 618 744 644 et
766 610 952 643 mendicus
974 620 1074 641 men-

64 666 206 706 dicum,
233 664 419 711 dulcisque
435 671 543 710 poeta
560 670 718 709 poetam.
755 661 801 695 Et
818 661 1006 695 M.Cicero
1029 661 1073 693 ad

66 717 224 752 Atticum
240 717 302 751 lib.
315 715 372 751 14.
388 716 490 761 epist.
509 715 646 762 20.3⁶):
677 715 799 760 Quare
817 713 907 753 sine,
924 723 1072 758 quaeso,

65 781 286 815 quemquam
310 768 378 803 sibi
396 769 551 802 scribere
567 767 628 815 ³⁷).
683 766 794 800 Suam
818 765 946 811 cuique
964 775 1073 809 spon-

63 832 159 861 sam,
188 819 278 854 mihi
307 832 444 859 meam;
480 832 585 855 suum
607 818 735 865 cuique
763 829 946 858 amorem,
981 813 1073 849 mihi

63 885 184 906 meum
211 872 271 919 ³⁹).
338 871 447 913 Item,
487 871 581 905 Satis
612 883 722 904 nemo
758 881 921 915 unquam
953 880 1071 913 neque

62 930 169 969 poeta
182 951 192 966 ,
219 936 337 970 neque
355 930 478 957 orator
492 923 580 963 fuit,
618 922 679 969 qui
699 932 921 969 quemquam
944 919 1073 953 melio-

62 988 138 1010 rem
159 988 269 1022 quam
285 988 322 1010 se
341 976 592 1009 arbitraretur.
634 974 712 1008 Hoc
730 973 840 1007 etiam
860 972 966 1006 malis
988 983 1072 1005 con-

62 1027 180 1073 tingit.
232 1027 435 1061 Exordium
451 1025 560 1061 huius
575 1025 730 1071 Eclogae
752 1031 804 1060 est
819 1025 968 1069 plenum
987 1035 1071 1057 con-

62 1079 241 1113 viciorum
253 1107 262 1121 ,
291 1079 422 1126 quibus
438 1091 474 1113 se
491 1085 618 1113 mutuo
637 1080 680 1111 ad
699 1078 919 1111 cantandum
938 1088 1071 1121 provo·
1096 1093 1099 1122 ᾗ

210 1130 396 1176 Principio
420 1130 562 1177 quaerit
586 1130 794 1177 εἷρονικῶς,
825 1128 913 1174 quid
941 1127 1005 1167 sit,
1033 1133 1071 1160 ut

664 1181 773 1214 Ridet
791 1187 912 1213 autem
931 1179 1071 1212 Menal-

62 1137 156 1165 cant.

62 1181 222 1217 habeant
244 1183 389 1216 ridendi
407 1183 609 1216 materiam.

63 1246 120 1269 cas
146 1233 363 1268 Damoetam
388 1240 563 1280 tanquam
589 1232 855 1266 mercenarium
881 1238 917 1265 et
940 1231 1070 1271 furem,
1096 1258 1098 1276 ¹.

63 1292 212 1331 propter
237 1286 334 1332 quod
361 1285 499 1319 crimen
522 1291 556 1318 et
579 1283 688 1318 hodie
714 1284 808 1318 male
831 1283 985 1318 audiunt
1008 1294 1070 1328 pa-

63 1343 176 1372 stores
203 1338 338 1371 ovium.

333 1430 473 1463 Aliud
509 1429 714 1462 eiusdem
733 1427 794 1474 3⁹).

165 1497 275 1543 Quod
309 1498 352 1531 de
391 1496 566 1542 Euripide
604 1497 753 1543 quidam
795 1496 929 1529 facetus
967 1494 1068 1535 dixit,

63 1561 238 1597 quaerere
254 1562 337 1584 eum
355 1549 392 1582 in
412 1550 508 1583 lente
522 1555 746 1593 unguentum
760 1575 769 1588 ,
797 1545 866 1581 hoc
882 1553 953 1587 est,
976 1559 1068 1580 non·
1093 1575 1096 1591 a

1093 1602 1096 1624 ς
1123 1602 1234 1635 regno
1252 1591 1414 1635 litigare,
1444 1597 1477 1624 et
1499 1588 1672 1624 adhibere
1695 1589 1869 1629 arbitros,
1899 1600 2053 1634 quorum
2079 1587 2134 1620 ni-

60 1654 116 1688 his
157 1653 296 1687 accidat
338 1653 376 1685 in
415 1652 653 1697 explicatione
686 1651 851 1687 Bucolici
886 1651 1068 1689 carminis,
1094 1650 1095 1687 i
1122 1639 1193 1683 hil,
1221 1642 1289 1677 1¹le
1307 1643 1488 1676 insulSifflS
1511 1643 1664 1676 x*melur-

61 1613 250 1648 nunquam
277 1601 529 1646 intempestive
552 1599 826 1646 philosophari,
872 1600 907 1632 id
932 1611 977 1632 ne
1003 1611 1068 1633 no-

63 1704 254 1749 diligenter
295 1704 582 1748 praevidendum
626 1710 687 1738 est.
754 1703 833 1737 Etsi
871 1703 968 1737 enim
1005 1703 1069 1736 ali-

62 1768 156 1803 quae
180 1755 335 1800 Eclogae
360 1756 409 1789 ita
436 1756 590 1800 scriptae
613 1762 714 1796 sunt,
758 1762 798 1789 ut
818 1767 893 1789 non
918 1755 1068 1789 obscure

61 1809 182 1842 locum
208 1819 439 1842 communem
459 1813 633 1841 tractent:
670 1813 792 1840 tamen
822 1807 991 1849 fugienda
1017 1813 1068 1841 est
1094 1806 1096 1809 ’

63 1860 267 1904 superstitio
284 1866 320 1894 et
336 1859 454 1893 inanis
471 1859 671 1899 curiositas,
690 1870 783 1904 quae
798 1858 932 1904 ubique
948 1858 1069 1903 singu·
1094 1865 1097 1897 ζ

62 1913 176 1946 larem
195 1909 466 1957 philosophiam
485 1911 701 1955 investigare
720 1916 883 1944 conatur.
927 1910 1067 1944 Omissa

63 1964 174 2009 igitur
210 1964 398 1999 subtiliore
431 1963 667 2009 inquisitione
703 1963 771 1995 loci
802 1962 1006 1996 communis
1031 1962 1069 1994 in

64 2014 131 2050 hac
155 2015 309 2061 Ecloga,
344 2016 579 2060 grammatice
615 2027 691 2048 eam
723 2026 996 2059 percurramus,
1035 2020 1070 2047 et

66 2172 161 2205 inter
181 2184 218 2206 se
239 2171 523 2216 discrepantium
540 2183 617 2204 non
632 2171 752 2205 minus
770 2171 915 2216 ineptae
933 2177 968 2203 et
983 2170 1070 2203 ridi-

67 2224 179 2258 culae.

103 2412 150 2444 36)
177 2411 258 2442 epist.
273 2411 328 2444 ΞΩ]

136 2447 218 2477 epist.
233 2446 277 2472 20,
305 2448 331 2475 S.
347 2448 370 2469 3.
402 2446 454 2470 Ed.
482 2446 588 2473 ercli:
621 2447 671 2471 Ed.
690 2447 765 2473 1565.
791 2447 871 2477 epist.
896 2447 955 2473 21.:
987 2447 1071 2472 Editt.
1096 2471 1099 2484 .

140 2482 215 2506 1568.
226 2498 235 2513 ,
255 2482 329 2506 1593.
351 2487 408 2512 cap.
421 2482 464 2506 2¹.

103 2531 151 2563 37)
171 2538 332 2562 quemquam
352 2532 405 2555 sim
426 2531 576 2560 scabere]
597 2531 631 2555 sa
651 2531 734 2555 Editt.
756 2531 842 2561 1565.,
865 2532 956 2563 1568„
979 2532 1072 2562 1593.;
1097 2518 1099 2541 ³

140 2566 188 2590 Ed.
209 2566 313 2592 otest:
335 2566 386 2590 sibi
409 2573 542 2597 quemque
562 2566 697 2591 scribere.

103 2616 152 2647 ³8)
181 2618 263 2640 Suam
291 2617 387 2647 cuique
413 2630 447 2635 —
472 2615 571 2648 meum]

145 2651 247 2674 allatus
266 2651 355 2674 Attilii
374 2653 426 2676 est.

105 2700 154 2728 39)
175 2701 233 2725 Hoc
258 2703 448 2731 argumentum
475 2703 503 2726 iu
523 2703 606 2726 Editt.
622 2702 695 2726 1:363.
710 2719 716 2730 .
740 2701 814 2727 1593.
839 2702 945 2733 exstat,
971 2702 998 2726 in
1026 2703 1074 2728 Ed.

143 2735 218 2759 1565.
240 2735 327 2758 deest.

72 2775 253 2807 Maias-Tu.
279 2778 383 2808 Oeen.
410 2778 493 2808 Vol..
516 2778 605 2809 XIX.

549 105 754 142 Lxxxvtl.
808 103 1096 142 ENARRATIO
1131 101 1413 138 BUCOLlCON
1450 100 1658 136 VIRGILll.

576 352 684 396 Apud
708 350 906 385 Hesiodum
933 353 985 382 est
1012 348 1076 380 du-
1102 346 1104 378 ἰ

859 452 1076 486 Aemulatur
1100 468 1103 474 ‹

976 503 1075 537 Haec
1100 517 1102 523 ·

2065 103 2139 139 322

1134 197 1188 224 ter
1205 191 1448 225 contendunt:
1478 189 1527 222 ita
1544 185 1754 234 philosophi
1777 200 1906 232 magna
1934 188 2139 228 autoritate,

1132 249 1171 276 ut
1197 243 1241 276 de
1266 242 1477 276 Democrito
1501 240 1628 275 Cicero
1655 240 1794 286 inquit,
1822 239 1999 274 maximas
2026 252 2139 285 nugas

1131 295 1282 335 docent,
1312 301 1345 328 et
1364 295 1408 328 de
1425 294 1532 327 rebus
1552 292 1740 326 levissimis
1762 303 2024 336 saepenumero
2043 298 2139 325 atro-

1131 346 1220 380 citer
1235 347 1422 380 dimicant.
1476 345 1578 379 Talis
1602 351 1654 379 est
1671 344 1889 388 disputatio,
1918 356 2010 389 quae
2029 344 2140 388 agita-

1130 405 1189 431 tur
1205 399 1301 432 inter
1317 398 1509 433 Stoicos'et
1525 396 1775 431 Aristotelicos
1790 396 1833 428 de
1849 396 1956 429 rebus
1972 395 2138 435 externis,

1130 456 1168 483 ut
1188 451 1287 483 verbi
1311 463 1416 484 causa
1436 450 1479 482 dc
1499 450 1595 483 bona
1617 447 1843 488 valetudine,
1872 448 1915 480 de
1932 448 2068 487 forma,
2095 448 2137 481 de

1130 502 1314 546 opulentia
1330 529 1338 542 ,
1369 514 1414 535 an
1438 502 1510 536 sint
1526 499 1594 534 hae
1618 513 1674 535 res
1698 501 1792 534 bona
1819 499 2056 544 appellandae
2077 498 2137 545 ⁴⁰),

1128 565 1176 586 an
1203 566 1291 587 xero
1319 552 1558 602 προηγμένα,
1595 550 1664 586 hoc
1690 558 1761 592 est,
1796 551 1972 596 praelata.
2037 551 2136 583 Hanc

1129 617 1203 639 esse
1228 605 1374 638 inanem
1402 612 1435 638 et
1462 605 1613 638 otiosam
1636 602 1872 653 λογολιιαχίαν
1891 603 1970 649 quis
1988 615 2062 635 non
2088 603 2137 635 vi-

1128 656 1212 690 det?
1255 657 1323 690 Sed
1352 669 1427 690 non
1460 656 1579 690 minus
1611 656 1723 700 inepti
1758 661 1840 689 sunt
1871 654 2019 700 quidam
2048 655 2136 687 satui

1127 709 1380 743 conciliatores
1399 705 1702 753 philosophorum
1716 735 1724 747 ‚
1754 707 1871 752 qualis
1892 713 1943 740 est
1961 707 2057 751 apud
2077 706 2133 739 Ci-

1128 773 1294 794 ceronem
1326 762 1357 795 1.
1393 762 1436 794 de
1462 759 1618 804 Legibus
1643 759 1685 793 L.
1712 757 1934 803 Gellius‘¹¹),
1978 765 2012 791 et
2038 759 2134 802 apud

1126 813 1317 846 Platonem
1351 812 1389 845 in
1418 810 1628 857 Pythagora
1660 811 1823 855 Hippias.
1893 810 1976 844 Bon
2010 810 2133 854 ignota

1126 871 1210 899 sunt
1245 864 1408 909 exempla
1442 863 1574 898 similia
1612 863 1841 909 quarundam
1869 861 2133 896 controversia-

1126 928 1207 951 rum
1238 915 1582 956 ecclcsiasticarum,
1628 926 1721 960 quae
1748 914 1861 958 magis
1898 913 2066 947 oriuntur
2090 913 2134 946 ab

1126 968 1357 1013 ingeniorum
1377 967 1578 1013 petulantia
1606 973 1637 999 et
1656 966 1820 1005 levitate,
1850 977 1958 1011 quam
1976 977 1995 998 a
2015 965 2133 999 studio

1127 1021 1288 1055 veritatis
1305 1020 1589 1066 patefaciendae.
1643 1019 1758 1063 Saepe
1775 1017 1883 1051 etiam
1909 1030 1990 1051 cum
2015 1029 2135 1051 neces-

1125 1072 1228 1106 sariis
1246 1079 1280 1106 et
1297 1072 1467 1117 gravibus
1485 1072 1527 1104 de
1546 1070 1660 1104 causis
1679 1070 1773 1103 inter
1789 1082 1825 1104 se
1853 1069 2028 1103 dimicant
2052 1081 2134 1103 vere

1126 1123 1176 1168 pii
1198 1130 1231 1157 et
1251 1122 1484 1169 hypocritae,
1515 1129 1555 1156 ut
1572 1120 1640 1155 hoc
1656 1128 1819 1166 tempore
1836 1121 1941 1156 nohis
1958 1121 2133 1155 acerrima

1127 1176 1309 1209 contentio
1353 1174 1640 1220 disceptatioque
1683 1180 1734 1207 est
1774 1185 1853 1207 cum
1891 1173 2048 1218 Papistis
2089 1174 2134 1206 de

1125 1227 1331 1273 praecipuis
1349 1226 1510 1260 articulis
1530 1226 1716 1260 doctrinae
1728 1223 1974 1266 Christianae,
2001 1225 2135 1259 multos

1125 1279 1247 1313 videre
1273 1279 1427 1313 insulsos
1459 1279 1543 1311 licet
1568 1277 1818 1312 conciliatores
1844 1277 2008 1322 proxime
2038 1289 2135 1310 acce·

1125 1331 1249 1365 dentes
1296 1332 1341 1364 ad
1376 1331 1574 1375 imaginem
1612 1329 1864 1369 Palaemonis,
1909 1328 1971 1375 qui
2016 1328 2135 1374 inquit

1124 1382 1202 1428 (Vs.
1223 1383 1341 1429 109.):
1366 1386 1411 1417 Et
1424 1384 1530 1417 vitula
1548 1388 1584 1416 ru
1601 1384 1742 1426 dignus,
1768 1386 1801 1415 et
1816 1382 1871 1415 hic
1889 1387 1954 1415 etc.
1993 1380 2131 1426 Quodsi

1095 1446 1096 1450 ¹
1124 1434 1161 1466 in
1185 1434 1297 1468 vitam
1324 1433 1515 1468 homilium
1546 1434 1763 1475 intueberis,
1802 1433 1915 1477 magis
1943 1432 2131 1478 aliquanto

1094 1489 1096 1506 ³
1124 1486 1322 1531 intelligas,
1367 1500 1438 1533 quo
1466 1487 1616 1520 consilio
1643 1483 1732 1519 haec
1753 1484 1887 1529 Ecloga
1920 1485 2050 1529 scripta
2076 1483 2132 1519 sit.

1122 1536 1223 1572 Nihil
1242 1539 1338 1572 enim
1358 1538 1394 1571 iu
1411 1539 1483 1572 vita
1502 1538 1668 1572 usitatius
1686 1544 1756 1577 est,
1785 1549 1893 1583 quam
1912 1538 1955 1570 de
1974 1548 2133 1581 paupere

1714 1641 1905 1675 Caeterum
1923 1638 2012 1673 haec
2029 1639 2131 1672 tertia

1096 2054 1097 2057 1
1336 2045 1343 2051 ²
1461 2046 1475 2057 (Ἰ

63 2074 187 2102 tamen
203 2067 358 2102 sciamus
373 2067 410 2100 in
429 2080 471 2101 ea
484 2067 586 2112 pingi
602 2066 796 2111 imaginem
824 2067 934 2111 inepti
957 2072 1070 2100 certa·
1095 2067 1098 2095 ἰ
1124 2051 1252 2090 gamer
1276 2052 1429 2090 scnpffle
1444 2046 1504 2092 ⁴⁸)-

64 2120 172 2154 minis
191 2126 225 2153 et
252 2118 522 2154 diiudicationis
540 2131 604 2154 seu
620 2119 884 2153 conciliationis
910 2119 1068 2163 partium
1096 2130 1098 2162 ζ
1249 2150 1257 2156 ,
1424 2149 1431 2156 ,
1659 2149 1667 2156 ,
1774 2149 1796 2156 ,,
1845 2150 1852 2156 ,
1872 2150 1880 2156 ,
2083 2152 2090 2158 ,

30 2163 33 2166 ⁴
1096 2167 1098 2186 ι
1126 2156 1161 2183 ct
1197 2162 1279 2195 qula
1316 2150 1481 2183 doctrlna
1519 2150 1711 2191 excelluit,
1752 2149 1943 2194 Yirglhum
1977 2158 2010 2184 et
2044 2152 2132 2185 {ilios

233 2223 284 2258 Ut
308 2223 404 2257 enim
432 2221 500 2257 hoc
522 2224 602 2257 loco
623 2230 807 2268 pastores,
836 2223 1019 2257 Menalcas
1037 2228 1071 2256 et
1096 2254 1098 2261 ,
1218 2254 1224 2260 ,
1374 2254 1382 2260 ,
1509 2254 1517 2260 ,
1713 2254 1721 2261 ‚

66 2275 283 2316 Damoetas,
325 2276 367 2309 de
396 2275 605 2309 excellentia
629 2276 715 2311 artis
742 2275 900 2310 musicae
923 2275 1070 2321 puerili-
1096 2276 1099 2299 ἒ
1126 2261 1160 2288 et
1176 2255 1269 2288 fihus
1288 2254 1426 2312 pomo?
1456 2267 1517 2312 qiu
1534 2261 1657 2299 Posoea
1675 2261 1782 2313 “haffn
1807 2255 1922 2313 elfffus
1948 2261 2073 2288 ⁰r³¹⁰r
2098 2261 2129 2312 ‘ft

1096 2314 1098 2331 ²
1125 2318 1279 2351 magnae
1306 2312 1511 2340 autoritatis
1536 2308 1601 2341 sub
1625 2306 1774 2340 Tiberio
1798 2307 1884 2343 suit.
1921 2319 1961 2340 ac
1986 2307 2130 2353 reliquit

366 2412 405 2435 sic
432 2410 550 2441 scripsi,
576 2412 705 2442 leguntur
736 2412 808 2436 enim
838 2413 904 2436 haec
931 2413 1017 2436 verba
1045 2411 1070 2435 in
1098 2421 1099 2432 κ

604 2616 646 2640 hic
679 2622 779 2639 versus
806 2617 831 2640 lt.
856 2618 872 2639 1.
898 2622 914 2640 a
940 2617 1074 2642 Cicerone
1096 2617 1100 2657 i

1122 1693 1257 1738 Ecloga
1281 1696 1325 1728 ad
1351 1694 1590 1728 imitationem
1611 1695 1766 1728 duorum
1783 1692 1996 1738 Idylliorum
2015 1689 2134 1725 Theo*

1094 1753 1095 1760 ¹
1124 1746 1203 1780 criti
1221 1746 1372 1791 scripta,
1402 1746 1568 1780 videlicet
1587 1746 1706 1793 quarti
1726 1752 1759 1780 et
1775 1745 1904 1779 octavi.

1491 1841 1660 1894 Ecloga
1693 1839 1770 1881 lV.

1175 1914 1507 1958 Argumentum
1538 1915 1583 1948 in
1614 1920 1825 1961 quartam
1853 1914 2085 1961 Eclogam.

1230 1993 1362 2027 Extant
1396 1995 1568 2038 epistolae
1594 1993 1710 2027 Asinii
1742 1994 1786 2025 ad
1818 1993 2029 2029 Ciceronem
2065 1997 2132 2030 ele-

1574 2045 1659 2079 Fuit
1688 2050 1809 2079 autem
1835 2047 2030 2092 praecipua
2059 2048 2132 2083 eius

1125 2097 1300 2131 autoritas
1319 2098 1414 2142 apud
1433 2096 1575 2139 Iulium,
1606 2104 1639 2131 et
1657 2097 1786 2131 deinde
1807 2099 1903 2142 apud
1918 2099 2131 2143 Augustum,

1125 2202 1258 2236 multos
1275 2203 1400 2236 doctos
1420 2202 1517 2236 viros
1534 2202 1740 2247 complexus
1758 2208 1820 2237 est.
1853 2201 1945 2236 Huic
1961 2209 2066 2237 natus
2081 2209 2133 2237 est

1097 2433 1100 2466 l
1160 2444 1204 2474 40)
1224 2442 1425 2472 appellandae]
1447 2440 1487 2464 sie
1506 2441 1556 2466 Ed.
1575 2440 1670 2472 1593.;
1690 2441 1738 2466 Ed.
1757 2442 1834 2466 1568.
1852 2442 2026 2471 appellanda.

1161 2485 1208 2517 41)
1228 2487 1259 2510 L.
1281 2485 1388 2510 Gellius
1407 2484 1565 2516 Poplicola,
1586 2484 1733 2509 familiaris
1755 2485 1897 2509 Ciceronis
1910 2502 1916 2508 .
1936 2484 1998 2507 vide
2017 2484 2074 2510 Cic.
2095 2486 2127 2508 dc

1195 2521 1284 2552 Legg.
1300 2520 1321 2551 l,
1340 2520 1385 2550 20,
1404 2520 1447 2545 53.

1097 2559 1099 2593 Ι
1160 2563 1207 2595 42)
1233 2563 1264 2588 C.
1285 2563 1398 2586 Asinius
1431 2562 1520 2586 Pollio
1545 2565 1643 2592 (natus
1669 2568 1693 2586 a.
1716 2569 1742 2585 n.
1767 2568 1789 2585 c.
1808 2561 1885 2590 679.)
1911 2567 1927 2585 a
1953 2561 2078 2586 Caesare
2101 2563 2127 2586 in

1197 2599 1298 2622 bellum
1322 2597 1480 2622 Parthicum
1513 2598 1673 2627 profecturo
1699 2597 1852 2626 Hispaniae
1877 2596 2006 2620 ulteriori
2037 2598 2128 2621 fuerat

1197 2633 1374 2664 praefectus,
1395 2633 1495 2656 bellum
1516 2632 1551 2656 ibi
1578 2633 1675 2656 contra
1695 2634 1758 2654 sex.
1780 2631 1936 2661 Pompeium
1957 2631 2024 2655 Cnei
2044 2632 2126 2655 filium

1196 2670 1346 2699 gesturus-3,
1381 2674 1413 2691 ex
1438 2673 1492 2697 qua
1517 2667 1653 2696 epistolas
1671 2666 1715 2688 31.
1736 2665 1779 2689 32.
1798 2666 1840 2689 33,
1866 2666 1929 2689 libri
1945 2666 1978 2690 X.
1998 2666 2031 2689 ad
2052 2667 2124 2689 Fam.

1097 2708 1102 2761 2
1196 2703 1231 2725 ad
1251 2702 1411 2726 Ciceronem
1432 2702 1513 2725 dedit.
1535 2701 1613 2724 Conf.
1641 2701 1673 2723 dc
1700 2706 1732 2723 eo
1755 2700 1852 2723 Orellii
1881 2701 1908 2723 et
1927 2700 2029 2724 Baiter?
2051 2700 2126 2723 Ono-

1196 2739 1275 2760 mast.
1296 2737 1413 2761 Tullian.
1435 2736 1462 2760 P.
1479 2737 1511 2760 ll.
1532 2734 1606 2804 νέξ
1625 2741 1665 2765 sq„
