2421 3005
71 97 146 133 689
535 93 641 130 XCII.

69 182 329 218 resolutionem
373 182 513 227 primae
550 180 703 225 spondei
746 181 903 226 recipere
936 181 1100 215 ibidem·

69 241 323 280 anapaestum,
353 240 386 267 et
403 245 467 278 per
482 232 740 266 resolutionem
757 235 934 267 secundae
949 234 1071 279 dacty—

67 287 166 328 lum,
215 293 251 320 et
281 297 345 331 per
378 284 636 319 resolutionem
667 285 855 330 utriusque
885 286 1069 330 proceleu-

63 338 253 374 smaticum
266 364 275 379 ,
304 338 352 371 ita
369 343 410 371 ut
426 336 576 381 recipiat
595 336 632 369 in
659 333 714 370 his
736 337 878 371 sedibus
895 337 1069 378 iambum,

63 388 307 430 tribrachum,
341 389 563 434 spondeum,
596 395 851 433 anapaestum,
887 389 1067 434 dactylum

64 449 100 476 et
122 441 501 487 proceleusmaticum3
548 439 586 472 in
619 440 699 484 pari
734 447 875 481 autem,
910 439 979 475 hoc
1005 448 1067 482 est,

62 494 239 534 secunda,
267 499 415 539 quarta,
451 498 568 532 sexta,
604 492 682 532 vel,
718 491 747 526 si
771 493 913 537 longius
940 505 1067 538 evaga-

61 551 142 587 tur,
171 551 297 579 octava
324 550 358 577 et
380 544 539 584 decima,
567 543 750 584 iambum,
780 543 1003 578 tribrachum
1033 551 1067 578 et

61 603 318 642 anapaestum;
347 596 384 629 in
407 596 476 629 fine
494 607 580 628 vero
596 602 747 640 propter
771 596 936 630 ultimam
961 597 1066 630 indis-

60 650 234 682 ferentem
261 648 436 693 syllabam
465 647 574 681 etiam
611 645 874 692 pyrrhichium.
945 648 1066 682 Scien-

60 701 147 735 dum
163 707 199 734 et
214 700 322 740 illud,
359 700 506 746 quando
532 705 689 732 metrum
717 699 972 733 acatalecticon
1001 707 1064 741 est,

59 752 99 785 in
114 753 185 786 fine
203 752 364 785 iambum
385 753 546 796 excipere
565 751 695 791 solum,
718 757 780 784 aut
796 749 1064 796 pyrrhichium,

59 805 209 851 quando
234 809 355 838 autem
383 803 651 842 catalecticum,
686 801 847 836 iambum
875 804 913 837 in
938 804 1064 848 penul-

60 857 149 890 tima
178 856 346 900 regione,
382 862 444 889 aut
466 866 616 900 perraro
641 852 878 889 tribrachum.
942 856 1064 889 Caete-

56 920 142 943 rum
158 908 329 948 Plautus,
355 906 514 947 Ennius,
540 905 688 946 Accius,
720 906 933 948 Terentius,
967 907 1064 942 Nae-

57 961 159 1001 vius,
186 960 385 999 Pacuvius,
414 957 621 1003 Turpilius,
646 958 839 999 Afranius,
874 966 909 992 et
934 959 1063 1006 reliqui

59 1019 137 1046 tam
154 1011 282 1045 comici
299 1022 408 1057 quam
427 1010 555 1055 tragici
573 1016 710 1043 veteres
722 1036 731 1050 ,
766 1010 814 1043 ita
835 1011 991 1045 iambico
1009 1012 1063 1045 usi

58 1069 164 1105 sunt,
191 1069 232 1098 ut
246 1064 284 1096 in
301 1063 470 1097 omnibus
486 1062 574 1096 locis
590 1062 838 1096 indifferenter
864 1063 1064 1097 locaverint

61 1115 222 1162 quinque
248 1116 376 1161 pedes,
410 1115 570 1148 iambum
594 1114 668 1148 sive
694 1113 936 1157 tribrachum,
979 1128 1064 1149 ana-
1090 1138 1091 1144 η

60 1174 227 1212 paestum
244 1168 426 1212 dactylum
438 1194 447 1208 ,
476 1173 511 1200 et
527 1167 727 1212 spondeum
740 1194 749 1207 ,
776 1169 910 1214 absque
927 1175 1064 1213 postre-

60 1232 122 1253 mo
138 1219 240 1260 loco,
268 1219 308 1252 in
323 1232 395 1265 quo
413 1231 561 1264 prorsus
578 1219 635 1253 vel
660 1219 821 1254 iambum
844 1221 901 1253 vel
922 1218 1065 1266 pyrrhi-

61 1269 182 1305 chium
201 1271 361 1316 posuisse
379 1271 573 1306 invenitur.
627 1270 707 1305 Erit
724 1278 843 1305 autem
866 1273 1064 1318 probabilis

60 1323 236 1357 iambicus
255 1335 398 1364 versus,
436 1330 612 1369 aptusque
641 1324 855 1368 tragoediis,
890 1325 919 1359 si
941 1338 1064 1359 secun-

61 1375 147 1408 dum
172 1381 207 1408 et
231 1381 401 1421 quartum
430 1376 559 1420 pedem
588 1388 663 1408 non
687 1376 775 1410 alios
803 1377 925 1411 seceris
955 1390 1064 1423 quam

61 1426 222 1467 iambos,
263 1432 326 1459 aut
351 1439 456 1467 eum,
501 1427 565 1472 qui
588 1425 792 1462 tribrachus
823 1436 884 1463 aut
909 1441 1063 1474 anapae-

61 1485 136 1513 stus
151 1477 385 1519 nominatur‚
413 1479 586 1524 quoniam
613 1486 696 1512 sunt
722 1492 838 1524 pares.
893 1481 1064 1526 Septena-

60 1530 157 1564 rium
180 1542 325 1564 versum
342 1529 421 1563 fieri
448 1530 688 1571 dicitNarro,
717 1544 797 1565 cum
826 1533 871 1565 ad
889 1533 1064 1574 iambum,

62 1582 126 1629 qui
158 1588 211 1616 est
237 1582 276 1615 in
306 1588 403 1616 sexta
434 1583 536 1623 sede,
577 1582 784 1628 trisyllabus
809 1597 871 1629 pes
907 1586 1064 1626 additur,

62 1634 185 1681 quales
203 1639 287 1667 sunt
305 1633 455 1667 creticus
474 1640 509 1666 et
531 1632 833 1678 amphibrachus,
868 1638 930 1682 qui
956 1638 1063 1671 etiam
1090 1650 1092 1686 ᾗ
1118 1658 1322 1696 tribrachus
1369 1662 1456 1697 locis
1502 1663 1670 1698 omnibus

60 1685 234 1721 trimetris
255 1692 289 1719 et
303 1685 523 1719 tetrametris
548 1687 644 1730 apud
661 1686 872 1721 Terentium
898 1690 1065 1735 frequen-

62 1745 118 1772 ter
132 1738 377 1783 reperiuntur.
426 1737 563 1770 Comici
585 1744 712 1782 poetae
731 1751 856 1774 omnes
870 1741 942 1774 fere
960 1754 1065 1787 syna-

62 1788 223 1835 loephis,
252 1787 561 1835 episynaloephis,
587 1790 661 1823 sive
679 1793 928 1836 synaeresibus
945 1800 979 1826 et
996 1794 1066 1826 col-

62 1842 253 1876 lisionibus
271 1848 306 1875 et
322 1841 582 1875 abiectionibus
597 1855 614 1875 s
630 1842 769 1876 litterae
786 1851 868 1877 sunt
885 1845 956 1885 usi,
984 1858 1066 1879 suos
1092 1862 1094 1865 ’

65 1905 188 1928 versus
215 1894 442 1933 scandendo;
481 1894 674 1927 Terentius
699 1902 819 1928 autem
845 1897 923 1940 plus
950 1898 1067 1929 omni-

63 1947 142 1980 bus.

65 2056 140 2083 tam
159 2049 340 2095 dactylos,
368 2062 476 2096 quam
494 2052 674 2095 spondeos
690 2062 794 2095 saepe
812 2052 927 2096 ponit.
982 2053 1069 2087 Cae-

66 2107 185 2135 terum
203 2101 332 2135 comici
352 2102 466 2136 nostri
482 2102 519 2135 in
536 2103 717 2149 plerisque
736 2104 916 2149 prologis,
946 2111 978 2138 et
997 2105 1069 2150 pri-

67 2153 136 2188 mis
159 2153 273 2188 scenis
298 2153 471 2187 trimetris
495 2160 665 2193 utuntur;

67 2206 187 2251 prima
211 2217 316 2240 scena
343 2203 622 2250 Amphitruonis
647 2208 867 2242 tetrametris
895 2221 978 2243 usus
1008 2215 1071 2249 est,

70 2264 106 2292 et
127 2258 290 2292 dimetris
313 2255 676 2303 brachycatalectici&
740 2261 787 2294 At
813 2260 1005 2295 Terentius
1034 2261 1071 2293 in

71 2309 173 2343 omni
204 2309 357 2355 prologo
388 2316 422 2342 et
452 2309 569 2354 prima
601 2322 706 2344 scena
739 2312 911 2347 trimetris
946 2313 1071 2353 utitur,
1098 2332 1099 2337 =

71 2361 135 2408 qui
156 2362 376 2407 quandoque
402 2359 537 2394 habent
559 2362 796 2406 penultimam
822 2377 945 2399 versus
968 2365 1072 2411 sylla-

70 2414 176 2454 bam,
219 2413 257 2446 in
290 2413 506 2459 quibusdam
538 2413 683 2458 longam
717 2421 752 2448 et
785 2416 822 2449 in
856 2417 1071 2463 quibusdam

71 2466 239 2507 brevem,
267 2465 397 2498 deinde
414 2465 661 2510 longissimos,
691 2466 727 2499 id
746 2474 816 2508 est,
844 2475 1073 2503 tetrametros

73 2517 332 2558 subdiderunt,
362 2517 423 2564 qui
441 2517 671 2562 appellantur
689 2520 867 2564 quadrati.

395 2604 455 2637 De
486 2605 750 2648 generibus.

180 2671 321 2706 Genera
339 2672 485 2706 iambici
506 2674 632 2714 metri,
669 2674 798 2720 quibus
815 2674 869 2708 usi
892 2681 975 2708 sunt
991 2688 1075 2720 poe-

76 2729 155 2763 tae,
195 2724 299 2768 plura
316 2723 563 2769 perhibentur.
624 2725 716 2760 Nam
745 2740 786 2760 ex
809 2724 864 2761 his
893 2727 961 2761 alia
985 2728 1075 2761 inte-

131 2781 314 2813 Maras-m.
334 2783 440 2814 Oriza.
474 2784 559 2814 Vei..
578 2784 665 2815 XIX.

694 93 981 130 ENARRATIO
1018 93 1387 129 COMOEDIARUM

707 2155 856 2190 Plautus
883 2163 1003 2190 autem
1032 2158 1070 2190 in
1096 2162 1098 2179 ³

1426 94 1668 131 TERERTH.
2057 99 2131 134 690

1126 194 1209 227 gra,
1243 182 1311 215 alia
1341 182 1487 223 clauda,
1524 194 1616 228 quae
1641 183 1817 217 Scazonta
1845 191 1879 218 et
1905 184 2128 219 Coliambica

1124 241 1275 275 vocant,
1317 246 1473 280 quorum
1507 234 1748 268 differentiam
1780 237 1980 280 penultima
2008 250 2130 272 versus

1123 286 1259 331 syllaba
1279 285 1557 324 demonstrabit;
1591 298 1676 319 nam
1702 287 1731 320 si
1755 288 1874 321 brevis
1897 288 2025 329 suerit,
2063 290 2130 323 erit

1123 345 1261 372 rectum
1288 344 1322 372 et
1345 338 1525 382 integrum
1554 338 1768 378 iambicum;
1819 340 1874 374 sin
1898 341 2026 385 longa,
2069 343 2129 375 de-

1122 390 1243 424 lumbe
1269 396 1303 424 et
1324 390 1504 424 claudum.
1566 390 1682 425 Huius
1706 397 1871 436 repertor
1894 393 1962 426 fuit
1990 393 2127 438 Hippo-

1121 453 1210 480 nax;
1254 454 1339 474 nam
1372 454 1439 487 pro
1466 442 1588 476 iambo
1613 443 1769 478 inductis
1794 441 1972 478 trochaeis
2002 452 2125 479 contra

1120 493 1235 538 legem
1254 494 1408 527 trimetri
1429 493 1594 535 iambici,
1622 501 1778 529 metrum
1798 495 1999 536 innovavit,
2030 499 2127 543 quod

1121 544 1259 579 Scazon
1277 546 1492 590 appellatur,
1521 546 1555 579 id
1578 553 1641 587 est,
1659 547 1877 588 claudicans,
1906 550 2005 593 quod
2024 550 2126 594 quasi

1121 597 1246 632 alienis
1266 597 1418 641 pedibus
1437 599 1472 630 in
1491 599 1559 631 siue
1576 599 1733 632 maxime
1750 606 1990 640 sustentetur,
2020 607 2054 633 et
2078 601 2125 634 sic

1120 649 1306 683 claudicet.
1360 649 1408 682 At
1424 650 1509 695 quia
1528 651 1643 684 nostri
1660 651 1788 685 comici
1806 649 1997 686 trochaicis
2013 665 2125 698 quan-

1120 701 1239 747 doque
1258 707 1432 741 utuntur,
1461 714 1535 734 non
1554 702 1622 736 erit
1642 703 1801 737 alienum
1820 704 1958 750 aliquid
1982 705 2025 738 de
2053 711 2124 738 tro-

1120 751 1244 786 chaico
1261 753 1420 786 breviter
1439 754 1583 787 referre.

1356 820 1417 854 De
1448 828 1590 854 metro
1621 820 1879 859 trochaico.

1223 878 1466 914 Trochaicum
1487 882 1524 914 in
1538 880 1625 915 locis
1642 881 1786 927 quidem
1812 883 2012 928 imparibus
2033 886 2124 918 exci-

1090 936 1092 971 }
1118 931 1170 976 pit
1193 930 1426 973 trochaeum,
1469 931 1714 974 tribrachum,
1751 934 1913 968 iambum
1942 942 1975 968 et
2002 937 2124 982 dacty-

1090 994 1091 998 ’
1119 984 1213 1024 lum,
1248 984 1285 1017 in
1310 985 1397 1019 locis
1424 992 1543 1019 autem
1567 985 1716 1030 paribus
1740 993 1885 1030 praeter
1909 987 1989 1022 illos
2015 988 2123 1022 etiam

1118 1036 1318 1080 spondeum
1338 1043 1371 1070 et
1389 1044 1637 1082 anapaestum.
1695 1037 1784 1071 Cum
1807 1045 1927 1072 autem
1945 1040 2123 1073 catalecti-

1119 1100 1199 1121 cum
1217 1094 1287 1129 est,
1316 1089 1351 1121 in
1370 1089 1570 1133 penultima
1588 1088 1744 1123 maxime
1764 1088 1974 1125 trochaeum
1994 1093 2122 1126 admit-

1118 1139 1178 1180 tit,
1207 1139 1390 1174 interdum
1409 1140 1652 1179 tribrachium
1682 1153 1762 1175 cum
1782 1149 1902 1176 autem
1926 1142 2123 1189 brachyca-

1118 1192 1320 1226 talecticum
1339 1199 1410 1233 est,
1440 1195 1476 1226 in
1496 1193 1697 1239 penultimo
1723 1193 1803 1227 loco
1832 1202 2007 1241 quaterna
2034 1203 2123 1229 tem-

1119 1256 1208 1288 pora
1238 1257 1312 1278 non
1337 1245 1476 1290 recipit.
1540 1247 1637 1279 Haec
1661 1243 1928 1290 Hephaestion3
1964 1248 2123 1282 Manlius

1119 1294 1487 1332 veroTheodoricus:
1517 1295 1773 1339 Trochaicum,
1802 1299 1933 1345 inquit,
1955 1307 2123 1341 metrum,

1119 1349 1284 1394 quamvis
1303 1355 1337 1382 et
1353 1352 1576 1394 spondeum,
1605 1357 1640 1384 et
1661 1357 1917 1395 anapaestum,
1944 1359 1978 1386 et
2002 1354 2124 1399 dacty-

1118 1401 1193 1434 lum
1212 1401 1384 1446 recipiat,
1412 1409 1452 1436 ut
1471 1402 1685 1443 iambicum,
1715 1403 1747 1437 ei
1765 1409 1887 1437 tamen
1908 1411 1959 1438 est
1981 1412 2123 1439 contra-

1118 1453 1233 1493 rium,
1263 1454 1360 1499 quod
1386 1453 1422 1487 in
1451 1455 1606 1490 iambico
1630 1457 1759 1500 pedes,
1789 1456 1851 1501 qui
1868 1457 1956 1491 locis
1973 1457 2124 1502 impari-

1118 1505 1183 1538 bus
1206 1507 1343 1540 recensi
1370 1513 1472 1546 sunt,
1507 1506 1543 1540 in
1571 1506 1755 1542 trochaico
1781 1519 1857 1541 non
1881 1509 1949 1542 nisi
1976 1510 2123 1554 paribus

1118 1557 1199 1590 licet
1222 1557 1402 1592 collocari.
1459 1557 1670 1594 Trochaeus
1695 1561 1734 1594 in
1758 1556 1827 1594 hoc
1851 1567 1987 1603 metro,
2026 1562 2123 1608 quod

1119 1620 1160 1641 ex
1179 1621 1220 1642 eo
1236 1622 1372 1643 nomen
1388 1610 1544 1654 accepit,
1575 1612 1660 1645 locis
1687 1612 1855 1646 omnibus
1880 1613 1968 1658 poni
1995 1620 2124 1658 potest,

1723 1669 1868 1710 praeter
1917 1666 2122 1710 septimum.

1120 1712 1310 1747 Caeterum
1327 1714 1371 1747 ab
1390 1711 1458 1747 hoc
1476 1722 1591 1749 metro
1604 1743 1612 1756 ,
1641 1722 1675 1749 et
1693 1714 1916 1758 tribrachus,
1945 1724 1979 1750 et
2002 1719 2124 1762 dacty-

1119 1766 1192 1805 lus,
1236 1771 1269 1798 et
1295 1773 1530 1811 anapaestus,
1572 1780 1647 1800 non
1672 1768 1741 1802 nisi
1766 1781 1874 1813 quam
1902 1769 2123 1814 parcissime,

1121 1823 1155 1849 et
1173 1817 1344 1851 consultis
1361 1818 1461 1862 prius
1479 1818 1626 1853 auribus
1644 1826 1727 1853 sunt
1753 1820 1988 1860 admittendi,
2026 1822 2122 1867 quod

1121 1869 1229 1902 etiam
1249 1869 1285 1901 in
1305 1869 1459 1903 iambico
1479 1869 1641 1905 videmus
1661 1871 1858 1905 observari.
1921 1872 2014 1907 Nam
2034 1880 2123 1905 tam-

211 1945 337 1979 Cicero
372 1958 517 1992 quoque
545 1947 582 1978 in
612 1953 742 1992 quarto
776 1947 1066 1983 Tuscuhuqrum
1093 1930 1094 1944 ³
1122 1922 1186 1955 etsi
1212 1921 1378 1955 omnibus
1404 1922 1602 1966 imparibus
1629 1923 1703 1957 eius
1734 1924 1840 1958 metri
1874 1923 1961 1958 locis
1994 1925 2124 1958 tribra-

664 1968 672 1979 (
915 1971 922 1981 1
964 1971 971 1981 ί
1093 1970 1094 1974 ,

65 1996 250 2042 Euripidis
264 1998 404 2032 iambos
429 1999 700 2039 transferendo,
735 1998 772 2031 in
798 2000 884 2034 locis
908 2001 1068 2045 paribus,
1094 2007 1095 2011 ’

1122 1970 1249 2013 chum,
1285 1980 1585 2018 anapaestumve‚
1630 1982 1692 2008 aut
1716 1975 1897 2020 dactylum
1923 1976 2123 2010 collocandi

1122 2025 1271 2058 facultas
1289 2032 1360 2070 est,
1388 2038 1469 2059 rara
1488 2031 1610 2060 tamen
1628 2038 1754 2061 eorum
1773 2030 1811 2062 fit
1833 2028 2008 2062 admixtio
2021 2057 2029 2069 ,
2065 2042 2125 2063 ne-

1124 2089 1192 2123 que
1211 2077 1282 2111 ulla
1302 2078 1356 2110 vel
1374 2078 1409 2110 in
1438 2078 1612 2119 iambico,
1644 2079 1699 2113 vel
1723 2080 1761 2113 in
1785 2078 1969 2114 trochaico
1997 2088 2125 2120 metro,

1124 2136 1186 2163 aut
1202 2126 1372 2162 trochaeo
1391 2142 1499 2176 quam
1520 2143 1600 2164 cum
1620 2132 1794 2176 spondeo,
1824 2138 1887 2165 aut
1903 2133 2035 2176 aptior,
2065 2140 2124 2166 aut

1123 2181 1348 2227 frequentior
1365 2188 1483 2226 potest
1501 2195 1572 2216 esse
1593 2183 1812 2218 coniunctio.
1855 2183 2047 2218 Terentius
2066 2198 2126 2219 au-

1124 2240 1195 2266 tem
1223 2232 1406 2267 trochaico
1434 2234 1568 2275 mixto,
1607 2235 1663 2268 vel
1687 2237 1835 2271 confuso
1863 2249 1942 2269 cum
1973 2237 2125 2270 iambico

1098 2301 1099 2305 ¹
1125 2285 1237 2318 utitur
1261 2286 1299 2318 in
1324 2298 1490 2320 sermone
1517 2299 1767 2331 personarum.
1841 2287 2030 2322 Caeterum
2062 2301 2126 2322 nos

1126 2337 1319 2382 praecipuo
1340 2351 1379 2371 ac
1396 2338 1568 2383 singulari
1586 2351 1709 2373 amore
1728 2352 1809 2385 erga
1834 2340 2013 2374 studiosos
2041 2342 2126 2373 adu-

1126 2390 1338 2424 lescentulos
1363 2391 1570 2435 provocati,
1599 2393 1725 2435 pedes,
1755 2391 1883 2438 quibus
1909 2405 2030 2426 versus
2055 2393 2126 2425 sere

1128 2454 1252 2476 omnes
1280 2442 1519 2476 conficiuntur
1547 2442 1701 2477 iambico
1733 2450 1766 2477 et
1792 2441 1974 2476 trochaico
2000 2451 2126 2484 metro,

1099 2527 1101 2531 ,
1127 2494 1237 2528 veluti
1256 2494 1486 2528 corollarium
1506 2495 1730 2535 addidimus,
1759 2508 1803 2528 ne
1823 2496 2126 2539 praetermittere-

1129 2554 1186 2581 tur
1200 2573 1207 2586 ,
1236 2547 1331 2592 quod
1353 2546 1422 2580 illis
1438 2547 1599 2580 futurum
1617 2548 1704 2581 utile
1721 2546 1919 2581 videbatur.

1481 2615 1542 2648 De
1572 2616 1779 2660 pedibus.

1100 2714 1103 2719 ι
1232 2676 1300 2710 Pes
1321 2682 1371 2709 est
1389 2675 1602 2720 compositio
1622 2676 1774 2709 duarum
1798 2675 2002 2720 pluriumve
2025 2675 2129 2721 sylla—

1100 2729 1103 2771 ἱ
1128 2728 1276 2765 barum,
1315 2728 1380 2762 sub
1404 2734 1498 2762 certa
1524 2726 1746 2772 syllabarum
1770 2740 1810 2761 ac
1836 2734 2039 2772 temporum
2068 2727 2130 2759 ob-

1559 2778 1606 2812 44
