2341 2973
196 92 271 128 547

201 190 257 216 tus
276 188 327 216 est
347 182 612 222 celebritatem,
636 188 676 216 ut
692 194 710 215 a
739 183 854 227 poetis
883 188 916 214 et
943 178 1206 213 mathematicis
1233 190 1236 213 ι

202 246 315 279 usque
334 233 371 266 in
388 234 527 267 coelum
549 239 691 268 evectus
706 260 715 274 ,
744 240 778 267 et
795 234 888 266 inter
912 232 1029 265 sidera
1054 231 1207 264 colloca-

203 292 259 318 tus
276 285 332 318 sit.
389 285 526 318 Tantas
546 292 666 318 autem
687 296 743 318 res
765 284 917 318 confecit
936 282 1139 316 incredibili
1155 294 1209 315 ce-

207 335 367 375 leritate,
411 342 446 369 et
478 336 635 371 versutia
668 336 815 380 ingenii.
884 334 1040 380 Ideoque
1064 334 1211 378 fingitur

206 387 383 421 talaribus
400 394 435 421 et
457 388 576 432 gladio
593 387 786 426 Mercurii,
817 386 916 430 galea
935 386 1043 425 Orci,
1079 392 1113 418 et
1140 385 1211 430 cly-
1237 393 1240 427 1

207 450 277 483 peo
293 438 453 473 Palladis
469 440 576 474 fuisse
593 439 798 472 instructus.
851 437 945 471 Nam
972 437 1099 470 talaria
1124 437 1211 470 cele·
1238 431 1241 467 l

208 487 377 529 ritatem,
430 491 568 533 gladius
602 489 775 523 Mercurii
811 489 1063 528 calliditatem,
1113 488 1241 532 galea}

211 540 299 574 Orci
316 541 504 576 consilium
525 548 656 575 tectum
669 567 678 581 ,
705 547 740 573 et
757 540 902 585 clypeus
918 540 1076 573 Palladis
1091 552 1212 573 raram
1240 538 1241 543 ¹

211 592 417 626 felicitatem
443 593 629 637 significat.
691 592 761 625 Per
787 598 894 636 caput
917 604 1003 625 vero
1028 591 1214 630 Medusae,
1241 614 1243 631 ἢ

214 643 314 677 cuius
348 645 519 688 adspectu
557 655 681 677 omnes
717 644 1022 676 convertebantur
1052 643 1087 675 in
1116 654 1214 681 saxa,
1241 635 1244 657 l

214 694 460 738 significantur
486 695 682 728 immensae
706 694 920 738 Gorgonum
948 707 1053 739 opes,
1086 693 1215 739 quibus
1239 666 1243 728 i

213 746 364 780 Perseus
382 746 535 791 potitus,
564 759 707 787 omnes,
745 758 835 791 quos
859 745 953 778 bello
979 747 1127 778 adortus
1152 751 1216 784 est,
1240 731 1244 797 l

215 797 365 841 subegit.
418 797 510 832 Nam
528 799 564 831 in
582 798 707 831 insulis
724 797 1025 836 occidentalibus,
1052 795 1216 829 ubiGor-
1241 805 1245 850 ἰ

216 861 350 893 gonum
379 861 464 892 gens
490 847 695 888 habitabat,
738 849 821 881 olim
859 848 1003 881 fuerunt
1038 847 1216 880 maximae
1242 853 1245 895 ξ

219 912 304 944 opes
319 900 429 934 totius
446 901 543 935 orbis
564 907 764 938 terrarum,
793 905 880 933 teste
899 899 1064 933 Platone.
1118 898 1217 932 Non-
1242 899 1246 948 ξ

1243 949 1245 960 «

1243 988 1245 1002 l

1243 1009 1246 1081 l

220 951 310 985 nulli
326 952 485 985 referunt
500 953 658 985 fabulam
677 951 809 985 saxifici
828 951 954 994 capitis
972 952 1015 983 ad
1034 947 1218 983 a'dmiran—

221 1004 302 1036 dam
339 1003 508 1037 Medusae
545 1001 871 1048 pulchritudinem,
917 1002 1015 1036 cuius
1048 1003 1217 1046 adspectu

224 1066 347 1088 omnes
370 1055 406 1087 in
434 1061 618 1099 stuporem
647 1054 720 1087 sint
746 1054 849 1087 versi.
922 1054 1078 1097 Pegasus
1107 1065 1219 1098 equus

223 1106 336 1139 alatus
362 1118 403 1138 ex
427 1106 601 1150 sanguine
626 1105 795 1138 Medusae
825 1112 950 1143 natus,
991 1119 1008 1137 a
1040 1118 1110 1149 quo
1140 1106 1220 1138 sons
1244 1097 1247 1116 ¹

222 1157 406 1190 Musarum
434 1158 470 1190 in
492 1157 664 1191 Helicone
691 1157 837 1200 fingitur
864 1164 1028 1201 apertus,
1071 1156 1137 1189 suit
1168 1156 1220 1188 in-

219 1209 318 1253 signe
338 1209 448 1253 ipsius
465 1209 608 1249 Persei,
638 1221 709 1254 quo
729 1208 877 1242 illustris
895 1215 929 1241 et
947 1214 1141 1253 pervagata
1170 1209 1220 1240 fa—
1245 1175 1248 1232 l

219 1272 277 1293 ma
312 1260 553 1304 significatur,
598 1272 706 1306 quam
736 1267 947 1294 consecutus
980 1266 1029 1294 est
1061 1259 1174 1293 occisa
1187 1258 1219 1305 ⁹)

220 1311 432 1355 Gorgonum
457 1312 592 1356 regina.

495 1424 624 1458 Atlas
663 1425 705 1457 in
737 1430 946 1457 montem.
1246 1335 1250 1478 i

1246 1484 1249 1499 5

272 1491 348 1525 Vss.
368 1490 443 1525 645
463 1505 515 1537 sq.
551 1494 590 1525 ld
610 1498 775 1533 metuens,
804 1493 923 1526 solidis
945 1494 1102 1534 pomaria
1128 1492 1222 1524 ‹rlau-
1246 1514 1249 1548 ἱ

636 1550 729 1577 sera?
756 1544 856 1577 Atlas
1246 1550 1249 1588 J

275 1595 452 1627 Montibus
464 1594 519 1641 ¹⁰).
1247 1594 1250 1635 ξ

324 1652 480 1687 Atlantis
497 1654 725 1698 pomarium,
757 1654 794 1686 in
822 1666 893 1699 quo
922 1653 1095 1686 arboreae
1120 1653 1220 1685 fron-

221 1705 281 1737 des
316 1716 406 1738 auro
447 1705 611 1738 radiante
646 1705 819 1745 nitentes,
869 1704 1044 1748 significat
1078 1704 1218 1748 copiam

221 1754 319 1796 auri,
363 1768 435 1801 quo
461 1756 680 1790 Mauritania
716 1757 877 1791 abundat
913 1756 1003 1789 circa
1038 1755 1219 1788 Atlantem

222 1813 401 1847 montem,
445 1809 540 1841 unde
565 1808 747 1842 effoditur.
814 1809 868 1841 Ad
894 1808 1122 1852 spoliandum
1153 1804 1222 1839 hoc

220 1859 448 1902 pomarium,
493 1857 560 1893 boc
594 1866 662 1899 est,
705 1860 917 1903 rapiendum
949 1872 1096 1895 aui-uin,
1135 1858 1249 1901 Per-¹⁴

223 1921 301 1943 seus
319 1910 401 1944 illuc
417 1911 618 1955 navigavit:
657 1911 746 1945 sicut
763 1911 913 1945 Carolus
939 1910 1137 1955 {inperator
1154 1908 1221 1942 lior.
1246 1906 1249 1935 l

222 1967 385 2005 tempore
412 1961 550 1996 Indiam
578 1963 743 2007 spoliavit
773 1976 836 2007 per
857 1963 1053 2007 Hispanos,
1090 1973 1220 2006 magna

223 2013 325 2056 copia
353 2014 430 2046 auri
459 2027 500 2047 ex
517 2012 683 2059 Cluyseis
709 2014 833 2048 insulis
850 2015 979 2048 ablata.
1033 2014 1218 2048 Atlantem

223 2075 329 2103 vero,
374 2065 615 2099 Mauritaniae
653 2078 792 2110 regern,
842 2068 989 2099 tradunt
1020 2072 1147 2110 poetae
1186 2066 1249 2103 in}

222 2122 384 2148 montem
413 2116 513 2150 illum
538 2118 747 2152 altissimum
769 2130 843 2151 esse
869 2130 1103 2156 couxersum,
1141 2129 1221 2160 pro-
1246 2107 1249 2182 i

224 2173 343 2211 pterea
361 2170 456 2213 quod
478 2169 540 2201 fuit
559 2182 577 2202 a
598 2170 729 2202 Perseo
745 2170 835 2203 istuc
853 2170 1031 2214 depulsus.
1086 2168 1221 2201 Ferunt
1246 2188 1249 2202 ι

224 2220 377 2251 eundem
403 2219 508 2252 fuisse
540 2219 799 2253 inatlieutatuin
831 2221 1084 2264 peritissimum
1111 2227 1143 2251 et
1171 2220 1220 2251 iu-
1246 2206 1250 2283 i

1247 2289 1250 2316 ἶ

1246 2373 1250 2391 i

1247 2400 1249 2410 .

262 2416 489 2491 ¹⁰)nh0'ffj0ffl]
516 2432 556 2456 sic
581 2431 667 2456 ndat,
691 2433 782 2464 ¹555„
816 2434 906 2462 15525.
943 2433 1021 2458 ovid.
1044 2434 1090 2456 κα.
1112 2433 1220 2456 musea.
1247 2423 1249 2431 '

330 2474 391 2491 Uen!
415 2475 455 2491 “6-

259 2372 289 2402 9)
311 2371 418 2399 occisa]
438 2371 477 2395 nic
497 2371 580 2397 adiu.
596 2372 687 2399 15:154
714 2373 763 2399 Ed.
780 2373 855 2397 1559.
875 2373 975 2397 ociosa.

785 92 911 130 PHIL.
947 92 1061 127 MEL.
1096 91 1298 127 SCRIPTA
1333 89 1682 128 PHILOLOGICM.

2191 93 2268 131 548

1263 186 1446 213 ventorem
1473 177 1665 223 sphaerae.
1733 180 1855 225 Quare
1884 180 1990 213 etiam
2017 182 2164 226 fingitur
2190 193 2269 215 coe-

1262 232 1335 265 lum
1354 229 1515 264 humeris
1534 231 1725 272 sustinere,
1755 244 1833 264 cum
1853 237 2002 276 propter
2020 233 2267 267 inventionem

1263 281 1452 328 sphaerae,
1477 288 1556 316 tum
1574 289 1725 328 propter
1743 283 1970 317 altitudinem
1986 285 2132 326 montis,
2160 296 2267 330 quem

1265 335 1404 368 incolae
1432 340 1567 366 vocant
1596 335 1801 368 columnam
1825 334 1926 369 coeli.

1424 445 1717 479 Andromede
1752 454 1853 480 ceto
1890 446 2113 492 exposita.

1374 513 1554 547 Credibile
1571 520 1623 547 est
1638 514 1896 548 Andromeden
1922 527 1963 548 ex
1988 515 2124 559 ingenti
2146 515 2267 562 aliqua

1240 600 1242 603 ,
1269 565 1472 598 calamitate
1492 571 1652 610 ereptam
1675 572 1708 598 et
1726 565 1904 599 marinam
1920 567 2076 600 belluam
2097 579 2114 600 a
2135 567 2268 601 Perseo

1270 617 1494 650 interfectam
1520 629 1612 655 esse;
1647 629 1730 650 nam
1756 624 1790 650 et
1812 617 2036 662 Pomponius
2052 618 2202 663 Mela¹¹)
2230 618 2268 651 in

1270 669 1509 713 descriptione
1528 669 1652 714 Syriae
1670 669 1836 702 meminit
1852 667 1958 704 huius
1975 670 2125 704 belluae.

1620 778 1680 812 De
1711 780 1920 814 Coralio.

1323 847 1380 881 Vs.
1401 848 1485 882 749.
1512 851 1613 882 Nunc
1629 861 1754 894 quoque
1771 850 1901 884 Coralii
1913 848 1982 896 11Β)
2005 851 2118 883 eadem
2143 855 2268 883 παίω-ιι

1686 902 1863 934 remansit.

1378 958 1560 992 Coralium
1574 986 1583 999 ,
1613 965 1698 992 teste
1717 959 1857 998 Plinio,
1886 960 2045 994 nascitur
2064 972 2193 1005 magna
2213 973 2269 994 co-

1272 1009 1330 1053 pia
1347 1009 1384 1042 in
1401 1009 1603 1043 Orcadibus
1624 1010 1760 1045 insulis.
1815 1010 1891 1043 Hae
1912 1018 2031 1045 autem
2058 1012 2144 1044 olim
2167 1010 2269 1045 inba-

1272 1061 1481 1094 bitabantur
1508 1074 1526 1093 a
1552 1061 1765 1105 Gorgonum
1793 1068 1913 1105 gente:
1949 1062 2103 1108 ideoque
2130 1075 2170 1096 ex
2199 1063 2270 1095 vir-

1274 1112 1379 1157 gultis
1394 1113 1566 1146 Medusae
1587 1112 1693 1157 capiti
1714 1113 1907 1158 suppositis
1924 1114 2098 1147 coralium
2116 1126 2189 1149 esse
2208 1126 2270 1147 na-

1275 1171 1349 1197 tum
1378 1171 1504 1209 poetae
1530 1164 1748 1198 fabulantur.
1821 1164 1867 1197 lit
1892 1164 2024 1198 dicitur
2049 1165 2221 1199 coralium
2251 1178 2270 1197 a

1273 1213 1365 1262 κόρη
1382 1213 1489 1260 ἁλὸς,
1519 1216 1551 1248 id
1573 1223 1624 1250 est
1638 1243 1645 1255 ‚
1674 1216 1809 1261 pupilla
1830 1216 1950 1250 maris.

1625 1329 1922 1371 Gorgones.

1328 1405 1385 1437 Vs.
1418 1404 1499 1438 778.
1540 1408 1735 1448 Geryoneae
1766 1406 1912 1447 teeiyisse
1941 1406 2054 1437 domos
2080 1406 2272 1451 passimque

1688 1468 1748 1498 per
1773 1467 1883 1498 (tyros.

1379 1517 1434 1548 Aa
1458 1527 1576 1549 mores
1602 1517 1649 1548 ita
1674 1514 1939 1547 accommodari
1957 1521 2075 1559 potest
2090 1515 2274 1560 allegoria,

1276 1567 1303 1601 si
1334 1579 1395 1611 per
1419 1567 1610 1611 Gorgonas
1638 1567 1886 1610 intelligantur
1914 1567 2116 1610 voluptates
2139 1573 2172 1599 et
2199 1567 2273 1599 ille—

1277 1619 1420 1659 cebrae,
1450 1618 1578 1665 quibus
1595 1617 1692 1651 stulti
1710 1618 1810 1663 quasi
1830 1617 1867 1650 in
1891 1629 1973 1651 saxa
2002 1624 2273 1651 convertuntur.

1247 1683 1249 1695 1
1277 1669 1357 1703 [llos
1385 1683 1470 1704 vero
1492 1670 1595 1702 facile
1620 1669 1852 1708 interimunt,
1889 1669 1949 1714 qui
1975 1669 2100 1713 aegide
2117 1669 2273 1703 Palladis

1276 1729 1308 1755 et
1334 1722 1452 1765 gladio
1476 1721 1646 1755 Mercurii
1670 1727 1753 1755 sunt
1777 1720 1959 1761 instructi,
1995 1719 2063 1754 boc
2082 1727 2154 1761 est,
2188 1733 2271 1766 pru—

1276 1775 1409 1807 dentes.
1478 1773 1534 1807 Sic
1560 1772 1731 1806 Erasmus
1757 1772 2042 1813 Roterodaiuus,
2086 1773 2123 1806 ni
2152 1773 2272 1813 fallor,

1277 1824 1484 1869 allegoriam
1504 1822 1596 1857 lianc
1616 1825 1744 1858 alicubi
1767 1825 2028 1868 accommodat.

1390 1934 1608 1968 Medusae,
1639 1933 1801 1977 capilli
1834 1933 1875 1965 in
1904 1939 2160 1976 serpentes.

1330 2013 1345 2040 N
1361 2026 1384 2044 s.
1407 2012 1490 2045 797.
1528 2015 1625 2045 Hune
1639 2013 1752 2055 peluyl
1777 2016 1885 2044 rec—tor
1906 2013 2023 2053 templo
2043 2011 2178 2044 vitiasse
2196 2011 2271 2043 Ma·-

1695 2075 1825 2096 nervae.

1381 2123 1506 2157 Crines
1523 2123 1650 2155 mutati
1677 2123 1714 2156 in
1740 2127 1940 2166 serpentes,
1966 2120 2166 2166 significant
2181 2119 2270 2152 infa-

1278 2174 1406 2215 miam,
1434 2187 1502 2220 qua
1525 2174 1677 2208 illustres
1698 2174 1852 2207 feminae
1873 2174 2124 2206 deformantur
2141 2171 2270 2206 amissa

1278 2225 1459 2270 pudicitia.

1312 2369 1357 2399 11)
1378 2369 1507 2399 Pompon.
1532 2371 1622 2394 Melae
1641 2369 1775 2400 descript.
1796 2371 1854 2394 orb.
1883 2369 1902 2398 Ι,
1924 2369 1964 2395 11,
1984 2367 2010 2391 3.

1313 2430 1380 2461 112)
1401 2430 1528 2461 coram]
1557 2431 1595 2454 sie
1624 2431 1705 2454 Editt.
1730 2431 1821 2454 1555..
1861 2429 1953 2454 ¹⁶59.:
1991 2428 2070 2453 Ovid.
2089 2426 2137 2451 Ed.
2160 2425 2267 2450 nitscb.

1345 2466 1479 2490 curaliis.
