2341 2973
167 640 417 685 Lxxxtn.
457 637 629 679 I'th.
654 634 815 676 MEL.
848 631 1439 675 [NTERPRETATIO
1468 630 1871 672 NEMEORUM
1900 631 2011 672 1¹1&
2032 631 2210 672 DARI.

162 765 278 822 Haec
299 789 500 821 Melanthonis
532 787 735 827 interpretatio
767 787 856 814 latina
880 787 908 813 in
933 784 1044 812 duabus
1068 782 1160 810 Editt.
1189 780 1301 818 1558„
1326 781 1441 819 1563.‚
1465 792 1535 820 quas
1559 793 1646 820 supta
1672 793 1698 819 p.
1720 781 1782 812 187
1796 793 1839 820 sq.
1863 781 2024 820 descripsi,
2049 784 2210 820 reperitur,

171 836 382 874 Strophai-um,
414 831 669 869 Antistropharum
699 836 729 857 et
750 828 874 866 Epodon
905 835 1060 861 numeros,
1097 825 1200 861 quibus
1230 824 1285 852 hae
1317 825 1408 854 Editt.
1433 831 1550 862 carent,
1582 834 1618 853 ex
1651 825 1898 862 interpretatione
1930 825 2071 853 Boeckhii
2100 825 2209 855 addidi.

168 881 293 908 Praeter
322 878 398 905 hane
427 874 569 904 Boeckliii
599 874 685 901 etiam
717 873 753 900 H.
776 871 919 908 Stephani
951 875 1040 906 atque
1064 867 1172 903 Heynii
1202 868 1480 904 interpretationes,
1515 875 1543 896 et
1574 873 1687 896 textum
1718 876 1855 905 graecum
1887 868 2016 905 quinque
2040 868 2211 896 Editionum

168 931 256 959 supra
281 932 309 958 p.
326 919 397 949 198.
423 920 449 947 in
476 923 542 946 nota
556 915 586 944 5.
610 920 846 944 enumerarat-um
871 912 1042 949 quibusdam
1067 911 1095 938 in
1120 910 1188 937 locis
1212 910 1333 938 contuli.

908 1122 1172 1158 PINDARI

1216 1122 1430 1158 ΝΕΜΕΑ

715 1189 942 1220 PHILIPPO
973 1189 1300 1219 MELANTHONE
1331 1188 1654 1217 INTERPRETE.

584 1288 674 1328 Ode
708 1290 738 1328 1.

447 1368 498 1401 δὴ
511 1378 528 1398 r
539 1366 644 1398 omio
672 1365 821 1396 Aetnaeo
841 1360 879 1405 ¹).

269 1443 363 1490 (Str.
385 1443 434 1488 1.)
474 1440 646 1486 Ortygia,
684 1439 720 1470 in
747 1448 854 1483 quam
881 1433 1078 1468 effunditur
1102 1431 1164 1465 Al-

168 1495 298 1541 pheus,
344 1494 602 1539 Syracusarum
634 1491 760 1529 decus,
805 1494 839 1521 et
866 1486 979 1520 cubile
1010 1484 1163 1523 Dianae,

165 1547 246 1581 Deli
272 1558 394 1586 soror,
432 1557 449 1577 a
479 1551 512 1577 te
543 1542 699 1589 hymnus
724 1539 852 1583 incipit
877 1538 993 1571 dicere
1019 1536 1162 1569 laudem

165 1598 342 1632 velocium
363 1608 539 1642 equorum
559 1595 596 1627 in
621 1592 773 1638 gratiam
790 1590 885 1623 lovis
904 1587 1073 1626 Aetnaei,
1102 1586 1163 1632 qui

166 1662 310 1684 currum
340 1648 450 1692 agitat
475 1644 659 1684 Chromii,
691 1649 725 1675 et
748 1641 865 1685 iungit
889 1639 1092 1673 encomium
1111 1637 1163 1669 vi-

168 1702 301 1735 ctoriae
326 1700 362 1732 in
387 1698 543 1733 Nemeis.
613 1696 714 1742 (Ant.
736 1694 787 1740 1.)
823 1691 926 1725 Initia
956 1690 1161 1723 divinarum

166 1754 338 1786 virtutum
370 1750 464 1783 illius
495 1748 563 1781 siri
588 1747 703 1792 posita
728 1750 811 1779 sunt
839 1756 857 1776 a
884 1742 973 1776 Deo.
1036 1740 1161 1774 Gloria

167 1811 217 1838 est
242 1814 372 1845 magna
397 1800 558 1834 felicitas.
620 1798 838 1841 Magnorum
873 1794 967 1827 euim
986 1792 1162 1826 ›certami-

169 1868 254 1889 num
272 1854 372 1887 Musa
390 1851 595 1886 meminisse
611 1850 711 1883 solet.
766 1848 870 1882 Nunc
887 1845 998 1879 excita
1017 1855 1161 1877 carmen

167 1906 326 1945 Siciliae,
361 1917 468 1950 quam
494 1902 628 1947 Iupiter
658 1899 808 1933 donavit
834 1896 1093 1941 Proserpinae,
1129 1900 1163 1927 et

168 1957 307 1995 annuit,
335 1962 373 1989 ut
392 1956 465 2000 ipsa
485 1954 631 1987 domina
653 1951 780 1985 fertilis
803 1950 868 1984 soli
905 1949 984 1993 (Ep.
999 1950 1046 1990 1.)
1063 1952 1163 1990 regat

173 2009 338 2053 pinguem
364 2007 519 2039 Siciliam
546 2018 624 2038 cum
652 2003 821 2037 divitibus
840 2001 999 2034 urbibus.
1053 1999 1163 2032 Prae-

168 2061 244 2094 buit
260 2065 377 2092 autem
399 2058 430 2090 ei
452 2057 586 2101 Iupiter
604 2055 810 2089 bellicosum
830 2053 1025 2098 populum,
1057 2061 1162 2094 saepe

170 2112 276 2145 etiam
303 2116 470 2142 ornatum
488 2108 759 2153 Olympicarum
785 2106 946 2138 olearum
975 2102 1093 2136 aureis
1110 2102 1162 2133 fo-

169 2164 236 2197 liis.
303 2160 416 2194 Multa
441 2160 539 2204 attigi
564 2161 638 2192 ndu
663 2159 751 2192 salso
788 2156 930 2190 iaciens.
999 2152 1091 2199 (Str.
1108 2154 1161 2199 2.)

172 2213 261 2248 Steti
278 2213 314 2245 in
333 2211 503 2246 vestibulo
521 2211 586 2243 viri
605 2209 811 2254 hospitalis,
839 2206 980 2252 egregia
995 2206 1087 2238 facta
1107 2215 1162 2237 ca-

171 2278 273 2300 nens:
318 2263 364 2296 ibi
397 2260 487 2295 mihi
517 2274 626 2294 coena
652 2260 868 2294 conveniens
900 2262 1072 2302 apparata
1100 2261 1163 2295 est,

170 2330 233 2350 nec
252 2316 326 2349 eius
342 2316 470 2348 domus
487 2319 538 2347 est
557 2324 714 2358 unquam
733 2312 808 2347 sine
829 2309 1042 2355 hospitibus.
1096 2306 1162 2340 Ac-

170 2369 255 2402 cidit
282 2367 407 2407 bonis‚
435 2365 483 2399 sic
508 2363 728 2408 restinguere
756 2364 1033 2401 obtrectatores,
1070 2365 1110 2392 ut
1134 2358 1163 2392 si

168 2420 250 2465 quis
272 2430 404 2464 aquam
432 2417 470 2450 in
492 2416 608 2460 ignem
641 2421 796 2459 spargat.
858 2413 959 2446 Aliae
977 2417 1060 2446 sunt
1075 2410 1162 2444 alio-

170 2484 249 2504 rum
274 2476 386 2505 artes;
415 2474 557 2513 oportet
583 2473 700 2500 autem
727 2472 820 2498 recta
845 2465 1067 2498 incedentem
1091 2462 1181 2502 via,⁴

204 2604 231 2632 1)
251 2602 297 2626 Sic
321 2603 386 2625 haec
406 2602 464 2625 Ode
483 2600 613 2630 inscripta
629 2601 671 2623 est
687 2599 712 2622 in
727 2599 808 2622 leuitt.
827 2599 898 2621 155⁸.
911 2615 917 2623 .
938 2598 1012 2621 1563.
1032 2605 1066 2618 =
1084 2596 1161 2620 Piud.

239 2638 321 2660 Editt.
343 2636 473 2659 Francof.
490 2635 581 2663 1542,
601 2634 684 2659 Basil.
704 2634 779 2658 1556.
792 2650 799 2664 .-
824 2634 855 2656 ΙΙ.
877 2633 968 2663 steph.
987 2632 1062 2656 1566.
1083 2633 1161 2662 Χρο-

236 2672 292 2704 μίῳ
318 2670 458 2702 Αἰτναίῳς
486 2671 514 2693 in
539 2670 624 2695 Editt.
651 2669 784 2699 noemin,
813 2668 912 2697 Bergk.
940 2668 966 2690 et
990 2667 1018 2689 in
1044 2667 1160 2695 interpr.

238 2705 337 2736 neynii
349 2722 355 2733 ,
376 2705 556 2735 Boeckhiique
569 2704 612 2728 liis
627 2703 780 2729 nominibus
797 2702 891 2726 addita
905 2703 948 2725 est
962 2707 1030 2725 vox:
1057 2699 1160 2728 ἵπποις,

234 2746 325 2765 Curru

1218 1284 1334 1316 anniti
1357 1295 1424 1328 pro
1449 1289 1590 1317 natura.
1646 1282 1747 1328 (Ant.
1772 1284 1824 1329 2,)
1854 1283 1980 1318 Robur
1996 1284 2095 1317 iuvat
2112 1295 2214 1328 opus,

1216 1347 1317 1368 mens
1360 1334 1529 1374 consilia,
1571 1347 1651 1367 cum
1687 1335 1879 1379 prospicit,
1916 1335 2031 1381 qualis
2067 1341 2214 1369 eventus

1217 1398 1308 1432 quae
1324 1386 1473 1419 consilia
1494 1392 1677 1432 sequatur.

1321 1437 1354 1470 Ο
1379 1435 1541 1476 Chromi,
1574 1437 1627 1470 tui
1653 1449 1771 1470 mores
1797 1443 1880 1470 sunt
1906 1436 2029 1470 idonei
2056 1437 2102 1469 ad
2129 1434 2215 1470 haec

1217 1495 1251 1522 et
1275 1489 1319 1522 ad
1350 1489 1422 1523 illa.
1474 1488 1557 1523 Non
1585 1495 1710 1533 expeto
1737 1501 1886 1532 magnas
1912 1488 2055 1522 divitias
2081 1486 2214 1521 hahere

1217 1541 1460 1578 absconditas;
1488 1540 1549 1573 sed
1565 1540 1635 1573 frui
1654 1540 1919 1584 praesentibus,
1948 1546 1983 1573 et
1998 1540 2089 1573 bene
2113 1539 2214 1572 audi-

1216 1604 1274 1632 re,
1302 1599 1337 1625 et
1363 1591 1486 1625 amicis
1511 1591 1743 1636 suppeditans
1768 1592 1987 1625 benefacere.
2043 1590 2214 1624 Commu-

1216 1643 1276 1676 nia
1305 1644 1400 1676 enim
1430 1644 1549 1676 sutura
1577 1642 1747 1676 eveniunt
1777 1640 1996 1676 hominihus.
2064 1640 2144 1687 (Ep.
2162 1642 2215 1687 2.)

1216 1694 1294 1739 Ego
1322 1701 1440 1728 autem
1467 1695 1619 1727 libenter
1639 1693 1829 1727 Herculem
1862 1694 2080 1738 amplector,
2117 1699 2216 1726 vete-

1216 1758 1291 1779 rem
1336 1758 1539 1780 sermonem
1570 1757 1718 1779 movens
1756 1746 1799 1778 de
1833 1745 1972 1789 magnis
2001 1744 2213 1778 virtutibus:

1217 1799 1401 1843 quomodo
1426 1810 1506 1831 cum
1530 1795 1666 1841 Iphiclo
1690 1798 1800 1830 fratre
1829 1809 1870 1830 ex
1892 1803 2007 1829 matre
2035 1796 2073 1828 in
2097 1796 2211 1828 lucem

1216 1849 1330 1883 editus
1348 1849 1411 1889 sit,
1439 1848 1530 1895 (Str.
1548 1848 1602 1894 3.)
1625 1855 1660 1881 et
1685 1860 1759 1881 non
1783 1848 1972 1892 ignorante
1998 1846 2134 1880 Iunone.
2159 1847 2213 1879 in—

1216 1901 1480 1935 volutustextis
1498 1900 1625 1935 fasciis.
1666 1899 1735 1932 Sed
1754 1898 1842 1932 Iuno
1861 1899 1985 1932 dolens
1998 1924 2007 1938 ‚
2030 1911 2114 1932 mox
2132 1898 2214 1931 dra-

1216 1964 1322 1986 cones
1338 1952 1454 1992 misit,
1483 1952 1544 1998 qui
1562 1951 1694 1996 apertis
1717 1950 1833 1984 ianuis
1859 1951 1901 1983 ad
1928 1947 2079 1983 thalami
2103 1961 2213 1994 angu-

1216 2005 1289 2037 lum
1307 2009 1569 2049 pervenerunt,
1598 2008 1767 2035 conantes
1782 2001 1968 2046 implicare
1992 2013 2100 2046 genas
2126 2013 2213 2045 pue-

1216 2055 1277 2090 ris.
1339 2056 1407 2089 Sed
1432 2054 1601 2088 Hercules
1625 2053 1763 2097 erigens
1794 2059 1919 2097 caput,
1963 2052 2212 2098 experiebatur

1215 2107 1371 2151 primam
1395 2118 1575 2151 pugnam,
1616 2105 1717 2149 (Ant.
1736 2104 1789 2151 3.)
1814 2111 1848 2138 et
1881 2105 2020 2139 duabus
2046 2104 2212 2138 manibus

1216 2158 1358 2192 invictis
1381 2160 1471 2192 duos
1492 2162 1672 2201 serpentes
1696 2155 2023 2201 comprehendens,
2050 2162 2212 2201 strangu-

1216 2210 1304 2243 lavit
1327 2222 1407 2250 eos,
1444 2216 1477 2242 et
1509 2220 1637 2253 corpus
1662 2206 1842 2242 exhalavit
1868 2208 2007 2243 animas
2035 2220 2076 2242 ex
2099 2220 2211 2242 mem-

1217 2261 1302 2296 bris.
1368 2260 1453 2294 lnde
1489 2272 1640 2304 magnus
1675 2267 1791 2295 metus
1820 2260 1998 2295 concussit
2031 2260 2212 2299 mulieres,

1217 2325 1309 2360 quae
1333 2312 1588 2346 ministrabant
1611 2312 1702 2346 lecto
1724 2312 1931 2346 Alcmenes:
1973 2318 2007 2345 et
2032 2311 2107 2356 ipsa
2134 2323 2212 2345 sur-

1217 2377 1301 2409 gens
1328 2377 1369 2398 ex
1394 2365 1484 2397 lecto
1510 2365 1628 2404 nuda,
1655 2364 1793 2409 depulit
1807 2363 1839 2411 ²)
1867 2363 2052 2398 saevitiam
2082 2363 2211 2396 bestia-

1217 2429 1296 2450 rum
1332 2416 1513 2456 celeriter,
1556 2414 1706 2461 (1423)
1734 2422 1768 2449 et
1799 2417 1905 2449 duces
1932 2413 2098 2448 Thebani
2129 2426 2209 2447 cum

1217 2468 1326 2502 armis
1350 2474 1592 2501 accurrerunt.
1657 2467 1765 2500 Venit
1789 2473 1823 2500 et
1849 2464 2086 2511 Amphitryo,
2129 2477 2208 2499 cum

1215 2519 1337 2554 stricto
1355 2520 1494 2564 gladio,
1522 2520 1640 2553 subito
1658 2519 1783 2552 dolore
1799 2518 1899 2552 ictus.
1946 2518 2039 2552 Nam
2058 2517 2206 2562 propria

1215 2572 1309 2604 mala
1320 2572 1431 2615 magis
1442 2578 1611 2616 premunt
1623 2569 1804 2607 homines;
1828 2571 1886 2603 sed
1905 2569 1943 2602 in
1954 2569 2072 2602 alieno
2083 2569 2208 2602 dolore

1248 2700 1275 2732 2)
1294 2699 1411 2729 depulit]
1433 2699 1474 2723 sic
1488 2698 1628 2728 (zeina.
1643 2696 1764 2727 ἄμυνεν)
1780 2697 1827 2721 Ed.
1847 2697 1939 2727 1563.;
1959 2696 2090 2721 3111558.
2109 2696 2206 2721 mendo

1286 2736 1413 2765 typogra:
1434 2734 1547 2764 depluit.
