2341 2973
194 99 270 137 567
778 97 900 132 PHIL.
936 97 1049 132 MEL.
1086 96 1288 131 SCRIPTA
1322 95 1661 132 PHILOLOGICA.
2156 98 2230 134 568

196 188 240 221 ad
257 186 394 221 Ilissum
422 195 563 217 amnem
585 190 691 216 vento
710 185 881 217 deiectam
899 190 1004 229 atque
1023 184 1071 216 ita
1091 196 1186 216 mor-
1241 183 1380 216 Horum
1415 183 1577 227 opinioni
1609 183 1799 217 subscribit
1823 183 1974 219 Ovidius
2010 186 2046 217 in
2082 185 2231 230 epistola

194 246 291 272 tuam
311 249 418 271 essse:
448 233 531 267 hinc
550 241 583 267 et
601 235 684 279 fingi
705 235 864 275 aBorea,
883 235 1084 280 Strymonis
1102 235 1187 275 filio,
1241 234 1383 268 Paridis
1403 236 1445 266 ad
1463 234 1634 267 Helenam
1655 234 1719 279 G⁸),
1750 248 1827 268 cum
1846 235 1980 281 inquit:

193 296 333 333 raptam
353 299 446 327 esse,
473 293 507 319 et
532 292 655 329 poetas
680 284 837 320 hominis
864 293 1005 330 raptum
1032 293 1187 320 transtu·
1292 288 1436 320 Nomine
1451 292 1607 329 ceperunt
1622 288 1800 332 Aquilonis
1818 288 2021 322 Erechthida
2041 290 2199 324 Thraces.

193 341 272 374 lisse
302 340 345 372 ad
371 344 515 372 ventum
541 344 689 382 propter
722 339 990 372 similitudinem
1018 338 1186 372 nominis.
1275 353 1322 383 fig)
1344 352 1623 384 0vi‹1.Epist.XV1‚
1640 353 1699 377 343.

776 472 822 506 In
862 474 1028 507 librum
1065 473 1139 508 VH.
1186 471 1644 518 Metamorphoseon.

1211 566 1217 620 ἰ
1294 559 1433 605 Βορέας
1455 560 1556 605 Θρᾷξ
1571 559 1607 598 ἐξ
1620 558 1799 602 'At‘JJyzchv
1817 558 2038 605 Ὠρείθυιαν
2057 558 2233 608 ἁρπάξας,

1291 608 1416 656 Ζήτην
1435 613 1550 656 γεννᾷ
1567 608 1629 644 καὶ
1644 606 1808 652 Κάλαϊν,
1837 609 1986 659 εἰςάγαν
2005 610 2233 658 ἁβροκόμας,

390 566 628 610 Allegoria
658 566 978 612 Harpyiarum.

295 644 441 688 Triplex
458 649 509 677 est
525 655 633 687 genus
645 640 846 684 hominum,
863 656 880 677 a
894 645 1022 690 quibus
1040 658 1137 690 reges
1147 658 1186 679 ac

192 696 369 740 principes
379 695 505 728 misere
516 701 700 728 vexantur.
728 695 841 728 Primi
853 697 991 739 generis
1001 704 1083 730 sunt
1099 699 1185 731 adu-

191 748 323 780 latores
349 746 395 793 69)
424 758 486 780 seu
510 752 770 786 assentatores,
812 747 874 792 qui
906 747 1124 781 blandiendo
1151 755 1185 781 et

190 797 398 831 mentiendo
417 797 560 830 illorum
580 797 720 831 animos
736 805 930 842 occupant,
955 805 989 832 et
1008 800 1109 844 quasi
1128 812 1184 833 ex-

191 855 349 883 caecant.
384 849 882 883 Secundisuntdelatoresseu
895 850 1183 890 calumniatores,

192 912 347 946 quorum
365 907 463 933 tanta
484 906 535 934 est
552 900 764 945 improbitas
777 927 785 941 ,
813 908 853 935 ut
870 901 1059 935 fidissimos
1078 914 1183 947 quos-

191 965 260 997 que
281 958 315 984 et
337 953 379 985 de
403 951 584 995 republica
611 952 746 995 optime
772 959 970 993 merentes,
999 953 1067 987 illis
1092 954 1183 985 invi-

191 1015 248 1037 sos
264 1004 428 1038 reddant.
483 1003 598 1036 Tertii
614 1015 699 1036 vero
720 1004 858 1047 generis
875 1010 957 1037 sunt
980 1005 1183 1038 foenerato-

190 1066 266 1094 res,
302 1055 363 1100 qui
383 1054 535 1098 oppida,
573 1054 759 1097 vectigalia
790 1061 824 1088 et
850 1056 1011 1099 portoria
1038 1056 1182 1089 illorum

193 1112 315 1139 tenent
341 1106 593 1149 oppignorata.
662 1105 740 1139 Hoc
766 1106 894 1150 triplex
920 1104 1109 1140 hominum
1127 1119 1183 1151 ge-

190 1169 257 1191 nus
275 1169 338 1201 per
356 1163 426 1190 tres
445 1157 522 1190 illas
537 1156 716 1202 Harpyias
734 1158 964 1201 intelligitur,
994 1171 1082 1204 quas
1100 1171 1183 1203 poe-

190 1215 246 1241 tae
269 1209 407 1252 fingunt
432 1208 586 1242 insidere
609 1221 752 1243 mensae
781 1207 909 1242 Phinei
937 1210 1048 1244 oculis
1077 1210 1184 1254 capti,

192 1266 226 1292 et
253 1259 443 1306 inquinare
470 1259 612 1300 omnia,
654 1260 820 1306 ipsasque
844 1262 952 1305 dapes
978 1261 1184 1306 praeripere

190 1311 321 1344 misero
343 1317 377 1344 et
399 1311 606 1345 calamitoso
630 1312 717 1356 regi.
770 1313 877 1346 Tales
897 1314 990 1346 enim
1017 1311 1181 1346 homines

190 1362 384 1407 inquinant
401 1375 500 1407 reges
522 1376 560 1396 ac
580 1363 760 1407 principes
778 1365 888 1398 oculis
914 1364 1025 1397 animi
1051 1371 1185 1409 captos,

191 1426 389 1459 eorumque
414 1415 598 1448 facultates
621 1421 655 1448 et
680 1415 850 1449 alimenta
881 1417 925 1449 ad
956 1428 992 1449 se
1025 1416 1185 1460 rapiunt.

189 1463 416 1509 Alphonsus,
441 1478 503 1499 rex
518 1466 798 1510 Neapolitanus,
824 1468 915 1500 facta
940 1467 1184 1513 Harpyiarum

189 1517 371 1550 mentione
397 1518 509 1551 fertur
531 1518 610 1551 ioco
638 1518 785 1559 dixisse,
827 1519 906 1552 illas
932 1531 1007 1552 non
1032 1520 1186 1564 amplius

189 1566 353 1601 habitare
364 1569 401 1601 in
413 1569 537 1603 insulis
547 1567 827 1614 StrophadIbus;
854 1571 914 1604 sed
930 1570 1025 1603 illinc
1036 1572 1186 1605 commi-

191 1630 309 1663 grasse
335 1619 372 1651 in
399 1620 533 1653 curiam
561 1621 788 1661 Romanam,
822 1621 943 1666 ibique
963 1622 1185 1656 domicilium

192 1671 263 1703 iam
301 1671 542 1704 constituisse:
588 1684 659 1716 quo
693 1672 772 1704 ioco
810 1672 1094 1716 sapientissimus
1125 1686 1186 1706 rex

192 1721 327 1754 taxavit
370 1722 620 1766 inexplebilem
656 1723 846 1756 avaritiam
883 1730 916 1756 et
952 1725 1184 1768 rapacitatem

195 1773 443 1806 l'iomanorum
465 1775 703 1808 sacerdotum.

1292 660 1363 696 Καὶ
1392 660 1460 696 τὸν
1493 658 1713 706 Ἀβεσαλώμ
1742 659 1858 696 αὐτὸν
1886 663 1934 701 εἷς
1969 663 2145 709 τρίχωσιν
2179 677 2235 700 νι-

1549 724 1713 752 κωντας,

1295 762 1436 809 Οἱῖςπερ
1465 761 1527 797 καὶ
1565 762 1741 797 πέτεσθαι
1778 762 1904 809 θριξὶν
1939 763 2086 811 ἔφασαν
2113 765 2236 810 μυθο-

1550 811 1705 862 γράφοι,

1285 863 1349 905 ‘529
1368 864 1597 911 ἓπῃρμένους
1612 866 1692 903 ταῖς
1706 864 1832 911 θριξὶν
1848 864 1975 902 αὐτῶν
1990 865 2053 901 καὶ
2071 879 2237 915 γαυρου-

1542 928 1688 959 μενους.

1448 1008 1700 1051 Expeditio
1737 1009 1782 1041 in
1818 1008 2027 1044 Colchos.

1299 1077 1359 1111 Vs.
1385 1077 1418 1111 6.
1473 1078 1691 1120 Contiyercmt
1739 1079 1878 1120 rapidas
1922 1079 2032 1112 limosi
2074 1079 2238 1113 Phasidis

1654 1129 1773 1161 mulas.

1342 1196 1636 1240 Argonautarum
1664 1196 1842 1240 expeditio
1873 1197 1911 1229 in
1934 1195 2086 1231 Colchos
2110 1197 2236 1230 admo-

1238 1254 1299 1281 net
1317 1259 1508 1292 generosos
1527 1246 1686 1287 animos,
1715 1254 1754 1280 ut
1779 1249 1822 1280 ad
1848 1249 1998 1292 gloriam
2025 1248 2239 1291 excitentur,

1239 1312 1391 1345 eamque
1408 1298 1546 1343 magnis
1564 1305 1596 1331 et
1612 1298 1808 1333 illustribus
1826 1300 1930 1334 rebus
1946 1301 2110 1344 gerendis
2128 1312 2236 1346 quae-

1239 1358 1332 1384 rant.
1396 1350 1488 1383 Hinc
1513 1349 1677 1383 Valerius
1704 1350 1851 1385 Flaccus
1884 1352 2064 1394 eleganter
2093 1352 2132 1384 in
2162 1351 2235 1385 suis

1238 1402 1493 1447 Argonauticis
1518 1400 1561 1444 (l,
1580 1400 1658 1447 78.)
1680 1401 1779 1445 fingit
1802 1402 1914 1446 ipsam
1933 1402 2103 1446 gloriam:

1308 1460 1436 1485 Phasidis
1456 1460 1483 1484 iu
1502 1460 1564 1490 ripa
1583 1461 1704 1484 stantem
1726 1459 1896 1491 iuvenesque
1915 1462 2067 1485 vocantem.

1238 1515 1376 1548 Ferunt
1403 1513 1594 1550 Cal-olum,
1636 1513 1761 1545 ducem
1790 1512 2041 1556 Burgundiae,
2084 1514 2234 1547 mirifice

1239 1566 1452 1599 delectatum
1473 1564 1578 1597 fuisse
1595 1562 1730 1597 iasonis
1749 1564 1880 1604 sabula,
1910 1565 2056 1609 eiusque
2070 1565 2233 1610 exemplo

1240 1618 1444 1655 incensum,
1483 1615 1649 1658 flagrasse
1682 1615 1875 1658 cupiditate
1907 1613 2147 1649 maximarum
2176 1628 2236 1650 re-

1239 1681 1318 1701 rum
1338 1667 1596 1711 gerendarum:
1627 1666 1779 1711 ideoque
1798 1666 1990 1701 instituisse
2014 1667 2237 1708 societatem,

1242 1720 1339 1752 cuius
1356 1718 1557 1763 symbolum
1578 1723 1666 1751 esset
1683 1729 1831 1751 aureum
1850 1719 1980 1759 vellus,
2010 1731 2101 1764 quae
2123 1718 2234 1753 socie-

1242 1778 1293 1805 tas
1320 1771 1412 1803 inter
1438 1769 1607 1802 Carolum
1625 1768 1668 1802 V.
1692 1767 1971 1813 Imperatorem,
1999 1777 2033 1802 et
2054 1770 2234 1815 principes

1240 1821 1382 1855 heroica
1404 1821 1536 1853 virtute
1556 1826 1775 1864 praestantes
1794 1819 1909 1855 adhuc
1926 1827 2100 1857 servatur.

369 1869 522 1903 Calais
559 1876 601 1902 et
636 1870 763 1902 Zetes
801 1871 1005 1913 pennati.

247 1936 304 1970 Vs.
326 1938 359 1971 3.
398 1939 594 1984 iuvenesque
610 1939 776 1984 Aquilone
792 1940 908 1972 creceii.
1528 1923 1564 1956 Μ
1577 1936 1593 1956 ⁰
1605 1925 1625 1957 d
1636 1936 1652 1957 e
1664 1936 1680 1956 ’Ἰ
1693 1936 1710 1957 (³
1746 1936 1764 1956 a
1781 1937 1813 1956 ¹¹¹
1827 1936 1846 1956 ⁰
1858 1935 1875 1956 r
1886 1936 1902 1956 e
1914 1936 1939 1957 ⁵²

1344 1992 1438 2025 luter
1460 1993 1589 2035 figuras
1617 1991 1874 2026 sententiarum
1901 1994 1997 2036 apud
2022 1992 2233 2026 Ciceronem

1241 2050 1453 2077 numeratur
1473 2043 1688 2088 disputatio,
1717 2043 1832 2088 qualis
1857 2050 1907 2076 cst
1933 2041 2040 2085 haec,
2070 2056 2139 2090 qua
2157 2044 2234 2078 Me·-

1241 2097 1305 2129 dea
1326 2095 1468 2129 incensa
1487 2106 1609 2128 amore
1620 2093 1767 2135 Iasonis,
1786 2093 1842 2127 hic
1860 2094 2046 2135 deliberat,
2063 2102 2098 2128 et
2112 2108 2232 2129 secum

1241 2148 1341 2192 quasi
1368 2146 1603 2191 colloquitur,
1632 2145 1837 2190 disputans,
1876 2146 1961 2191 quid
1986 2159 2109 2187 amor,
2145 2146 2232 2193 quid

1240 2199 1332 2232 ratio
1354 2199 1517 2232 suadeat:
1553 2197 1588 2230 in
1610 2209 1678 2243 qua
1696 2197 1938 2241 disputatione
1961 2198 2049 2231 illud
2066 2198 2233 2243 inprimis

1241 2250 1504 2284 observandum
1525 2255 1594 2289 est,
1624 2250 1719 2294 quod
1742 2249 1859 2295 inquit
1886 2249 1978 2292 (Vss.
1995 2250 2045 2285 20
2064 2254 2151 2296 sq.):

296 2005 418 2039 Vestes
436 2006 648 2046 manicatae,
666 2005 966 2052 quibusTliessali
984 2019 1046 2051 per
1064 2008 1184 2040 luxum

192 2055 245 2089 usi
271 2063 371 2096 sunt,
408 2058 625 2101 proverbiali
648 2058 727 2091 ioco
751 2056 1005 2092 Thessalorum
1032 2060 1108 2091 alae
1135 2059 1187 2091 di-

195 2107 377 2140 cebantur.
421 2108 534 2142 Erant
549 2116 583 2142 et
601 2110 686 2142 olim
706 2109 743 2142 in
759 2123 825 2144 usu
843 2116 974 2151 vestes,
1000 2123 1088 2156 quas
1106 2111 1187 2154 plu-

194 2159 325 2192 marias
341 2171 401 2192 seu
421 2160 622 2203 plumatiles
645 2162 840 2200 vocabant,
868 2168 1015 2206 propter
1039 2162 1186 2196 diversi-

194 2216 303 2243 tatem
329 2211 510 2251 colorum,
535 2213 649 2257 qualis
674 2213 710 2245 in
737 2214 829 2245 collo
852 2214 1099 2246 columbarum
1125 2226 1185 2258 ap-

193 2268 306 2305 paret.
350 2262 505 2306 Propter
524 2263 696 2297 elusmodi
715 2265 823 2307 igitur
839 2270 970 2303 vestes,
998 2266 1053 2298 vel
1072 2266 1186 2298 mani-

193 2319 300 2353 catas,
324 2314 377 2345 vel
396 2314 603 2358 plumarias,
621 2316 777 2348 arbitror
789 2316 913 2348 Calain
932 2323 965 2349 et
976 2316 1085 2349 Zeten
1101 2317 1186 2361 fingi

193 2365 306 2398 alatos
322 2377 382 2398 seu
398 2372 592 2409 pennatos,
622 2379 839 2411 quamquam
866 2365 955 2400 milii
978 2369 1084 2401 etiam
1112 2381 1185 2401 non

193 2415 355 2460 displicet
379 2417 551 2461 expositio
569 2417 720 2450 Tzetzae
736 2418 802 2464 693)
829 2419 973 2458 Graeci,
1002 2420 1063 2465 qui
1084 2426 1187 2464 putat

193 2466 271 2500 illos
290 2468 367 2501 ideo
386 2469 468 2511 fingi
487 2470 617 2509 alatos,
647 2470 741 2514 quod
764 2469 948 2512 insigniter
966 2472 1097 2503 comati
1112 2473 1185 2504 sue-

193 2518 276 2558 rint,
296 2521 384 2552 adeo
404 2527 442 2553 ut
460 2519 599 2554 humeri
617 2521 752 2565 capillis
770 2521 869 2566 quasi
887 2522 950 2555 alis
963 2528 1183 2565 tegerentur:

1726 2311 1815 2344 rideo
1833 2311 1974 2355 meliore<
1989 2311 2156 2357 proboque
2166 2326 2178 2352 5

1289 2362 1471 2395 Deterior-a
1496 2373 1624 2406 sequor.

1239 2421 1295 2455 Sic
1314 2421 1406 2454 enim
1428 2421 1638 2467 plerumque
1662 2422 1748 2455 solet
1775 2422 1952 2462 accidere,
1980 2428 2020 2455 ut
2042 2421 2230 2466 indulgen—

1239 2479 1289 2506 tes
1310 2473 1509 2511 affectibus,
1538 2473 1724 2507 consilium
1743 2474 1897 2507 deterius
1913 2484 2117 2518 sequamur.
2152 2473 2230 2507 Ma-

1239 2536 1306 2568 gna
1324 2531 1441 2557 autem
1465 2526 1516 2557 vis
1542 2532 1592 2559 est
1613 2525 1822 2565 affectuum,
1849 2524 2057 2569 praesertim
2076 2525 2229 2564 amoris;

1237 2576 1356 2609 nullus
1390 2576 1482 2609 enim
1510 2578 1656 2610 affectus
1688 2577 1819 2609 rationi
1849 2576 1965 2610 minus
1990 2577 2227 2621 obtemperat.

1236 2625 1360 2672 Itaque
1378 2628 1522 2671 fingitur
1540 2628 1679 2661 animus
1699 2628 1846 2661 Medeae
1865 2634 1936 2661 tam
1964 2628 2071 2662 variis
2096 2627 2228 2672 cogita-

1238 2679 1395 2713 tionibus
1420 2678 1579 2713 distrahi.
1646 2679 1808 2713 Primum
1835 2680 1979 2726 quidem
2007 2680 2164 2725 disputat
2187 2690 2227 2712 ac

224 2636 272 2667 69)
292 2636 466 2669 adulatores]
486 2638 524 2661 sic
545 2638 626 2662 mitt.
647 2639 735 2669 1555.;
764 2640 811 2663 Ed.
830 2640 903 2663 1559.
923 2642 1135 2665 adulteratores

226 2686 292 2718 69⁴¹)
313 2689 433 2712 Tzctzae
454 2689 521 2713 Cluil.
536 2689 553 2712 1.
574 2690 636 2714 hist.
657 2691 680 2714 7,
703 2690 926 2715 mamm-213.
948 2693 995 2715 isid.
1015 2693 1164 2724 Kiessling.
