2421 3005
106 79 180 119 745

105 183 198 210 esse,
241 181 332 216 quae
364 175 555 215 postquam
579 175 720 214 raptam
747 170 885 203 audivit
908 169 1106 214 psaltriam,

104 221 263 267 graviter
281 222 489 266 perturbata
511 227 582 262 est,
611 227 774 255 metuens
800 234 845 255 ne
870 223 1106 256 desereretur.

104 274 221 307 Habet
250 271 338 306 haec
371 285 454 318 pars
487 274 578 306 mira
611 273 779 314 consilia,
822 274 932 308 miras
958 271 1106 307 technas

104 326 210 367 servi,
238 325 368 372 quibus
387 326 522 358 fallitur
537 324 686 359 Demea.

519 410 688 456 Epitasis.

206 480 378 515 Resciscit
392 480 424 526 ⁶)
449 480 585 514 Demea
612 480 739 515 vitium
771 481 931 514 oblatum
956 493 1029 515 esse
1053 480 1105 513 in-

103 533 279 577 genuefab
295 531 474 566 Aeschino
487 559 496 573 ,
532 545 572 566 ea
591 545 676 566 vero
695 533 737 566 de
757 545 795 566 re
815 533 943 566 miram
965 539 1106 577 tragoe-
1132 536 1134 577 ᾗ

101 585 198 618 diam
218 584 359 618 excitat.
414 584 530 629 Magis
549 590 812 624 commovetur,
837 591 1028 631 postquam
1047 585 1106 617 de-

100 634 294 681 prehendit
313 634 525 681 Ctesiphoni
543 650 622 670 cum
641 636 788 681 psaltria
806 648 882 671 rem
900 649 987 671 esse.

100 700 176 722 sere
194 688 301 722 etiam
319 688 465 732 angitur
483 686 682 722 Aeschinus
694 715 703 729 ‚
739 700 819 721 cum
848 689 884 721 in
911 688 1105 722 discrimen

101 741 218 781 venit,
246 752 291 774 ne
308 753 421 774 uxore
440 740 590 774 excidat.

480 823 729 869 Catastrophe.

203 894 280 928 Hae
311 895 438 928 turbae
471 907 596 928 omnes
620 893 813 939 prudentia
840 900 874 927 et
899 900 1105 928 mansuetu-

99 946 184 980 dine
209 946 373 980 Mitionis
407 947 591 980 sedantur.
658 945 802 979 Primas
827 945 948 991 itaque
972 946 1010 979 in
1035 944 1103 980 hac

98 998 218 1032 sabula
236 1011 338 1033 senes
355 996 501 1032 hahent.
547 997 742 1032 Confertur
759 997 854 1030 enim
876 1010 955 1031 cum
976 1010 1103 1043 aspero
1129 1003 1132 1025 t

100 1056 135 1083 et
164 1049 372 1084 inclementi
395 1056 498 1095 patre
527 1051 688 1083 urbanus
714 1056 749 1082 et
775 1049 886 1083 comis
911 1056 1034 1094 pater,
1071 1057 1105 1083 et

98 1099 168 1136 huc
184 1102 306 1135 omnia
322 1108 485 1147 spectant
497 1128 505 1140 ,
533 1108 573 1136 ut
595 1108 767 1146 appareat
784 1102 821 1134 in
839 1114 877 1134 re
893 1101 1105 1142 domestica,

98 1154 263 1199 publica,
311 1153 536 1187 commerciis
574 1151 765 1187 hominum
799 1153 933 1199 ubique
966 1154 1103 1187 nullam

99 1218 174 1240 esse
190 1218 308 1252 neque
329 1206 534 1245 utiliorem,
570 1218 687 1251 neque
710 1205 906 1249 gratiorem
931 1207 1102 1240 virtutem

99 1258 280 1292 comitate.
337 1257 487 1292 Constat
505 1263 623 1291 autem
649 1255 736 1290 haec
758 1257 945 1290 comoedia
971 1270 1102 1302 magna

98 1322 141 1343 ex
172 1316 276 1354 parte
308 1309 597 1344 accusationibus
623 1316 657 1342 et
681 1309 990 1351 excusationibus,
1031 1322 1104 1343 cre-

96 1362 181 1395 bras
215 1359 324 1395 habet
360 1361 544 1408 querelas,
593 1368 627 1395 et
661 1372 775 1405 paene
811 1361 943 1406 tragica
982 1358 1103 1408 πάθη.

99 1412 222 1459 Quare
239 1413 277 1446 in
294 1413 422 1458 primis
450 1414 618 1447 conducit
645 1413 721 1447 eius
745 1413 850 1447 lectio
879 1415 922 1447 ad
945 1414 1103 1458 locuple—

98 1465 247 1498 tandam
266 1465 486 1499 facundiam.

316 1559 459 1593 Aliud
487 1559 821 1604 Argumentum
839 1560 884 1607 ⁶).

204 1627 253 1661 Ut
278 1627 370 1660 mira
396 1628 551 1662 varietas
577 1634 628 1661 est
644 1627 874 1672 ingeniorum
896 1640 936 1661 ac
955 1641 1100 1662 morum

98 1678 365 1720 humanorum,
393 1679 443 1713 ita
465 1679 502 1712 in
522 1679 651 1713 fabulis
675 1679 914 1714 dissimillima
938 1681 1099 1725 exempla

98 1744 178 1766 cum
202 1743 349 1772 senum,
384 1737 460 1765 tum
487 1731 766 1765 adolescentium
790 1732 1002 1776 pinguntur.
1062 1731 1101 1766 Id

97 1784 154 1817 vel
170 1783 325 1817 maxime
345 1783 504 1817 cernitur
520 1784 556 1817 in
572 1780 639 1816 hac
656 1783 854 1824 comoedia,
873 1795 964 1829 quae
982 1784 1099 1817 lenem

96 1842 238 1880 patrem
265 1847 346 1869 cum
371 1836 463 1869 duro
499 1848 540 1869 ac
569 1835 704 1868 difficili
735 1836 942 1876 conferens,
985 1836 1102 1881 pingit

95 1887 202 1921 nobis
219 1887 413 1932 imaginem
437 1887 616 1928 lenitatis,
653 1893 706 1927 et,
742 1894 782 1921 ut
804 1887 933 1921 Graeci
958 1895 1101 1929 vocant,

96 1938 299 1982 ἐπιεικείας,
320 1951 411 1985 quae
427 1941 574 1984 prodest
590 1939 757 1972 omnibus
777 1939 966 1980 aetatibus,
984 1941 1100 1973 omni-

95 1992 162 2024 bus
180 1991 367 2025 ordinibus
383 1991 421 2024 in
441 1992 541 2024 omni
560 2004 688 2036 genere
707 1991 811 2029 vitae.
867 1990 958 2025 Nam
982 2004 1100 2038 neque

96 2042 134 2076 in
159 2043 266 2076 rebus
289 2043 440 2087 publicis
465 2043 679 2084 concordia,
723 2055 839 2089 neque
864 2043 1036 2088 privatim
1062 2044 1099 2077 in

94 2094 243 2129 familiis
267 2094 415 2127 retineri
438 2095 682 2142 tranquillitas
704 2102 842 2140 potest,
877 2095 946 2129 nisi
967 2095 1099 2140 singuli

94 2148 274 2193 quaedam
294 2146 448 2180 aliorum
466 2147 552 2181 vitia
571 2147 838 2182 dissimulemus
862 2159 902 2181 ac
926 2148 1098 2189 feramus,

96 2205 131 2232 et
149 2198 367 2233 offensiones
383 2199 556 2244 quasdam
575 2205 699 2234 nostra
718 2199 975 2233 commoditate
995 2212 1098 2234 sane-

95 2263 188 2285 mus.
241 2250 319 2284 Hoc
336 2257 569 2295 praeceptum
595 2251 632 2284 in
650 2248 718 2284 hac
740 2251 860 2285 fabula
887 2252 992 2286 nobis
1014 2264 1098 2296 pro-

95 2302 184 2347 poni
205 2308 425 2342 statuamus,
468 2309 502 2336 et
528 2304 625 2349 quod
653 2303 702 2336 ait
725 2303 848 2337 Mitio:
893 2306 971 2338 Non
995 2304 1100 2338 habeo

95 2366 228 2404 necesse
243 2357 358 2389 omnia
372 2367 435 2398 pro
457 2366 527 2389 meo
550 2357 626 2389 iure
648 2367 758 2399 were,
812 2355 921 2401 Quod
945 2355 974 2390 is
997 2355 1035 2388 in
1061 2368 1098 2389 re

94 2418 171 2440 non
188 2407 343 2440 maxima
363 2414 532 2451 usurpat,
560 2420 626 2441 nos
645 2408 689 2439 ad
708 2419 852 2440 omnem
871 2407 995 2448 vitam,
1023 2420 1098 2440 ma-

95 2458 263 2504 ximeque
279 2459 324 2492 ad
349 2471 469 2492 rerum
496 2459 720 2504 publicarum
745 2459 1095 2493 administrationem

131 2601 162 2629 5)
181 2601 331 2634 nesciscit]
353 2602 394 2627 sic
414 2609 509 2627 omnes
534 2603 599 2627 illae
619 2603 703 2628 Editt.
732 2606 845 2634 excepta
865 2604 914 2628 Ed.
933 2604 1025 2635 ¹528„
1052 2605 1097 2630 ubi

166 2636 287 2667 legitur:
313 2638 448 2664 Rescivit.

130 2688 161 2720 6)
185 2689 244 2713 Hoc
263 2691 454 2720 argumentum
474 2690 614 2713 invenitur
634 2690 660 2713 in
680 2691 765 2715 Editt.
784 2691 858 2716 1542.
876 2692 909 2716 1..
924 2692 979 2723 M.,
1009 2693 1094 2718 1545..

169 2724 241 2747 1575.
255 2741 262 2750 ,
284 2725 375 2749 1538..
398 2726 473 2750 1592.
488 2726 529 2752 F..
559 2725 650 2755 1602,
674 2726 766 2754 teht,
790 2725 878 2757 1623„
899 2734 920 2750 Β.
937 2732 963 2750 a.

1037 635 1106 669 Mi-
1132 639 1133 649 ¹

332 79 436 116 XCII.
490 79 777 117 ENARRATIO
812 80 1180 117 COMOEDIARUM
1217 81 1460 117 TERENTII.

1118 2325 1128 2758 ,ἒ

1132 317 1313 369 'gratiam
1351 326 1472 360 fratris
1504 327 1599 371 rapit
1631 327 1755 360 lenoni
1788 329 2050 363 mulierculam.

1514 83 1550 118 4.
1578 83 1934 121 ADELPHORUM.
2090 88 2165 124 746

1160 169 1449 203 transferendum
1461 169 1493 216 ⁷)
1519 182 1593 205 esse
1616 172 1814 214 discamus,
1852 186 1897 208 ne
1922 173 2082 219 privatas
2108 175 2165 207 in-

1160 221 1272 256 iurias
1290 234 1370 255 cum
1389 222 1609 266 reipublicae
1628 225 1788 268 periculo
1804 225 2033 260 ulciscamur.

1263 273 1328 308 Est
1358 280 1476 307 autem
1507 275 1660 319 protasis
1692 277 1853 311 fabulae:
1898 275 2100 312 Aeschinus
2127 277 2166 310 in

1159 383 1352 422 postquam
1370 378 1513 412 rescivit
1523 377 1555 426 ⁸)
1571 378 1705 412 Demea
1725 386 1845 424 pater,
1874 393 2002 426 aspero
2018 381 2165 425 ingenio

1160 429 1417 471 cumMitione‚
1437 429 1719 464 cuiAeschinum
1739 432 1888 465 dederat
1904 434 2168 477 adoptandum,

1160 481 1383 525 expostulat,
1412 483 1688 529 queriturque⁹)
1707 483 1819 517 filium
1844 484 1952 527 ipsius
1978 485 2166 529 indulgen-

1160 533 1207 565 tia
1231 534 1428 577 corrumpi.

1263 583 1378 617 Error
1395 584 1551 618 Demeae
1569 586 1688 619 reddit
1713 587 1871 620 fabulam
1898 587 2165 622 iucundiorem.

1159 634 1252 669 Nam
1281 637 1491 670 muliercula
1516 635 1606 670 nihil
1633 639 1676 672 ad
1698 636 1939 680 Aeschinum,
1973 641 2035 674 sed
2061 639 2165 686 ad¹⁰)

1160 687 1314 720 alterum
1346 689 1494 721 fratrem
1526 689 1701 733 pertinet,
1746 691 1845 724 cuius
1883 703 2003 726 mores
2027 691 2165 725 Demea

1159 739 1363 783 praedicat,
1399 746 1433 773 et
1457 752 1474 772 a
1502 753 1537 774 se
1558 741 1632 785 regi
1653 742 1877 776 severissime
1896 749 2010 788 putat.
2066 743 2166 777 Peri-

1160 790 1330 824 clitantur
1355 791 1465 836 igitur
1488 790 1688 827 Aeschinus
1711 800 1745 827 et
1769 796 1923 836 servuli,
1958 807 2003 828 ne
2028 795 2165 828 Demea

1159 843 1326 877 resciscat
1348 850 1532 888 peccatum
1558 845 1633 878 eius
1659 846 1905 881 adolescentis.
1966 846 2102 894 Estque
2128 847 2166 880 id

1159 894 1267 927 etiam
1293 895 1495 940 exemplum
1520 896 1607 929 boni
1632 903 1666 929 et
1690 897 1848 932 liberalis
1873 899 2030 943 ingenii,
2066 900 2164 945 quod

1157 945 1338 980 Aeschino
1358 948 1471 981 frater
1495 954 1683 993 tantopere
1709 961 1815 983 curae
1839 957 1902 984 est.
1971 949 2162 984 Caeterum

1158 999 1305 1032 amabat
1336 1005 1370 1032 et
1397 997 1597 1034 Aeschinus
1630 1000 1823 1045 ingenuam
1857 1003 2065 1048 quandam,
2108 1003 2164 1035 cui

1157 1050 1263 1084 fidem
1282 1051 1450 1091 dederat,
1479 1064 1514 1085 se
1538 1053 1731 1086 ducturum
1757 1065 1836 1086 eam
1863 1066 2036 1095 uxorem,
2072 1066 2164 1100 quae

1158 1109 1261 1147 rapta
1306 1103 1453 1147 psaltria
1470 1130 1478 1143 ‚
1531 1104 1683 1144 metuit,
1738 1117 1782 1138 ne
1826 1107 2015 1140 deseratur
2029 1106 2077 1153 ¹¹)
2121 1106 2165 1139 ab

1157 1152 1350 1188 Aeschino.

1576 1232 1746 1278 Epitasis.

1263 1291 1399 1326 Demea
1422 1293 1579 1328 resciscit
1593 1293 1813 1329 Aeschinum
1838 1295 2009 1330 obtulisse
2035 1296 2164 1331 vitium

1157 1343 1355 1389 ingenuae,
1391 1357 1431 1378 ea
1450 1346 1494 1378 de
1511 1358 1549 1379 re
1560 1345 1606 1394 ¹²)
1624 1346 1734 1382 miras
1752 1347 1956 1391 tragoedias
1975 1348 2049 1394 agit
2067 1350 2165 1394 apud

1156 1396 1305 1430 fratrem
1343 1396 1550 1432 Mitionem.
1625 1398 1742 1444 Magis
1778 1400 1886 1433 etiam
1925 1401 2163 1443 excandescit,

1157 1460 1238 1482 cum
1265 1448 1367 1482 audit
1388 1449 1575 1494 psaltriam
1602 1451 1647 1484 ad
1670 1464 1775 1486 suum
1799 1452 1901 1485 illum
1927 1452 2162 1498 frugaliorem

1157 1500 1421 1535 adolescentem
1440 1501 1633 1547 pertinere.

1530 1578 1781 1625 Catastrophe.

1260 1639 1337 1672 Hae
1363 1640 1489 1673 turbae
1516 1653 1641 1675 omnes
1666 1642 1859 1687 prudentia
1889 1648 1924 1675 et
1956 1649 2164 1676 mansuetu-

1155 1690 1239 1724 dine
1263 1690 1429 1726 Mitionis
1449 1692 1634 1727 sedantur.
1695 1692 1759 1727 Est
1783 1699 1904 1727 autem
1928 1691 2016 1727 haec
2039 1695 2162 1728 fabula

1154 1743 1211 1775 vel
1227 1743 1264 1775 in
1279 1742 1408 1788 primis
1427 1741 1607 1778 rhetorica
1620 1772 1630 1785 ,
1659 1743 1768 1779 habet
1794 1746 1939 1779 crebras
1964 1746 2162 1780 accusatio-

1154 1806 1237 1835 nes,
1282 1795 1549 1837 excusationes,
1593 1797 1780 1842 querelas,
1816 1809 1969 1831 errores.
2035 1798 2158 1843 Quare

1154 1858 1228 1879 non
1246 1846 1362 1880 solum
1381 1859 1438 1880 res
1459 1845 1593 1881 habent
1617 1848 1703 1881 utile
1731 1849 1777 1881 ad
1800 1848 1911 1882 vitam
1941 1850 2159 1895 exemplum,

1153 1898 1215 1932 sed
1234 1897 1341 1931 etiam
1360 1898 1477 1932 oratio
1496 1901 1541 1933 ad
1559 1900 1764 1934 facundiam
1786 1901 1952 1934 alendam
1971 1908 2080 1948 atque
2097 1914 2159 1935 au-

1153 1950 1308 1994 gendam
1327 1951 1487 1996 prodest.

1333 2027 1565 2073 Prologus
1592 2029 1639 2062 in
1665 2027 1972 2077 Adelphos¹³).

1205 2096 1350 2131 Salvere
1366 2097 1526 2142 primum
1545 2104 1764 2144 spectatores
1785 2099 1943 2144 optimos

1203 2146 1312 2182 Iubeo
1325 2176 1334 2190 ‚
1361 2150 1476 2184 bonas
1493 2156 1586 2185 artes
1601 2151 1663 2196 qui
1680 2151 1796 2186 facitis
1812 2151 1985 2192 maximi,

1188 2258 1219 2286 7)
1239 2258 1483 2287 transferendum]
1518 2259 1560 2283 sic
1590 2265 1686 2283 omnes
1717 2259 1782 2283 illae
1806 2260 1891 2283 Editt.
1920 2260 2043 2289 exceptis
2068 2259 2154 2283 Editt.

1224 2293 1411 2323 1542.1..M.,
1432 2294 1526 2322 ¹545..
1546 2294 1572 2317 in
1593 2294 1691 2324 quibus
1710 2294 1829 2325 legitur:
1850 2295 2086 2318 transferendam.

1186 2336 1217 2364 8)
1237 2335 1368 2365 rescivit]
1387 2336 1429 2359 sic
1448 2337 1534 2361 Editt.
1553 2336 1646 2365 1588„
1673 2338 1765 2368 1614„
1794 2337 1871 2361 1623.
1884 2354 1891 2365 ,
1916 2344 1939 2360 s.
1962 2343 1988 2360 a.
2016 2338 2044 2361 et
2062 2337 2156 2366 Bicc.;

1223 2371 1249 2394 in
1261 2371 1344 2395 Editt.
1362 2371 1436 2395 1512.
1450 2372 1480 2394 1..
1494 2372 1546 2401 M.,
1569 2372 1654 2403 1545„
1677 2372 1751 2396 1575.
1762 2389 1770 2403 ‚
1791 2372 1866 2396 1592.
1882 2372 1912 2395 F.
1923 2389 1930 2402 ‚
1953 2372 2027 2397 1602.
2047 2372 2137 2395 deest.

1186 2414 1218 2443 9)
1237 2412 1429 2445 queriturque]
1459 2414 1498 2438 sic
1521 2414 1606 2440 Editt.
1623 2415 1698 2439 1542.
1715 2416 1748 2440 1..
1764 2417 1819 2444 M.‚
1840 2415 1932 2443 1545..
1954 2415 2048 2443 ¹588.,
2069 2415 2156 2445 1614..

1224 2448 1316 2479 162³„
1337 2455 1361 2474 s,
1376 2454 1419 2479 a.‚
1438 2449 1529 2479 Ricc.;
1554 2449 1637 2473 Editt.
1654 2450 1745 2480 1575.‚
1767 2449 1842 2473 159².
1857 2450 1905 2481 Κ,
1924 2449 1999 2473 1602.
2020 2450 2156 2480 queritur.

1188 2493 1235 2521 ¹0)
1253 2492 1303 2521 ad]
1324 2492 1351 2515 in
1370 2492 1455 2516 Editt.
1471 2493 1545 2517 1592.
1562 2494 1607 2521 ΒΣ,
1632 2494 1709 2517 1602.
1730 2494 1818 2517 deest.

1188 2535 1234 2566 11)
1254 2536 1417 2565 deseratur]
1440 2537 1481 2559 sic
1499 2542 1596 2560 omues
1623 2537 1688 2560 illae
1707 2537 1793 2560 Editt.
1819 2538 1931 2566 praeter
1951 2537 2000 2560 Ed.
2017 2537 2152 2569 1542.1..,

1221 2576 1291 2600 qnae
1308 2571 1404 2594 habet:
1433 2571 1621 2595 desereretur.

1187 2614 1233 2645 12)
1257 2619 1290 2637 ea
1310 2614 1342 2638 de
1361 2616 1407 2643 re]
1429 2615 1469 2638 sic
1488 2615 1553 2639 illae
1572 2615 1656 2639 Editt.
1679 2616 1790 2645 praeter
1811 2615 1892 2639 Editt.
1911 2615 1997 2645 1575„
2018 2615 2093 2640 1592.
2108 2615 2150 2646 R,

1221 2649 1296 2673 1602.
1310 2666 1317 2679 ‚
1339 2655 1409 2680 quae
1429 2650 1569 2675 exhibent:
1596 2656 1630 2673 ea.
1650 2656 1689 2673 re.

1186 2692 1231 2724 13)
1252 2692 1303 2716 uic
1322 2694 1456 2723 prologus
1476 2693 1617 2716 invenitur
1636 2693 1663 2716 in
1683 2692 1812 2723 Prologis
1835 2693 1940 2723 aliquot
1965 2693 2025 2721 (nbi
2044 2693 2149 2716 inscri-

1221 2729 1282 2757 ptus
1302 2728 1360 2751 est:
1381 2727 1541 2758 „Prologus
1555 2728 1580 2751 in
1594 2728 1747 2757 Adelphos:
1768 2726 1923 2751 eiusdem.''
1944 2729 2051 2751 scilieet
2072 2728 2153 2751 eius-
