2341 2973
170 89 216 123 43

272 172 436 206 Gaudere
454 173 574 212 potes,
603 163 761 210 aliasque
777 164 867 198 alius
885 164 952 199 vir.

221 226 254 258 si
275 235 404 269 ponas,
432 234 449 253 ο
466 218 664 255 Academe‚
692 216 884 249 amabssem
911 214 1085 261 hymnum
1112 229 1167 250 ca-
1192 225 1194 272 1

581 278 685 307 nere,

272 327 319 359 1³1
323 324 476 358 aernium
509 326 628 354 autem
652 318 690 352 in
715 319 833 352 medio
861 332 949 364 puer
975 317 1165 364 pulchrum

586 371 712 404 florem
728 368 863 404 habens
888 400 891 403 ,

170 430 243 465 995
271 428 426 472 Tibique
450 422 546 470 sit30)
571 429 605 456 et
629 420 719 455 mihi
742 423 786 456 de
812 422 986 467 sapientia
1022 429 1167 456 conten-

581 474 765 514 dentibus,

574 531 709 571 quanto
745 525 853 559 asinis
888 525 1168 569 praestantiores

578 580 649 611 sint
666 576 766 610 muli.

221 638 310 670 Cum
336 645 420 667 vero
437 631 498 665 Sol
520 629 666 675 quidem
693 628 731 660 in
755 625 898 661 aethere
923 627 1168 673 solidungulos

583 691 693 725 equos

272 738 343 771 Iam
362 731 609 771 admonuerit,
636 729 794 764 medium
816 729 910 762 diem
926 727 1073 770 habens,

220 791 450 831 Coenamque
475 782 809 821 terminaverimus,
845 783 1028 826 quomodo
1062 794 1167 827 quem

585 834 726 867 animus
741 833 859 872 iubet,

174 894 270 928 1000
296 887 414 923 Variis
431 886 535 921 bonis
552 885 670 919 ventri
689 883 960 919 satisfacientes.

222 940 456 979 Gutturnium
480 937 600 973 statim
623 937 720 970 foras
751 936 862 976 ferat,
906 948 1056 970 coronas
1085 949 1169 969 vero

587 989 682 1021 intro

274 1046 449 1079 Formosa
468 1041 600 1074 teneris
616 1039 782 1072 manibus
799 1036 963 1070 Lacaena
982 1038 1120 1082 puella;

223 1099 345 1131 Virtus
363 1107 448 1128 vero
466 1092 667 1137 praemium
686 1090 780 1122 inter
794 1086 957 1122 homines
976 1090 1151 1133 optimum
1163 1116 1172 1129 ,

272 1145 633 1188 Pulcherrimumque
649 1146 835 1185 reportatu
850 1146 900 1173 est
914 1139 992 1173 viro
1009 1141 1171 1185 sapienti.

177 1200 272 1237 1005
299 1199 498 1233 Commune
542 1205 627 1227 vero
672 1193 808 1226 bonum
852 1189 921 1224 hoc
966 1192 1172 1238 civitatique

588 1243 760 1288 omnique
787 1243 945 1287 populo,

278 1299 449 1348 Quisquis
464 1298 519 1331 vir
535 1303 580 1330 tr
571 1307 775 1339 insgressus
793 1294 886 1327 inter
901 1293 1078 1338 principia
1098 1300 1159 1327 est.

227 1356 252 1388 (
257 1352 474 1387 ommuniter
493 1355 611 1383 autem
628 1345 836 1380 hominibus
855 1351 1044 1390 praecepta
1068 1347 1088 1378 d
1094 1346 1174 1385 abo,

585 1405 625 1432 ut
640 1398 719 1444 quis
737 1397 935 1442 pubertatis

280 1457 425 1490 Clarum
456 1453 581 1486 florem
613 1448 770 1489 habens,
814 1455 848 1482 et
874 1447 1052 1482 mentibus
1079 1449 1173 1482 bona

584 1501 735 1546 cogitet,

229 1559 307 1593 Suis
333 1554 614 1602 possessionibus
636 1554 726 1586 bene
750 1551 860 1590 affici3

592 1605 784 1649 pubescere

183 1664 279 1698 1010
306 1660 368 1694 Bis
385 1660 490 1692 datur
509 1669 528 1690 a
544 1655 642 1696 Diis,
669 1666 786 1700 neque
802 1655 883 1699 fuga
901 1652 1028 1687 mortis

231 1712 444 1747 Mortalibus
469 1707 694 1745 hominibus;
734 1706 851 1750 gravis
875 1711 993 1738 autem
1019 1709 1179 1738 senectus

593 1758 755 1802 coarguit

281 1813 487 1849 Perniciosa
501 1838 509 1852 ‚
537 1817 714 1856 caputque
732 1805 970 1853 apprehendit
988 1818 1180 1841 summum.

233 1869 351 1911 Quam
366 1866 511 1904 beatus,
537 1864 813 1906 fortunatusque
834 1866 868 1893 et
885 1859 968 1893 felix
992 1864 1059 1899 est,
1087 1857 1182 1903 quis-

594 1926 673 1959 quis
694 1924 819 1956 expers

532 1966 569 1998 in
593 1963 758 1998 Plutonis
782 1964 930 1996 domum
958 1961 1097 2005 nigram
1123 1961 1181 1993 ‹lv-

595 2016 732 2050 scendit
745 2041 754 2054 ,

188 2071 285 2108 1015
310 2071 414 2105 Prius
432 2081 530 2115 (suam
548 2068 712 2101 inimicos
736 2065 931 2099 formidare
959 2072 991 2098 et
1012 2076 1182 2108 superare

599 2130 739 2152 necesse
757 2122 826 2157 est,

289 2172 576 2216 Investigareque
588 2170 734 2209 amicos,
753 2180 947 2214 quamnam
959 2164 1183 2210 habeant⁸⁰³)

596 2227 764 2255 mentem.

240 2275 422 2321 statimffi)
439 2272 528 2307 mihi
546 2285 609 2318 per
625 2272 770 2318 quidem
790 2282 917 2314 corpus
939 2267 1016 2302 fluit
1035 2268 1185 2301 immen-

601 2336 659 2358 sus
684 2323 810 2361 sudor,

294 2379 516 2413 Consternor
534 2387 619 2409 vero
640 2376 781 2408 intuens
798 2372 923 2404 florem
943 2369 1146 2403 iuventutis.

243 2432 418 2465 lucundus
436 2427 541 2462 simul
558 2433 591 2459 et
610 2424 756 2471 pulcher
773 2423 906 2456 diutius
922 2423 1074 2455 debebat
1096 2433 1185 2455 esse:

196 2484 292 2518 1020
319 2482 452 2514 Verum
472 2478 590 2512 brevis
608 2484 659 2512 est
674 2477 769 2510 velut
785 2473 965 2509 somnium

274 528 495 576 Cognoveris
510 555 519 568 ,

899 1564 974 1584 non
1002 1551 1096 1584 enim
1122 1564 1176 1585 re—

286 1969 468 2001 Laborum
480 1994 489 2007 ,

227 2581 274 2613 ²50)
296 2581 345 2610 sit]
358 2581 399 2604 sic
415 2580 460 2612 (=
471 2581 591 2611 Theogn.
609 2579 664 2609 εἴη)
680 2578 764 2602 Editt.
776 2574 971 2605 1563—1581.;
992 2574 1040 2599 Ed.
1053 2574 1126 2598 1561.
1141 2572 1191 2596 sis.
1214 2568 1217 2583 ³

228 2623 299 2655 803)
319 2622 448 2655 habeant]
471 2623 509 2646 sic
529 2622 644 2653 scripsi3
665 2621 747 2644 Editt.
768 2618 963 2643 1561-1581,
984 2618 1093 2641 habent.

229 2668 278 2696 81)
296 2666 410 2695 statim]
430 2666 469 2689 sio
489 2668 535 2694 (-
555 2666 674 2696 Theogn.
696 2660 810 2690 αὐτίκα)
823 2661 907 2686 mitt.
922 2660 999 2689 1561
1021 2659 1107 2692 1563,
1129 2658 1194 2683 1570

263 2701 400 2732 —15814
426 2701 473 2724 Ed.
490 2700 565 2725 ¹564.
584 2700 682 2724 mendo
703 2700 831 2729 ῐῃιοςικε
859 2695 953 2720 Satim.

757 76 880 112 PfflL.
907 76 1020 113 MEL.
1054 77 1255 115 SCRIPTA
1283 76 1619 116 PHILOLOGICA.

2169 76 2218 111 44

1270 167 1517 202 Adolescentia
1554 166 1729 212 pretiosa;

1629 218 1756 252 formis

1323 269 1517 303 Confestim
1535 281 1642 313 super
1659 275 1765 313 caput
1779 276 1940 303 senectus
1960 270 2102 313 pendet.

1271 321 1464 367 Nunquam
1482 320 1635 355 inimicis
1652 322 1716 355 sub
1733 321 1853 365 iugum
1873 321 2043 354 cervicem
2061 333 2197 366 ponam

1324 374 1442 406 Grave
1456 400 1465 411 ‚
1491 384 1608 417 neque
1625 373 1654 406 si
1670 370 1759 405 mihi
1776 372 1927 406 Tmolus
1945 372 2051 406 instet
2066 373 2185 417 capiti.

1223 423 1321 459 1025
1348 423 1524 468 [mprobis
1541 435 1625 457 sane
1643 424 1779 456 malitia
1798 424 1963 457 vaniores
1980 424 2095 458 luctus
2117 431 2218 463 sunt;

1323 475 1527 509 Proborum
1545 486 1630 507 vero
1647 487 1789 519 semper
1806 475 1962 509 actiones
1980 475 2162 510 rectiores.

1270 527 1470 573 Facilisque
1489 526 1580 559 actio
1598 526 1691 559 inter
1709 523 1874 561 homines
1886 554 1894 567 ,
1924 527 2102 565 malitiae;

1324 578 1418 612 Boni
1437 585 1554 612 autem
1574 577 1745 618 difficilis,
1774 577 1911 623 Cyrne,
1940 585 1992 613 est
2007 585 2167 612 conatus.

1275 630 1420 664 Confide
1432 657 1441 670 ,
1484 643 1502 663 o
1536 630 1672 669 anime,
1711 629 1833 670 malis,
1868 630 1974 664 simul
2009 629 2218 675 gravissima

1632 693 1754 725 passus
1766 708 1775 721 ,

1225 734 1323 767 1030
1349 732 1601 777 [inproborum
1619 744 1703 766 sane
1720 744 1781 765 cor
1801 738 1851 765 est
1870 732 2041 776 asperius.

1275 785 1398 830 Neque
1416 791 1453 817 tu
1462 784 1508 831 8‘·')
1527 784 1673 818 infectas
1693 785 1737 816 ob
1754 796 1810 817 res
1826 783 1988 817 dolorem
2009 796 2141 828 augens

1328 836 1478 876 Oderis,
1505 849 1622 881 neque
1641 836 1810 875 tristeris,
1847 847 1961 881 neque
1986 836 2119 869 amicos
2146 848 2221 868 mo-

1636 887 1735 921 lestia
1759 887 1870 926 affice,

1276 938 1400 983 Neque
1417 938 1581 972 inimicos
1601 936 1769 972 exhilara.
1822 937 1982 971 Deorum
1999 937 2092 971 enim
2112 937 2221 969 fatata

1635 991 1729 1022 dona

1328 1040 1410 1074 Non
1429 1047 1544 1085 potest
1563 1041 1664 1075 facile
1685 1041 1847 1075 mortalis
1866 1041 1921 1074 vir
1938 1040 2092 1084 effugere
2105 1067 2113 1080 ,

1228 1089 1325 1125 1035
1354 1091 1478 1137 Neque
1495 1093 1618 1136 nigrae
1636 1094 1852 1127 descendens
1863 1093 1910 1138 s3)
1930 1092 1967 1125 in
1982 1092 2135 1126 fundum
2161 1102 2224 1136 pa-

1640 1144 1733 1177 ludis
1745 1171 1753 1183 ,

1329 1194 1452 1239 Neque
1477 1196 1622 1240 quando
1648 1196 1763 1239 ipsum
1789 1191 1954 1228 hahuerit
1978 1194 2152 1228 Tartarus
2176 1200 2226 1226 te-

1637 1247 1822 1280 nebrosus.

1279 1295 1402 1329 Virum
1421 1308 1505 1329 sane
1527 1304 1576 1330 est
1595 1298 1731 1330 bonum
1752 1295 2001 1330 difficillimum
2018 1295 2161 1335 fallere,

1231 1347 1326 1381 1038
1357 1347 1404 1380 Ut
1436 1348 1470 1379 in
1505 1361 1581 1380 mea
1616 1354 1754 1387 mente,
1791 1347 1928 1391 Cyrne,
1973 1346 2058 1379 olim
2091 1346 2226 1379 iudica-

1652 1406 1728 1433 tum
1757 1405 1819 1433 est.

1279 1448 1435 1483 Iucunda
1457 1450 1600 1495 quidem
1619 1457 1652 1484 et
1668 1451 1766 1495 prius
1778 1477 1786 1489 ,

1640 1514 1753 1536 nunc:

1333 1552 1433 1597 Quae
1456 1553 1630 1597 improbis
1645 1554 1742 1588 nulla
1762 1558 1813 1586 est
1830 1551 1943 1596 gratia
1952 1551 2011 1597 ⁸⁴).

1281 1602 1452 1638 Amentes
1470 1603 1633 1638 homines
1649 1612 1683 1639 et
1699 1604 1817 1643 stulti,
1846 1603 1906 1648 qui
1927 1603 2071 1648 quidem
2091 1601 2213 1636 vinum

1235 1654 1332 1689 1040
1359 1655 1441 1690 Non
1459 1656 1586 1689 bibunt
1604 1663 1699 1690 astro
1718 1663 1752 1689 et
1770 1666 1855 1688 cane
1872 1660 2058 1698 regnante.

1283 1708 1357 1750 Age
1369 1734 1378 1747 ,
1406 1720 1485 1740 cum
1502 1708 1646 1742 tibicine
1667 1709 1809 1752 lugente
1826 1706 1982 1739 ridentes

1334 1758 1506 1794 Bibamus
1518 1787 1526 1800 ,
1555 1760 1648 1793 illius
1664 1758 1849 1792 doloribus
1867 1757 2083 1791 oblectantes
2100 1767 2161 1789 nos

1285 1809 1538 1849 Dormiamus;
1583 1811 1745 1845 custodia
1781 1821 1864 1842 vero
1898 1808 1996 1841 urbis
2027 1806 2231 1840 custodibus

1647 1874 1752 1896 curae
1777 1861 1856 1894 erit.

1339 1912 1415 1946 Heu
1432 1913 1530 1947 littus
1549 1914 1711 1947 amabilis
1728 1911 1866 1956 patriae
1882 1917 2038 1944 nostrae.

1239 1962 1336 1999 1045
1362 1964 1526 1998 Profecto
1544 1966 1573 1999 si
1589 1965 1668 2010 quis
1687 1964 1831 1997 illorum
1848 1969 1882 1996 et
1898 1962 2056 1995 occultus
2080 1958 2233 1999 dormit,

1339 2016 1507 2050 'Nostram
1528 2014 1843 2060 reprehensionem
1863 2013 2012 2058 accipiet
2030 2012 2189 2045 moleste.

1284 2067 1388 2101 Nunc
1416 2078 1500 2100 vero
1528 2067 1688 2101 bibentes
1717 2066 1956 2106 oblectemur,
1998 2061 2147 2109 pulchra
2182 2061 2234 2095 di-

1655 2125 1790 2155 centes;

1339 2169 1440 2213 Quae
1459 2181 1543 2202 vero
1560 2176 1641 2214 post
1656 2176 1779 2208 erunt,
1808 2166 1895 2201 haec
1913 2166 1991 2200 Diis
2007 2177 2113 2199 curae
2127 2164 2209 2199 sint.

1765 167 1825 200 sed
1862 165 2064 210 perniciosa
2100 171 2135 198 et
2159 164 2219 198 de-

1821 1459 1944 1482 verum
1969 1449 2083 1482 multo
2101 1449 2227 1483 melius

1271 2310 1319 2343 82)
1339 2310 1381 2343 tu]
1401 2310 1443 2334 sic
1462 2312 1508 2339 (=
1518 2311 1639 2340 Theogn.
1657 2308 1706 2339 σύ)
1722 2309 1805 2334 Editt.
1823 2310 1908 2338 ¹561.,
1930 2308 2017 2339 1563.‚
2037 2307 2123 2338 1576„
2144 2306 2235 2337 1561.;

1308 2346 1393 2370 Editt.
1410 2345 1501 2373 1564*
1525 2344 1601 2368 157⁰.
1622 2346 1659 2369 te.

1273 2389 1321 2421 8³)
1341 2389 1526 2415 descendens]
1541 2387 1581 2411 sic
1596 2386 1642 2417 (Ξ
1653 2387 1772 2415 rhenan.
1788 2384 1920 2416 καταδύς)
1935 2385 2018 2409 Editt.
2033 2383 2237 2414 1561—1564.‚

1311 2424 1401 2454 1576„
1423 2423 1514 2452 1581.;
1540 2422 1589 2447 Ed.
1607 2422 1681 2447 1570.
1702 2422 1858 2446 discedens.

1274 2469 1322 2495 84)
1341 2466 1462 2490 Iucunda.
1486 2465 1593 2495 quidem
1614 2479 1646 2484 —
1667 2467 1709 2489 est
1737 2465 1854 2495 gratia!
1885 2464 1925 2487 sic
1950 2463 2012 2487 Mel,
2039 2462 2237 2492 interpretatur

1309 2503 1393 2527 hocce
1411 2501 1562 2524 distichon:

1341 2542 1425 2568 ‘mma
1443 2540 1497 2575 μὲν
1514 2542 1561 2567 καί
1579 2542 1722 2575 πιιόσθεν,
1747 2540 1817 2572 dubo
1836 2540 1907 2565 πολύ
1928 2538 2012 2565 λωϊον
2033 2538 2096 2570 ἤδη,

1414 2576 1515 2603 οὕνεκα
1534 2586 1590 2606 τοις
1609 2577 1705 2605 δειλοῖς
1724 2574 1833 2608 οὐδεμί’
1851 2574 1910 2600 ἔστι
1925 2573 2014 2607 χάοις.

1313 2622 1383 2652 quod
1409 2623 1432 2645 11
1449 2622 1466 2645 1
1492 2621 1518 2644 in
1539 2622 1622 2646 Editt.
1636 2620 1829 2644 1561-1581,
1857 2621 1883 2643 et
1910 2618 1937 2642 in
1967 2618 2016 2642 En!
2036 2618 2143 2646 Gaiss.
2170 2623 2238 2647 quae

1311 2659 1401 2680 autem
1415 2663 1463 2687 pro
1481 2653 1545 2685 mna
1558 2656 1703 2687 (iucunda)
1718 2656 1797 2679 habet
1811 2652 1877 2687 ᾔδεα
1892 2652 2063 2684 (noveram),
2079 2653 2198 2684 legitur;
2210 2652 2240 2676 at

1312 2692 1339 2715 in
1355 2692 1437 2717 Editt.
1453 2692 1555 2724 Bckk.‚
1574 2691 1675 2722 Bergk.
1695 2691 1738 2720 (et
1757 2688 1890 2720 Brunck.)
1911 2689 1935 2714 h.
1952 2688 1969 2713 1.
1990 2694 2044 2713 nou
2065 2687 2214 2714 invenitur.
