2421 3005
113 612 375 658 LXXXIV.
434 616 639 661 PHIL.
676 619 851 666 MEL.
904 624 1602 671 INTERPRETATIO
1656 629 2189 678 ISTHMIORUM

962 700 1324 744 PINDARI.

109 817 222 877 Haec
245 850 454 890 interpretatio
477 855 569 884 latina
583 856 785 888 Melanthonis
808 860 838 889 in
863 861 976 890 duabus
999 861 1058 890 illis
1081 861 1172 891 Editt.
1199 860 1306 900 1558„
1330 861 1425 893 1563.
1449 873 1539 902 supra
1561 875 1592 904 p.
1611 864 1674 897 187
1689 877 1732 906 sq.
1748 867 1904 907 descriptis
1927 876 2041 907 exstat,
2064 873 2186 921 quibus-

109 901 177 919 cum
199 892 320 922 Pindari
349 895 443 925 Editt.
467 897 604 928 Francof.
631 899 744 939 1542„
779 903 870 933 Basil.
896 903 1010 943 1556„
1042 904 1081 932 Η.
1105 905 1213 943 steph.
1247 904 1360 943 1566„
1396 907 1540 936 Boeckhii
1570 916 1601 938 et
1631 910 1771 948 Bergkii,
1801 918 1891 951 atque
1922 913 2186 952 interpretationes

111 934 152 964 Η.
175 934 340 975 Stephani,
372 938 481 977 Heynii
513 948 543 970 et
571 942 714 973 Boeckhii
745 947 922 984 quibusdam
952 948 984 976 in
1015 948 1086 976 locis
1110 949 1233 978 contuli.
1295 949 1510 998 Stropharumn,
1541 953 1800 991 Antistropharum
1824 956 2009 995 Epodonque
2032 966 2185 995 numer-0⁵,

107 976 218 1015 quibus
239 979 316 1010 illae
339 981 416 1012 duae
439 983 529 1014 Editt.
552 985 809 1026 interpretationis
834 989 909 1020 Mel.
936 998 1057 1029 carent,
1080 1000 1119 1020 ex
1143 991 1287 1020 Boeckhii
1311 993 1561 1032 interpretanone
1584 996 1735 1036 adscripsi.

854 1238 1123 1277 PINDARI
1163 1241 1432 1279 ISTHMIA

647 1304 881 1337 rf11L1rro
920 1309 1264 1340 MELANTHONE
1304 1312 1637 1343 INTERPRETE.

529 1395 621 1438 Ode
652 1398 683 1439 Ῑ.
1169 1420 1256 1448 tunc
1286 1422 1362 1449 erat
1394 1415 1644 1461 pentathlum,
1684 1420 1746 1453 sed
1768 1421 1951 1466 quaelibet
1980 1428 2180 1462 certamina

359 1471 578 1505 Herodoto
623 1474 783 1510 Thebano
807 1477 819 1497 ¹
1168 1463 1352 1501 habebant
1370 1480 1452 1503 suas
1471 1481 1640 1504 coronas:
1670 1479 1820 1517 propter
1837 1487 1930 1520 quae
1949 1489 2056 1523 saepe
2075 1491 2179 1514 coro-

821 1483 847 1522 )⁰
1166 1517 1244 1550 nati
1260 1520 1443 1564 conspecti
1460 1528 1544 1555 sunt
1571 1523 1616 1555 ad
1632 1521 1757 1558 Dirces
1781 1525 1915 1560 fluenta
1938 1535 1973 1562 et
1998 1532 2044 1563 ad
2060 1529 2178 1565 Euro-

1167 1575 1261 1610 tam,
1301 1573 1380 1614 (Ep.
1401 1574 1454 1614 2.)
1479 1571 1624 1618 Iphiclis
1649 1575 1761 1617 filius,
1796 1577 1882 1613 civis
1901 1577 2177 1623 Thebanorum,

1167 1627 1201 1654 et
1216 1621 1366 1663 Castor,
1402 1621 1570 1659 habitans
1591 1623 1811 1672 Therapnen
1828 1629 1857 1672 2)
1883 1630 1978 1666 inter
2001 1632 2177 1670 Achaeos.

1165 1672 1307 1707 Salvete
1329 1674 1480 1711 Heroes.
1533 1677 1613 1722 Ego
1641 1685 1761 1713 autem
1787 1680 1957 1727 'Neptuno
1981 1692 2016 1719 et
2039 1685 2175 1722 Isthmo

1166 1731 1201 1758 et
1231 1723 1407 1761 Onchesti
1433 1728 1549 1762 littori
1583 1742 1714 1765 curans
1743 1730 1940 1778 hymnum,
1985 1738 2175 1773 celebrabo

1163 1777 1296 1810 miram
1327 1779 1513 1813 fortunam
1545 1782 1660 1826 patris
1686 1783 1914 1829 Asopodori,
1953 1791 2043 1830 (Str.
2063 1791 2115 1833 3.)
2140 1798 2176 1825 et

1163 1826 1390 1863 Orchomeni
1413 1833 1570 1876 patriam
1595 1840 1749 1876 terram,
1786 1849 1878 1882 quae
1908 1839 2025 1883 ipsum
2054 1848 2174 1877 extru-

1163 1892 1243 1914 sum
1266 1883 1457 1928 naufragio
1482 1897 1524 1917 ex
1558 1885 1734 1921 immenso
1759 1889 1831 1922 sale
1859 1889 1898 1922 in
1925 1888 2075 1926 horrida
2099 1895 2172 1928 sor-

1161 1937 1250 1964 tuna
1267 1934 1416 1978 excepit.
1471 1935 1576 1970 Nunc
1593 1950 1718 1973 rursus
1734 1951 1817 1973 eum
1835 1942 1981 1977 fortuna
2004 1946 2050 1978 ad
2074 1946 2172 1990 prio-

1161 1994 1238 2016 rem
1258 1986 1559 2031 tranquillitatem
1579 1991 1732 2025 reduxit.
1786 1992 1846 2026 Fit
1872 2001 1994 2028 autem
2018 1998 2172 2040 cautior,

1161 2034 1224 2080 qui
1240 2037 1351 2070 semel
1365 2039 1514 2074 adversa
1532 2053 1658 2085 passus
1677 2049 1739 2076 est.
1794 2042 1895 2091 (Ant.
1912 2045 1965 2095 3.)
1988 2048 2079 2083 Cum
2098 2050 2170 2083 vir-

1160 2092 1217 2120 tus
1243 2088 1344 2121 omni
1369 2091 1479 2123 modo
1506 2089 1562 2126 his
1594 2094 1736 2129 duobus
1763 2103 1920 2139 constet,
1962 2108 2110 2147 sumptu
2135 2109 2170 2136 et

1159 2138 1300 2172 labore:
1346 2148 1490 2186 oportet
1518 2141 1593 2184 his,
1630 2145 1692 2191 qui
1717 2158 1797 2180 eam
1824 2146 1979 2193 habent,
2012 2154 2168 2198 gloriam

1159 2190 1318 2226 tribuere
1342 2205 1417 2227 non
1441 2194 1574 2230 invidis
1600 2198 1793 2233 mentibus.
1859 2200 1955 2236 Leve
1982 2205 2078 2239 enim
2104 2207 2168 2240 do-

1158 2254 1246 2276 num
1265 2250 1317 2278 est
1332 2246 1498 2290 sapienti,
1526 2260 1593 2292 pro
1609 2250 1719 2284 variis
1738 2251 1924 2288 laboribus
1940 2255 2073 2290 dicenti
2090 2258 2167 2291 lau-

1158 2295 1219 2328 des
1244 2296 1425 2332 celebrare
1451 2311 1644 2335 commune
1666 2302 1818 2338 bonum.
1887 2308 1966 2351 (Ep.
1995 2309 2046 2350 3.)
2074 2310 2166 2344 Aliis

202 1541 296 1590 (Str.
315 1545 367 1592 1.)
396 1545 517 1581 Mater
534 1561 614 1583 mea
633 1548 780 1594 Thebe,
811 1561 937 1592 tenens
959 1570 1110 1592 aureum

97 1593 277 1640 clypeum,
303 1602 408 1631 tuum
428 1611 520 1644 opus
537 1607 758 1647 anteponam
775 1606 855 1642 aliis
871 1609 1038 1654 negotiis,
1065 1623 1111 1644 ne
1137 1598 1141 1636 l

96 1643 188 1679 mihi
201 1658 329 1692 aspera
343 1647 454 1684 Delos
473 1662 694 1696 succenseat,
720 1656 759 1690 in
781 1671 853 1705 qua
874 1661 952 1695 sudi
971 1662 1111 1709 aliquid

96 1703 241 1742 gratum
262 1699 370 1734 bonis
395 1703 618 1746 parentibus.
685 1707 779 1742 Cede
805 1710 921 1746 insula
946 1714 1111 1759 Apollini

95 1748 233 1784 dicata:
269 1750 419 1797 iungam
442 1760 638 1802 utrumque
673 1759 908 1805 beneficium,
944 1764 1024 1799 Deo
1055 1766 1110 1800 iu—

94 1807 224 1843 vante,
260 1800 362 1847 (Ant.
382 1804 432 1851 1.)
462 1812 496 1840 et
512 1806 698 1843 intonsum
715 1809 905 1848 Phoebum
923 1817 1109 1853 celebrans

93 1853 133 1886 in
148 1853 357 1889 circumflua
374 1855 446 1890 Ceo
464 1870 545 1892 cum
561 1860 750 1903 insulanis,
777 1871 811 1898 et
825 1865 949 1912 iugum
968 1866 1108 1910 Isthmi,

93 1911 290 1952 postquam
316 1919 377 1941 sex
400 1921 555 1945 coronas
579 1913 686 1946 dedit'
696 1917 867 1951 exercitui
886 1919 1036 1961 Cadmi,
1067 1934 1109 1954 ex

94 1958 353 1994 certaminibus
370 1961 477 1996 decus
494 1964 635 2007 patriae
661 1966 869 2011 victoriale,
898 1972 937 2004 in
955 1985 1024 2018 qua
1052 1972 1107 2006 in-

93 2009 277 2054 trepidum
295 2010 469 2047 Alcmena
486 2014 600 2050 filium
617 2020 779 2063 peperit,
823 2024 903 2066 (Ep.
923 2024 973 2066 1.)
998 2037 1105 2070 quem

93 2060 296 2096 timuerunt
320 2063 514 2110 Geryonae
547 2080 664 2104 canes.
733 2070 810 2116 Ego
842 2081 963 2109 autem
989 2076 1106 2110 Hero-

92 2113 181 2146 doto
203 2111 273 2148 hoc
296 2127 444 2150 carmen
468 2131 668 2163 apparam,
703 2124 840 2159 donum
865 2129 1007 2170 currui,
1043 2129 1106 2176 qui

91 2161 254 2200 habenas
276 2167 350 2202 suis
373 2170 542 2205 manibus
563 2173 675 2215 rexit,
703 2176 786 2210 volo
804 2190 886 2212 eum
906 2181 1104 2226 adiungere

93 2215 237 2251 Castori
260 2219 318 2252 vel
340 2218 454 2255 Iolao.
515 2222 563 2256 Hi
586 2225 681 2259 enim
708 2234 743 2261 et
764 2228 803 2262 in
826 2229 1104 2268 Lacedaemone

92 2273 129 2302 et
167 2266 304 2304 Thebis
345 2272 493 2317 aurigae
536 2279 837 2320 praestantissimi
886 2285 963 2318 nati
1008 2293 1103 2327 sunt,

93 2321 185 2363 (εἶν’
209 2323 263 2364 2·)
291 2328 326 2356 et
358 2323 398 2356 in
432 2327 691 2365 certaminibus
715 2332 873 2376 Plurima
898 2337 996 2370 nacti
1020 2345 1104 2372 SUI]t
1156 2347 1312 2390 negotiis
1343 2349 1413 2382 alia
1438 2352 1600 2395 praemia
1630 2361 1731 2388 sunt:
1772 2358 1929 2401 pastori,
1970 2360 2163 2404 agricolae,

90 2373 266 2415 praemia.
319 2373 448 2420 Fulget
467 2378 562 2413 clara
580 2380 693 2416 virtus
709 2383 747 2418 in
767 2387 891 2422 stadiis
910 2389 999 2423 etin
1023 2402 1103 2424 cur-
1158 2400 1307 2444 aucupi,
1335 2401 1525 2445 piscatori:
1563 2402 1601 2438 hi
1630 2406 1787 2441 fructum
1811 2406 1907 2442 hunc
1936 2408 2091 2452 habent,
2123 2419 2164 2446 ut

90 2421 205 2458 sibus:
250 2428 352 2469 (Ant.
369 2427 425 2474 2)
452 2442 561 2476 quam
594 2433 737 2468 fortiter
767 2439 936 2475 manibus
968 2442 1101 2476 iacula-
1126 2465 1131 2520 Ι
1156 2451 1289 2484 famem
1313 2453 1514 2497 depellant;
1557 2458 1618 2491 sed
1642 2459 1757 2493 victor
1786 2461 1822 2493 in
1849 2463 2104 2497 certaminibus
2128 2470 2164 2497 et

90 2474 226 2510 bantur
261 2475 403 2521 hastas,
447 2488 481 2515 et
505 2483 621 2519 discos
648 2485 852 2524 iaciebant!
894 2492 979 2528 Non
1004 2495 1100 2529 enim
1158 2503 1306 2547 proeliis
1323 2502 1392 2538 hoc
1408 2507 1538 2552 accipit
1553 2511 1756 2554 praemium
1771 2539 1780 2553 ‚
1807 2519 1846 2546 ut
1866 2511 2010 2557 hymnis
2028 2515 2162 2549 civium

1159 2560 1193 2588 et
1207 2552 1391 2601 hospitum
1409 2558 1587 2596 laudetur.
1643 2565 1732 2605 (Str.
1745 2563 1795 2607 4.)
1817 2564 1931 2598 Nobis
1944 2572 2065 2600 autem
2076 2579 2162 2601 con-

1156 2607 1254 2641 venit
1271 2620 1336 2652 per
1352 2609 1445 2645 vices
1460 2611 1670 2657 Neptunum
1690 2615 1868 2649 celebrare
1880 2643 1888 2656 ‚
1917 2623 1952 2650 et
1969 2624 2049 2653 tuos
2067 2619 2160 2655 filios

129 2590 161 2622 1)
179 2591 256 2618 Haec
275 2595 352 2622 Odae
369 2598 533 2631 inscriptio.
554 2610 633 2633 quam
653 2605 737 2631 Editt.
755 2607 844 2639 1558..
865 2610 941 2637 1563.
963 2612 1100 2638 exhibent.

164 2630 297 2658 congruit
319 2638 381 2657 cum
405 2635 483 2660 Pind.
509 2638 595 2662 Editt.
620 2640 751 2668 Francof.
771 2643 863 2676 1542„
896 2646 984 2670 Basil.
1012 2648 1099 2677 1556..

161 2661 195 2684 Η.
215 2662 309 2703 Steph.
325 2667 419 2700 1566.‚
439 2676 510 2700 quae
531 2673 634 2698 habent
650 2673 790 2710 ιΠροδοτῳ
812 2678 939 2713 Θηβαίῳ;
966 2681 993 2705 in
1012 2679 1098 2708 Editt‘.
1124 2683 1127 2714 ξ
1155 2691 1285 2694 V*“*‘
1353 2692 1361 2696 ·

160 2695 294 2722 Bueckhn
319 2702 347 2724 et
370 2703 499 2737 Bergkii,
532 2709 615 2738 atque
642 2709 670 2734 in
695 2711 770 2736 iuius
797 2715 824 2737 et
849 2715 954 2746 lieynii
980 2717 1095 2749 interpr.
1206 2748 1210 2751 χ
1453 2750 1458 2755 .

159 2729 273 2757 additur
290 2740 346 2758 vox
366 2733 486 2770 ἅρματι,
504 2748 598 2768 curru
1121 2717 1126 2781 l
1185 2749 1216 2780 2)
1238 2750 1415 2783 Therapnen]
1435 2758 1476 2777 sic
1496 2752 1546 2778 Ed.
1564 2753 1657 2785 1555.;
1677 2754 1727 2778 Ed.
1750 2754 1829 2781 1563.
1848 2755 2029 2788 Therapnem.

90 2769 275 2806 meffl.
299 2775 406 2809 OrEn.
432 2781 516 2814 Vor.
540 2783 629 2816 XIX.
1591 2796 1636 2830 17
