2341 2973
748 123 870 159 PHIL.
909 121 1022 157 MEL.
1055 121 1258 156 SCRIPTA
1286 120 1625 158 PHILOLOGICA.

163 132 233 169 251
2147 127 2223 164 252

164 227 199 253 et
223 217 344 252 blandi
368 225 551 250 sermones
574 212 710 252 dolosi,
752 218 785 245 et
814 211 1013 244 maleficum
1042 208 1163 242 convi-
1189 238 1192 251 ,
1217 215 1276 242 tur
1301 209 1438 242 cladem
1460 209 1644 243 festinavit
1664 207 1722 242 hic
1745 210 1940 249 exercitus,
1982 223 2064 245 cum
2100 214 2220 248 aeneis

164 272 256 305 cium
271 296 279 309 ,
310 268 407 314 quod
434 266 544 299 laedit
566 269 806 311 praestantes,
839 261 1013 305 ignobiles
1037 261 1165 294 leviter
1189 253 1192 300 ¹
1217 261 1327 294 armis
1345 266 1378 294 et
1397 260 1508 306 equis.
1562 260 1608 306 ⁴In
1630 261 1719 306 ripis
1745 268 1865 295 autem
1890 260 2022 295 Ismeni
2043 263 2218 307 impedito

164 328 275 355 curat.
324 320 416 365 (Str.
434 317 486 364 3.)
510 317 594 352 Non
611 316 656 351 sit
674 313 761 349 mi'ni
779 314 859 348 talis
878 325 973 352 mos;
1003 313 1063 347 sed
1080 312 1164 347 sizn-
1188 312 1192 346 Ξ

163 373 315 418 plicibus
341 371 407 405 viis
432 370 526 403 vitae
553 368 753 413 ingrediar,
798 372 832 399 et
866 365 1017 399 mortuis
1041 365 1164 398 liberis
1189 351 1191 384 ¹

164 425 366 469 relinquam
387 422 558 467 gloriam,
596 432 660 453 nec
681 419 774 452 mala
799 430 857 450 me
881 418 976 450 fama
998 417 1163 461 attingat.

163 476 234 510 Alii
253 486 400 513 aurum,
434 473 495 505 alii
518 473 608 505 latos
635 482 780 515 campos
806 475 950 514 optant;
986 481 1050 513 ego
1077 480 1162 501 vero

165 534 250 573 opto
277 539 333 559 me
358 526 555 570 placentem
581 522 717 556 civibus
742 521 857 561 mori,
899 527 934 554 et
955 521 1162 554 laudantem
1189 485 1192 568 Ι

163 577 332 617 honesta,
359 583 393 610 et
410 576 674 620 vituperantem
694 573 824 617 turpia.
881 570 980 616 (Ant.
998 572 1050 619 3.)
1080 571 1164 605 Cre—

163 631 228 665 scit
245 636 362 663 autem
379 627 491 660 virtus
509 626 662 659 exaltata
681 625 770 658 iuste
788 637 807 657 a
824 624 1056 668 sapientibus,
1073 623 1165 657 sicut
1189 663 1192 677 ι

164 684 272 715 arbor
292 679 398 712 viridi
416 691 497 711 rore
513 678 557 711 ad
576 677 752 723 liquidum
773 688 891 709 aerem
909 676 1034 720 surgit.
1070 675 1163 709 Usus
1189 679 1192 743 ¹

164 740 283 767 autem
308 730 493 774 multiplex
519 735 570 763 est
595 729 813 765 amicorum;
849 727 1003 760 maxime
1023 739 1108 760 vero
1126 727 1164 759 in

164 783 329 830 periculis
346 793 491 815 cernere
509 780 715 814 fidelitatem
735 780 780 813 ob
799 780 920 812 oculos
938 779 1039 812 dulce
1056 784 1118 812 est.

266 835 383 868 Tuam
422 845 506 866 vero
543 833 725 870 animam,
768 843 788 863 o
825 830 950 874 Mega,
993 831 1163 863 reducere

164 888 244 934 (Ep.
263 886 316 931 3.)
345 883 432 918 mihi
457 897 531 918 non
559 890 610 918 est
635 882 823 928 possibile,
866 894 905 914 ac
935 881 1060 915 inanes
1084 893 1164 925 spes

163 938 299 973 habent
317 937 463 970 stultum
481 936 633 973 exitum;
669 935 729 968 sed
753 941 833 967 tuae
855 933 994 978 patriae
1019 939 1052 966 et
1072 931 1164 966 Cha·
1189 942 1192 991 Ι

165 991 277 1024 riadis
301 990 453 1022 fundare
471 987 646 1020 Musicam
674 986 879 1019 columnam
904 986 1055 1018 arduam
1080 996 1163 1028 pro-
1189 993 1192 1029 Ι

164 1049 244 1087 pter
263 1040 430 1074 victorias
449 1040 486 1071 in
505 1051 609 1072 cursu
635 1044 802 1083 quatuor.
858 1036 1007 1070 Gaudeo
1031 1042 1164 1076 autem,

164 1093 310 1127 mittens
327 1090 544 1125 conveniens
562 1095 815 1122 ornamentum
834 1087 947 1132 operi.
977 1087 1070 1122 Nam
1089 1099 1164 1120 car-

165 1145 261 1178 mine
280 1144 383 1177 labor
400 1143 437 1175 fit
452 1148 585 1186 gratus.
646 1140 761 1174 Erant
776 1138 903 1185 hymni
929 1146 963 1172 et
986 1139 1164 1172 laudatio-
1189 1153 1193 1190 ¹

167 1209 227 1231 nes
246 1196 352 1229 etiam
371 1194 455 1228 olim
477 1200 558 1226 ante
576 1192 719 1226 Adrasti
737 1189 1039 1224 etTliebanorum
1058 1191 1164 1223 bella.
1190 1191 1193 1232 ζ

1190 1238 1192 1256 Ι

573 1293 663 1334 ode
685 1292 763 1333 lx.
1190 1260 1193 1324 Ι

447 1370 528 1404 Chr
538 1381 555 1402 ο
565 1381 595 1402 m
607 1370 642 1402 io
669 1371 820 1402 Aetnaeo
833 1366 893 1412 21).

1190 1325 1193 1361 Ι

1190 1378 1194 1425 Ι

271 1446 362 1492 (Str.
380 1445 430 1492 1.)
446 1444 580 1478 Ibimus
597 1450 779 1477 cantatum
798 1444 841 1476 ab
859 1442 1026 1487 Apolline
1043 1442 1166 1487 Sicyo·

167 1500 248 1539 nio,
285 1498 430 1538 Musae,
473 1498 518 1530 ad
546 1497 781 1530 instauratam
806 1496 982 1535 Aetnam,
1016 1493 1079 1527 ubi
1104 1505 1166 1538 pa-

167 1557 242 1586 tent
259 1552 353 1584 fores
369 1547 570 1593 hospitibus
586 1547 801 1592 completae,
830 1547 875 1579 ad
890 1547 1038 1579 domum
1052 1543 1165 1578 Chro—

166 1603 243 1637 mii.
296 1601 434 1646 Exigite
455 1601 562 1644 igitur
588 1600 727 1632 dulcem
753 1596 928 1643 hymnum
951 1597 1166 1637 carminum,

168 1660 316 1700 propter
346 1653 518 1685 xictorem
542 1650 650 1684 matri
674 1656 707 1683 et
730 1649 881 1693 geminis
904 1648 1096 1689 fratribus,
1132 1654 1167 1681 et

167 1704 428 1752 spectatoribus
455 1704 547 1736 altae
571 1700 759 1747 Pythonis.
827 1700 918 1745 (Sir.
936 1698 989 1746 2.)
1016 1698 1080 1734 Est
1104 1711 1165 1733 au-

167 1766 237 1792 tem
256 1768 374 1790 sermo
394 1754 604 1794 hominum,
632 1766 707 1786 non
733 1752 945 1786 occultanda
972 1764 1045 1786 esse
1067 1764 1165 1796 egre-

166 1810 221 1855 gia
245 1810 350 1842 sacta.
418 1807 488 1840 Sed
515 1805 681 1849 congruit
705 1816 850 1837 carmen
875 1801 1034 1837 honestis
1061 1815 1165 1847 argu-

167 1861 308 1895 mentis.
378 1859 445 1893 Sed
471 1870 535 1903 per
561 1857 654 1890 vices
679 1854 853 1889 citharam
879 1862 913 1888 et
937 1855 1062 1888 tibiam
1089 1868 1164 1888 mo-

168 1924 331 1951 veamus,
361 1923 451 1956 quae
468 1916 550 1944 sunt
566 1910 653 1942 fines
672 1907 890 1954 equestrium
915 1907 1165 1946 certaminum,

168 1976 260 2011 quae
282 1961 430 1996 Phoebo
455 1960 575 2006 posuit
597 1961 771 1994 Adrastus
796 1960 840 1992 ad
858 1959 971 2003 Asopi
995 1958 1164 1992 fluvium:

168 2027 323 2062 quorum
351 2026 414 2058 ego
445 2025 602 2053 memor,
644 2023 775 2055 magno
808 2009 946 2044 honore
977 2010 1165 2043 celebrabo

167 2068 381 2105 Adrastum,
409 2066 500 2109 (Str.
518 2065 571 2110 3.)
600 2063 662 2110 qui
688 2075 842 2107 regnans
866 2062 903 2095 in
921 2062 1093 2107 Sicyone,
1129 2061 1166 2094 in

167 2119 263 2153 festis
284 2124 317 2150 et
335 2122 437 2150 coetu
453 2116 599 2149 fortium
625 2115 785 2148 virorum
811 2121 846 2147 et
871 2114 1034 2148 curribus
1060 2124 1166 2146 orna-

168 2172 229 2204 bat
254 2169 391 2203 urbem.
448 2167 622 2210 Fugiebat
646 2167 740 2200 enim
767 2164 1031 2211 Amphiaraum
1056 2165 1166 2198 auda-

169 2235 266 2260 cem,
310 2227 342 2253 et
367 2219 578 2253 seditionem
606 2218 840 2252 domesticam
876 2229 918 2250 ex
941 2216 1060 2260 Argo;
1102 2228 1167 2249 nec

169 2279 273 2307 erant
293 2270 433 2305 domini
458 2269 521 2303 filii
542 2270 645 2302 Talai
668 2270 843 2304 seditione
869 2267 1043 2313 oppressi.
1097 2267 1166 2301 Sed

168 2325 269 2359 litem
297 2323 398 2357 sedat
423 2321 480 2354 vir
504 2321 655 2362 melior,
697 2322 790 2367 (Str.
807 2320 860 2368 4.)
889 2320 945 2354 cui
968 2319 1066 2353 dedit
1087 2318 1167 2352 Eri-

170 2375 303 2422 phylen
337 2373 525 2417 coniugem
557 2379 730 2418 tanquam
762 2373 864 2406 fidele
890 2372 1019 2416 pignus
1045 2371 1166 2405 amici-

169 2429 254 2462 tiae.
296 2426 436 2460 Deinde
455 2425 499 2457 ad
519 2422 663 2458 Thebas
682 2425 861 2457 duxerunt
879 2423 1072 2457 exercitum
1092 2435 1166 2456 non

169 2478 292 2512 faustis
311 2475 496 2521 auspiciis;
524 2488 589 2509 nec
606 2474 741 2520 Iupiter
757 2476 876 2520 fulgur
895 2476 1003 2509 edens
1022 2474 1167 2520 impulit

170 2542 213 2563 ex
235 2531 344 2563 domo
369 2529 496 2562 stultos
522 2529 738 2573 procedere,
772 2528 833 2561 sed
857 2527 976 2571 potius
1001 2527 1165 2560 omittere

170 2580 262 2615 hanc
279 2580 548 2625 prosectionem.
604 2578 695 2623 (Str.
714 2576 766 2623 5.)
786 2579 842 2612 Ad
860 2578 1085 2612 manifestam
1103 2578 1166 2622 igi-

206 2682 254 2712 21)
275 2681 319 2703 Sic
339 2682 405 2705 haec
424 2681 480 2705 Ode
509 2682 532 2705 in
554 2682 638 2705 mitt.
652 2682 746 2712 1558.,
774 2680 849 2704 1563.
879 2682 921 2704 est
949 2680 1100 2710 iuscripta:
1139 2680 1164 2703 in

241 2716 366 2739 omnihus
391 2718 482 2739 autem
503 2717 613 2740 Pindari
635 2716 718 2741 Editt.
741 2722 758 2740 a
783 2722 824 2740 me
843 2715 951 2740 collatis
970 2716 1036 2739 haec
1057 2714 1166 2739 nomina

241 2750 421 2780 subsequitur
441 2757 493 2775 vox
513 2748 634 2782 ἅρματι,
659 2757 759 2776 curru.

1190 1364 1193 1374 .
1219 1344 1354 1384 aciem,
1398 1345 1563 1379 manibus
1593 1351 1628 1378 et
1660 1344 1822 1378 consilio.

1217 312 1335 346 reditu
1352 312 1647 357 pinguesecerunt
1662 313 1799 346 fumum
1813 339 1823 353 ,
1851 313 1934 359 quia
1952 320 2088 358 septem
2107 327 2218 360 pyrae

1216 366 1384 398 robustos
1406 364 1503 397 viros
1530 365 1819 409 absumpserunt.
1880 364 1947 398 Sed
1972 363 2108 410 Iupiter
2132 367 2219 399 Am-

1217 415 1368 461 phiarao
1403 415 1553 450 fulmine
1589 415 1711 450 divisit
1744 422 1899 456 terram,
1945 423 1985 450 ut
2021 429 2102 450 eum
2136 430 2217 452 cum

1218 468 1317 514 equis
1336 465 1439 501 hiatu
1458 467 1696 512 absorpserit,
1733 467 1825 515 (Str.
1845 468 1898 515 6.)
1925 467 2136 514 priusquam
2154 467 2218 502 ba-

1217 526 1269 553 sta
1297 519 1538 564 Periclymeni
1571 531 1758 564 percussus
1788 521 1997 564 pudefieret.
2061 519 2155 554 Nam
2180 520 2217 553 in

1217 571 1350 605 divinis
1366 571 1564 604 terroribus
1582 571 1723 616 fugiunt
1738 570 1844 604 etiam
1864 570 2026 605 Deorum
2050 572 2126 606 filii.
2179 572 2218 605 Si

1216 623 1293 656 fieri
1318 623 1449 667 possit,
1481 621 1635 667 Iupiter,
1676 634 1904 666 congressum
1929 636 2009 656 cum
2025 621 2218 657 Phoenici-

1217 675 1282 708 bus
1315 676 1358 708 de
1385 675 1456 707 vita
1483 680 1517 707 et
1541 680 1658 708 morte
1681 686 1789 720 quam
1815 674 2021 719 longissime
2052 687 2216 712 remove;

1218 726 1355 760 tribuas
1382 732 1501 760 autem
1534 726 1595 759 diu
1625 726 1860 772 tranquillam
1896 726 2009 759 vitam
2035 726 2216 766 Aetnaeis,

1218 778 1310 823 (Str.
1327 777 1380 823 7.)
1409 784 1443 811 et
1459 779 1502 811 da
1522 778 1658 822 populo
1676 778 1862 812 laetitiam.
1921 778 2012 811 Sunt
2037 778 2133 811 enim
2164 778 2214 810 ibi

1218 830 1376 875 equites,
1404 836 1438 862 et
1462 830 1524 875 qui
1540 827 1673 863 habent
1691 836 1848 869 mentes,
1883 842 1975 875 quae
1999 829 2217 863 antecellunt

1218 881 1363 915 divitiis.
1431 880 1522 915 Dico
1558 893 1632 915 rem
1667 881 1927 915 incredibilem.
1991 880 2216 914 Verecundia

1217 932 1314 966 enim
1328 933 1428 967 lucro
1446 933 1657 978 expellitur,
1686 946 1777 978 quae
1802 932 1952 977 gloriam
1981 932 2085 966 affert
2102 930 2216 966 Chro-

1219 984 1303 1018 mio.
1364 984 1457 1018 Nam
1481 985 1542 1030 qui
1567 986 1634 1018 suit
1654 985 1755 1019 miles
1780 985 1854 1019 eius
1877 984 1914 1017 in
1940 984 2087 1029 proeliis
2110 985 2218 1029 pede-

1218 1036 1349 1069 stribus
1372 1043 1406 1068 et
1431 1037 1654 1081 equestribus
1680 1043 1714 1069 et
1737 1036 1946 1076 navalibus,
1983 1036 2101 1080 potuit
2123 1036 2216 1069 iudi-

1220 1099 1298 1120 care
1324 1099 1455 1131 magna
1478 1088 1584 1121 fuisse
1608 1088 1765 1132 pericula
1793 1099 2018 1132 pugnarum,
2054 1087 2145 1132 (Str.
2163 1087 2215 1132 8.)

1220 1139 1303 1184 quia
1322 1138 1359 1171 in
1375 1138 1476 1172 bellis
1492 1139 1551 1172 illa
1571 1139 1647 1172 Dea
1663 1138 1889 1172 verecundia
1906 1145 2025 1172 armat
2041 1138 2117 1172 eius
2139 1138 2215 1171 ani-

1220 1203 1317 1223 mum
1351 1190 1580 1231 bellicosum,
1628 1197 1668 1224 ut
1702 1202 1844 1235 pugnae
1880 1190 2015 1223 malum
2049 1190 2216 1234 depellat.

1218 1242 1329 1275 Pauci
1347 1248 1465 1275 autem
1492 1249 1643 1286 possunt
1664 1248 1852 1287 praesente
1877 1242 1983 1275 caede
2006 1241 2217 1281 deliberare,

1220 1294 1404 1338 quomodo
1441 1300 1605 1327 avertant
1640 1294 1772 1327 nubem
1792 1320 1802 1333 ,
1849 1293 2016 1327 videlicet
2049 1291 2217 1327 hostilem

1886 1344 2028 1378 Dicitur
2053 1343 2217 1377 Hectoris

1219 1396 1333 1439 gloria
1357 1395 1518 1430 floruisse
1544 1397 1588 1429 ad
1614 1395 1894 1434 Scamandrum
1934 1395 1995 1429 sed
2018 1407 2133 1440 prope
2161 1406 2218 1428 ar-

1219 1449 1308 1481 duas
1324 1448 1421 1492 ripas
1441 1447 1584 1488 Helori,
1613 1449 1705 1492 (Str.
1721 1447 1774 1493 9.)
1798 1447 1859 1481 ubi
1886 1446 2079 1480 nominant
2101 1445 2219 1480 homi-

1219 1511 1281 1533 nes
1298 1499 1425 1533 Martis
1442 1499 1650 1539 traiectum,
1678 1499 1738 1533 lux
1755 1499 1900 1532 emicuit
1911 1496 2076 1532 Chromii
2091 1498 2129 1531 in
2145 1498 2217 1543 pri-

1220 1563 1278 1583 ma
1296 1550 1453 1585 iuventa.
1515 1550 1641 1583 Dicam
1661 1551 1732 1584 alio
1751 1557 1914 1595 tempore
1932 1550 2001 1583 alia
2020 1550 2095 1584 eius
2113 1550 2218 1590 facta,

1220 1602 1257 1635 in
1274 1608 1367 1635 terra
1386 1608 1420 1635 et
1435 1602 1473 1635 in
1489 1602 1592 1635 mari.
1654 1601 1707 1635 Ex
1723 1602 1908 1636 laboribus
1925 1601 2026 1636 iustis
2040 1602 2078 1634 in
2094 1601 2218 1635 iuven-

1220 1660 1312 1694 tute,
1340 1655 1379 1687 fit
1394 1653 1565 1688 senectuti
1582 1654 1762 1697 placidum
1782 1666 1924 1688 aevum.
1976 1652 2072 1686 Sciat
2093 1665 2129 1687 se
2156 1665 2218 1686 na-

1220 1712 1315 1739 ctum
1335 1718 1408 1739 esse
1427 1718 1444 1738 a
1463 1705 1540 1738 Deo
1560 1705 1818 1738 beatitudinem
1831 1732 1840 1746 ‚
1867 1703 1959 1750 (Str.
1978 1705 2055 1750 10.)
2072 1705 2134 1751 qui
2155 1702 2219 1738 ha-

1219 1758 1278 1790 bet
1296 1769 1375 1790 cum
1402 1757 1537 1791 divitiis
1560 1756 1726 1800 gloriam.
1786 1757 1879 1792 Nam
1904 1757 2118 1791 mortalibus
2144 1768 2221 1789 non

1220 1808 1448 1849 conceditur,
1493 1809 1601 1842 aliam
1637 1809 1818 1853 speculam
1853 1808 2004 1853 pedibus
2031 1808 2219 1852 attingere.

1220 1860 1540 1906 Tranquillitatem
1561 1867 1685 1893 amant
1705 1861 1889 1900 convivia,
1917 1866 1951 1893 et
1966 1871 2090 1893 recens
2109 1861 2218 1892 victo-

1219 1912 1272 1945 ria
1292 1912 1417 1945 crescit
1435 1911 1535 1945 molli
1560 1912 1750 1946 cantilena.
1810 1910 1890 1944 Vox
1915 1917 1966 1945 est
1990 1911 2027 1944 in
2050 1911 2217 1944 convivio

1220 1963 1469 1998 confidentior.

1322 2015 1463 2060 Aliquis
1494 2014 1662 2047 infundat
1692 2010 1819 2058 hymni
1853 2011 2103 2047 inchoator-em
2131 2013 2219 2047 cali-

1220 2079 1310 2107 cem,
1334 2067 1426 2112 (Str.
1440 2065 1515 2112 11.)
1531 2071 1566 2098 et
1583 2064 1759 2109 argenteis
1780 2062 1909 2109 phialis
1924 2065 2050 2100 vinum
2068 2065 2220 2100 circum-

1219 2120 1333 2157 ferat,
1360 2129 1448 2163 quas
1471 2116 1554 2162 equi
1577 2116 1845 2161 acquisiverunt
1865 2114 2061 2158 Chromio,
2095 2123 2130 2150 et
2153 2117 2220 2150 mi-

1219 2175 1343 2204 serunt
1359 2168 1519 2213 Apollini
1536 2180 1616 2201 cum
1641 2168 1783 2202 coronis
1807 2180 1848 2201 ex
1865 2168 2031 2215 Sicyone.
2083 2167 2220 2214 Iupiter

1219 2222 1345 2261 facito,
1381 2227 1421 2253 ut
1445 2219 1618 2253 celebrem
1644 2217 1737 2253 hanc
1762 2219 1931 2254 virtutem
1964 2233 2044 2255 cum
2070 2220 2219 2261 Gratiis,

1221 2280 1255 2307 et
1270 2284 1377 2318 super
1394 2271 1525 2305 multas
1539 2271 1706 2306 victorias
1721 2271 1925 2317 praedIcem
1950 2285 2029 2306 eam
2051 2272 2218 2306 carmini-

1220 2326 1304 2364 bus,
1333 2323 1492 2357 iaculans
1510 2322 1673 2367 proxime
1689 2325 1734 2357 ad
1751 2336 1898 2369 scopum
1919 2324 2118 2359 Musarum.

1629 2418 1720 2460 Ode
1748 2418 1803 2461 X.

1492 2495 1675 2535 Theaeo,
1705 2492 1779 2536 filio
1809 2492 1948 2537 Uliiffi).

1324 2560 1415 2607 (Str.
1435 2562 1485 2606 1.)
1515 2562 1633 2595 Danai
1656 2562 1802 2600 urbem,
1831 2559 2091 2606 quinquaginta
2116 2559 2215 2604 puel-

1219 2613 1334 2645 larum
1356 2614 1600 2655 domicilium,
1627 2613 1741 2658 Argos
1756 2611 1903 2646 Iunonis
1928 2612 2098 2651 domum,
2127 2611 2214 2644 cele-

1253 2713 1300 2743 22)
1322 2713 1369 2737 sic
1388 2715 1453 2738 haec
1468 2715 1526 2738 Ode
1546 2714 1682 2743 inscripta
1701 2715 1744 2736 est
1764 2712 1790 2735 in
1806 2712 1889 2736 Editt.
1905 2712 1997 2740 1558.‚
2020 2712 2111 2740 ¹56³.;
2137 2711 2213 2735 Pina.

1289 2748 1371 2772 Editt.
1393 2749 1520 2773 Francos.
1544 2749 1634 2779 ¹542,
1669 2747 1751 2773 Basit.
1773 2747 1865 2774 1556..
1902 2747 1932 2770 Η,
1953 2747 2046 2776 steph.
2069 2745 2142 2770 1566.
2163 2745 2213 2769 tia-
