2421 3005
95 140 167 177 153

93 229 174 263 Cito
202 226 372 260 deficiunt
396 226 489 260 vires
514 225 552 258 in
578 226 779 264 aerumnis;
817 225 894 270 (Vs.
913 224 1017 270 914.)
1041 232 1103 259 aut
1127 240 1131 274 ξ

91 279 257 314 hilariter
273 278 406 312 faciens
421 290 555 322 paucos
576 278 729 312 labores.

199 330 355 374 Gorgias
395 330 657 374 interrogatus,
709 331 773 375 qui
803 329 1025 374 pervenisset
1057 330 1102 362 ad

94 389 233 417 tantam
261 388 414 415 aetatem
448 381 580 415 scilicet
609 394 788 415 annorum
817 381 913 422 104,
954 393 1103 426 respon-

93 435 165 468 dit:
209 431 310 468 Nihil
334 435 468 467 faciens
494 433 640 468 alterius
665 446 781 468 causa.
850 433 933 468 Non
960 439 1011 467 est
1038 430 1103 465 hu-

93 498 202 520 mana
222 498 312 525 vox,
339 485 369 518 si
385 483 477 518 nihil
495 486 563 519 nisi
579 485 649 533 {sua
675 498 778 519 causa
807 485 910 526 facit,
943 485 1018 532 ᾧαΐ
1040 494 1104 520 nut
1130 489 1131 493 ’

93 539 147 575 ein
178 542 238 584 gut
268 537 359 573 leben
388 537 525 584 gebabt3
560 537 642 583 quia
669 550 734 571 nos
762 550 884 571 sumus
911 538 988 570 nati
1011 536 1104 577 Deo,

92 590 254 636 patriae,
282 590 466 624 communi
483 590 656 624 societati.
700 588 854 622 Dilectio
872 589 1013 635 quaerit
1028 601 1104 622 non

94 654 189 688 quae
205 653 267 675 sua
285 647 380 676 sunt.
434 640 510 674 lmo
528 641 668 676 etiamsi
691 641 759 674 dici
784 647 903 685 potest
927 639 1017 681 hoc,
1050 647 1104 673 ta-

94 705 179 727 men
192 705 268 726 non
285 693 335 727 fit.
389 691 467 726 Imo
487 693 539 726 illi
557 693 624 738 ipsi
641 699 724 728 sunt
742 704 848 737 saepe
868 693 1048 737 mancipia
1070 698 1105 725 et

93 745 188 780 servi
205 745 405 790 turpissimi
423 745 647 790 voluptatum
669 751 703 778 et
725 742 915 778 hominum
942 743 1104 789 turpissi-

94 809 261 838 morum,
287 797 517 830 meretricum
536 803 569 830 et
589 797 743 831 aliorum
768 794 874 830 nihili
900 794 1103 830 hominum.

199 857 276 892 Vss.
295 857 526 894 915—919.
555 857 658 899 Vidi,
696 857 758 903 qui
782 869 971 903 nunquam
996 857 1105 890 dabat

95 909 214 944 cibum
230 909 416 943 liberalem
435 909 573 951 ventri,
602 916 635 943 et
660 910 871 955 priusquam
901 909 1104 943 accumula-

93 962 177 1002 bat,
214 968 390 1007 quantum
416 962 580 1003 volebat,
615 961 818 1002 descendit,
847 962 883 994 id
902 967 974 1002 est,
1006 973 1104 994 mor-

94 1020 177 1048 tuus
195 1019 265 1052 est;
300 1013 470 1058 pecunias
495 1026 581 1048 vero
605 1014 759 1059 accepit,
795 1013 1001 1059 quicunque
1025 1013 1105 1053 fuit,

93 1066 240 1110 ignotus
267 1065 419 1112 aliquis,
456 1072 496 1100 ut
520 1067 742 1100 laboraverit
763 1065 961 1105 inutiliter,
1007 1071 1041 1098 et
1065 1071 1105 1098 ut

94 1129 171 1151 non
192 1118 315 1158 daret,
350 1118 405 1152 cui
428 1116 575 1166 vellet,]
611 1119 646 1152 id
675 1125 746 1157 est,
782 1130 856 1150 non
884 1117 1105 1163 relinqueret

94 1167 352 1203 haereditatem
366 1196 375 1210 ,
403 1170 461 1203 cui
478 1170 595 1203 vellet.

197 1228 276 1263 Vss.
300 1229 373 1264 921
399 1242 451 1275 sq.
492 1229 691 1274 Dissipaxit
716 1229 904 1274 pecuniam
936 1235 970 1262 et
999 1228 1104 1261 dixit:

97 1280 253 1315 Discedo
270 1280 423 1321 inferne,
441 1281 590 1315 inferius
608 1282 718 1315 subeo
737 1279 979 1326 sepulchrum.
1007 1278 1105 1314 ὑπά-

93 1345 195 1380 γειν,
222 1332 379 1368 cinfeten.
418 1331 611 1366 Oblectans
630 1333 789 1367 animum
811 1332 992 1365 mendicat
1009 1332 1105 1376 apud

95 1395 233 1418 omnes.
818 1399 823 1401 >

198 1443 277 1478 VSS.
295 1442 526 1480 923-928.
555 1444 632 1477 Hoc
651 1451 702 1478 est
721 1445 898 1489 optimum
929 1445 972 1477 de
1000 1455 1105 1487 pecu-

95 1495 166 1529 niis
195 1502 360 1541 sumptus
388 1508 524 1541 ponere
551 1504 584 1529 et
607 1494 740 1530 habere
764 1496 1106 1535 considerationem,

93 1548 131 1581 id
145 1554 219 1589 est,
247 1547 549 1582 considerandum
568 1555 640 1588 est,
668 1549 729 1581 ubi
749 1561 895 1593 parcas,
924 1554 957 1581 et
975 1548 1035 1581 ubi
1055 1547 1106 1580 fa-

95 1599 168 1634 cias
196 1606 373 1645 sumptus.
441 1600 477 1634 Si
510 1601 710 1634 servaveris
742 1602 912 1640 modum,
955 1612 1031 1634 non
1067 1605 1106 1632 tu

96 1663 203 1696 egens
223 1651 434 1696 praebueris
458 1652 562 1685 alteri
589 1652 812 1693 molestiam,
858 1664 976 1698 neque
1006 1664 1106 1685 men-

96 1703 220 1736 dicans
253 1715 410 1738 accerses
442 1704 507 1736 tibi
543 1705 773 1745 servitutem,
809 1704 985 1750 (Mendici
1016 1705 1107 1737 fiunt

97 1754 247 1799 obligati
265 1754 355 1796 illis,
385 1767 402 1788 a
421 1756 550 1801 quibus
567 1756 775 1801 accipiunt.)
804 1769 922 1802 neque
950 1768 1029 1789 cum
1055 1768 1107 1789 se-

95 1813 220 1841 nectus
238 1807 379 1847 veniat,
408 1807 611 1852 effugerint.
650 1807 697 1841 Ut
712 1820 808 1841 nunc
827 1815 899 1848 est,
927 1807 1105 1852 optimum

95 1857 230 1893 habere
248 1859 452 1904 pecuniam.

201 1917 281 1953 Vss.
307 1918 382 1955 929
399 1932 477 1966 sqq.
525 1918 623 1965 Effi)
655 1917 725 1965 μὲν
757 1915 849 1967 γὰρ]
887 1919 992 1952 Multi
1026 1925 1109 1952 sunt

98 1970 206 2005 amici
238 1971 447 2005 divitiarum
480 1978 544 2006 etc.

98 2029 150 2058 est
173 2029 240 2057 etc.

200 2082 279 2118 Vss.
298 2082 371 2117 931
391 2096 444 2130 sq.
472 2084 525 2119 Ne
542 2084 685 2130 quidem
704 2090 888 2117 mortuum
917 2084 1023 2117 deflet
1046 2083 1110 2116 ali-

99 2135 200 2182 quis,
227 2135 257 2170 si
272 2148 348 2169 non
366 2135 463 2170 videt
480 2134 739 2170 haereditatem
758 2136 948 2181 reliquam.

203 2195 281 2231 Vss.
301 2195 376 2231 953
391 2209 443 2243 sq.
472 2193 659 2244 Παύροις]
687 2196 741 2231 De
769 2195 1025 2230 coniunctione
1055 2195 1109 2228 vel

99 2250 144 2284 de
162 2248 393 2294 copulatione
411 2246 689 2294 pulchritudinis
707 2255 740 2283 et
758 2248 911 2282 virtutis.

240 2308 355 2334 Gratim·
374 2309 416 2333 eet
434 2309 548 2340 pulchro
567 2309 686 2334 veniens
706 2316 721 2334 e
740 2314 859 2341 corpore
877 2307 970 2332 virtus
982 2305 1028 2339 ⁷⁹).

100 2355 225 2389 Bonus
241 2351 385 2388 habitus
404 2354 587 2399 corporis,
613 2355 750 2389 bonum
770 2358 1111 2399 temperamentum,
1136 2382 1138 2387 ,

100 2408 218 2441 forma
231 2433 240 2447 ,
267 2412 351 2441 sunt
368 2406 464 2439 dona
482 2405 562 2440 Dei.
603 2404 708 2440 Bona
727 2411 1014 2452 temperamenta
1035 2415 1110 2437 ma-

103 2460 155 2504 gis
173 2465 324 2504 possunt
342 2458 517 2493 sustinere
536 2458 690 2492 labores.

139 2596 190 2625 78)
206 2595 257 2625 EI]
285 2596 325 2620 sic
350 2596 399 2620 Ed.
416 2595 491 2619 1560.
518 2597 545 2618 et
571 2595 691 2621 Theogn.
721 2593 801 2617 Editt
828 2591 1000 2622 antiquiores
1027 2598 1114 2621 supra

172 2639 197 2662 p.
221 2631 238 2654 5
255 2631 323 2655 -Β,
348 2631 469 2659 allatae,
497 2631 580 2660 atque
607 2629 689 2652 Editt.
712 2628 851 2657 Brunck.,
883 2627 992 2657 Gaisf.;

175 2666 283 2695 ncnc,
311 2665 410 2695 Bergk.
426 2662 489 2690 Ἦν.

139 2716 188 2745 79)
209 2716 255 2739 sic
273 2715 316 2739 hic
336 2721 437 2739 versus
458 2714 570 2744 Virgilii
589 2716 657 2738 Aen.
680 2714 714 2741 V,
733 2713 793 2737 344.
814 2712 841 2736 in
862 2712 911 2735 Ed.
929 2712 1004 2737 156⁰.
1033 2714 1060 2736 et
1087 2712 1113 2736 in
1139 2707 1143 2742 ζ

647 2749 671 2772 in
700 2749 747 2773 Ed.
771 2747 911 2777 WVagner.
939 2749 1030 2771 autem
1057 2747 1113 2771 sic:
1140 2750 1143 2771 ἔ

177 2752 300 2774 senecae
326 2750 407 2780 epist.
421 2750 464 2773 66.
491 2750 610 2779 legum-3

176 2785 290 2810 Gratior
311 2788 338 2809 et
358 2785 452 2815 pulcro
472 2784 589 2808 veniens
610 2784 635 2808 in
656 2789 772 2813 corpore
792 2782 891 2806 virtus.

483 137 670 175 LXXVIII.
722 135 1014 172 EXPLICATIO
1050 136 1437 172 SENTENTIARUM
1473 137 1780 173 THEOGNDIS.

1130 558 1131 581 i
1158 550 1298 588 ceptum
1321 546 1363 578 de
1383 545 1643 578 mediocritate.

615 1970 653 2004 ln
687 1971 803 2016 pretio
829 1971 984 2016 pretium
1013 1983 1109 2005 nunc
1134 1994 1136 1999 Α

1028 2627 1113 2650 Editt.
1140 2652 1141 2664 3

2092 139 2166 174 154

1261 224 1322 260 Vs.
1337 224 1424 260 935.
1454 224 1590 259 Omnes
1609 223 1792 258 honorant
1811 226 2013 270 praeditum
2036 225 2166 259 x‘irtute

1128 297 1131 321 f
1158 283 1191 309 et
1208 278 1408 321 praestanti
1426 275 1610 324 corpore]
1628 275 1692 310 Est
1710 289 1878 321 maguum
1900 284 2167 311 ornamentum.

1129 324 1131 351 ἶ
1157 329 1405 374 Οι’;ιῃ1“01υ580)
1423 330 1495 363 fere
1514 335 1587 362 tota
1602 328 1692 361 facie
1716 329 1898 362 eminebat
1922 342 2029 373 supra
2055 329 2168 374 impe-

1129 421 1131 432 <
1157 387 1314 413 ratorem
1330 409 1338 422 ‚
1377 389 1410 414 et
1432 381 1588 415 addebat
1617 380 1832 424 imperatori
1850 381 1986 426 aliquid
2005 381 2166 421 terroris,

1158 444 1237 465 cum
1261 435 1418 466 adstaret
1437 433 1504 478 ipsi
1523 439 1587 466 etc.
1643 432 1839 465 Coaetanei
1856 433 1987 465 cedunt
2005 433 2135 466 locum.

1261 492 1338 527 Vss.
1358 493 1431 527 939
1451 506 1529 539 sqq.
1569 491 1625 529 Οὐ
1651 490 1839 540 δύναμαι]
1870 492 2039 539 Sequitur
2067 505 2168 538 prae-

1707 543 1757 579 Tc>
1776 542 1900 591 παρὸν
1920 544 2087 593 στέργειν
2110 543 2169 580 εὐ-

1156 594 1338 631 τίθεσθαι
1357 594 1426 631 δεῖ.
1481 595 1519 629 Id
1537 603 1606 636 est,
1633 596 1762 630 sufficit
1778 608 1839 630 sua
1859 597 1929 629 diei
1951 596 2109 630 afflictio.

1262 656 1340 692 Vss.
1357 656 1432 690 939
1450 670 1501 702 sq.
1530 656 1613 691 Non
1632 669 1777 701 possum
1796 668 1923 690 canere
1949 657 2106 690 suaxiter
2132 662 2170 689 ut

1158 708 1330 748 luscinia,
1358 709 1407 741 ivi
1435 709 1557 753 priore
1578 715 1684 741 nocte
1713 709 1756 740 ad
1781 709 2004 741 convivalem
2034 708 2170 741 cantio-

1157 773 1253 794 nem.
1325 758 1582 805 Epicharmus:
1625 761 1692 794 Δεῖ
1716 762 1848 808 σιγᾶν,
1890 758 1983 795 ὅταν
2007 758 2170 807 παρέωσι

1157 809 1344 858 κάρῥονες.
1398 811 1436 845 Id
1457 818 1526 852 est,
1553 818 1696 856 oportet
1712 818 1828 844 tacere
1842 839 1849 849 ,
1878 812 1937 844 nbi
1959 813 2089 846 adsunt
2106 824 2170 856 po-

1130 890 1131 894 ,
1159 871 1280 898 tiores.

1262 924 1341 958 Vss.
1364 923 1436 959 941
1459 944 1510 950 —-
1528 923 1615 958 944.
1660 923 1784 970 Neque
1818 930 1899 957 utar
1931 923 2171 964 excusatione,

1159 978 1257 1023 quod
1276 976 1461 1010 tibicinem
1479 989 1554 1010 non
1575 974 1746 1012 habeam
1775 977 1858 1021 quia
1885 976 1953 1020 ipsi
1981 975 2171 1009 concinue-

1157 1035 1243 1063 runt
1269 1030 1312 1062 ad
1338 1028 1477 1063 tibiam.
1546 1028 1615 1061 Sed
1639 1028 1755 1062 socius
1781 1025 1871 1060 mihi
1895 1029 2012 1067 deest,
2049 1027 2082 1060 id
2109 1034 2173 1067 est,

1159 1080 1203 1126 id)
1220 1082 1275 1116 bin
1292 1080 1377 1126 nicbt
1396 1080 1514 1126 Iustig,
1543 1080 1588 1124 id)
1608 1080 1673 1125 bah
1691 1081 1818 1115 meinen
1837 1079 1986 1124 (Siesessen
2005 1080 2106 1125 nicht.
2136 1079 2171 1112 id

1160 1139 1231 1173 est,
1272 1145 1347 1165 non
1382 1132 1529 1177 ignarus
1560 1132 1646 1165 artis
1678 1144 1792 1177 prope
1826 1132 2009 1165 tibicinem
2043 1143 2168 1164 canam

1160 1192 1256 1219 stans
1286 1185 1330 1217 ad
1352 1185 1535 1224 dextram,
1578 1184 1698 1218 dicens
1727 1184 1971 1228 precationem
1999 1183 2097 1222 Diis,
2136 1183 2171 1214 id

1160 1243 1230 1276 est,
1258 1249 1385 1269 canam
1404 1236 1647 1269 mediocriter.
1674 1262 1690 1265 -

1594 1303 1719 1337 XLVll
1725 1329 1733 1338 .

1265 1364 1343 1399 Vss.
1363 1363 1438 1399 945
1459 1378 1511 1410 sq.
1541 1364 1644 1397 Vado
1674 1365 1868 1398 secundum
1900 1365 2082 1407 regulam,
2119 1375 2173 1396 re—

1161 1424 1252 1449 ctam
1272 1417 1367 1449 viam
1388 1417 1425 1450 in
1447 1423 1612 1450 neutram
1641 1423 1779 1461 partem
1806 1413 2016 1463 inclinans]
2048 1414 2084 1448 ld
2110 1421 2173 1455 est,

1160 1469 1242 1501 vivo
1261 1469 1371 1508 inste,
1400 1481 1474 1501 non
1492 1469 1627 1501 inclino
1645 1469 1689 1500 ad
1707 1468 1891 1501 factiones.

1263 1528 1340 1562 Vss.
1360 1527 1595 1563 946-948,
1625 1528 1782 1573 Oportet
1801 1540 1855 1561 me
1883 1528 2020 1572 integra
2050 1526 2170 1560 omnia

1160 1581 1401 1614 considerare.
1457 1580 1607 1614 Ornabo
1626 1581 1778 1625 patriam
1800 1579 1968 1620 divitem,
1998 1591 2071 1612 non
2090 1591 2174 1612 con—

1160 1639 1303 1667 vertens
1335 1645 1392 1665 me
1428 1634 1474 1665 ad
1508 1633 1705 1678 populum,
1749 1644 1824 1664 non
1851 1644 1928 1665 sum
1955 1631 2174 1664 vociferator

1160 1685 1340 1730 plebeius,
1382 1685 1590 1729 popularis,
1625 1684 1855 1723 tribunitius,
1892 1696 2009 1729 neque
2038 1683 2174 1716 obtem-

1159 1749 1291 1782 perans
1307 1736 1483 1782 tyrannis.
1538 1736 1744 1782 Utrumque
1762 1742 1812 1769 est
1830 1735 2092 1780 perniciosum,
2121 1741 2174 1779 ty-

1160 1801 1295 1822 rannus
1315 1789 1417 1822 vivus
1438 1795 1472 1821 et
1488 1795 1664 1833 tyrannus
1680 1788 1778 1831 vulgi
1798 1794 1831 1820 et
1849 1786 2101 1819 multitudinis.

1264 1848 1343 1882 Vss.
1366 1847 1441 1882 949
1467 1861 1545 1894 sqq.
1592 1845 1760 1894 Νεβρὸν]
1803 1846 1840 1880 Id
1867 1853 1937 1885 est,
1975 1846 2086 1891 aliqui
2117 1859 2174 1880 co-

1161 1907 1295 1934 nantur
1314 1913 1467 1945 magna,
1495 1907 1529 1934 et
1545 1913 1619 1933 non
1638 1900 1847 1944 perficiunt,
1875 1905 1915 1931 ut
1938 1898 2000 1943 qui
2026 1905 2176 1932 movent

1162 1964 1237 1985 non
1266 1954 1444 1985 movenda
1472 1952 1509 1985 in
1534 1952 1729 1997 republica.
1799 1950 2005 1984 Sallustius:
2048 1949 2174 1984 Extre-

1164 2016 1244 2037 mae
1262 2004 1466 2036 dementiae
1485 2011 1555 2045 est,
1592 2017 1670 2037 cum
1700 2001 1791 2035 nihil
1815 2002 1996 2047 perficias,
2033 2008 2171 2036 tantum

1162 2056 1226 2089 tibi
1245 2056 1367 2088 odium
1388 2067 1589 2096 accersere,
1631 2056 1664 2089 id
1683 2062 1752 2095 est,
1790 2054 2007 2099 respublicas
2028 2066 2174 2087 movere

1164 2115 1198 2142 et
1212 2106 1304 2141 nihil
1321 2120 1423 2152 posse
1441 2108 1621 2151 perficere.
1676 2105 1737 2139 llla
1755 2113 1806 2140 est
1825 2104 2175 2153 πολυπραγμοσύνη

1164 2159 1346 2200 humana,
1380 2159 1476 2193 utin
1493 2158 1637 2199 Cassio,
1665 2158 1780 2192 Bruto
1809 2165 1872 2192 etc.
1937 2158 2027 2191 Sunt
2053 2157 2173 2201 aenig-

1136 2227 1137 2254 ᾗ
1164 2219 1274 2246 mata.

1266 2270 1345 2305 Vss.
1369 2270 1445 2305 949
1461 2283 1513 2316 sq.
1558 2269 1739 2304 Hinnulus
1771 2269 1836 2304 sub
1871 2281 1976 2302 cervo
2005 2268 2095 2302 sicut
2118 2268 2173 2300 leo

1164 2324 1296 2357 robore
1323 2324 1527 2362 confidens,
1556 2322 1707 2367 pedibus
1734 2318 2064 2366 comprehendens,
2099 2331 2173 2352 non

1164 2374 1278 2423 bibi,]
1308 2375 1342 2408 id
1359 2381 1431 2415 est,
1458 2386 1532 2407 non
1551 2375 1682 2419 perfeci
1708 2380 1890 2407 conatum.
1956 2372 2033 2404 Dux
2052 2371 2175 2403 Fride-

1164 2428 1259 2462 ricus
1283 2439 1388 2471 saepe
1415 2426 1574 2467 dicebat,
1611 2426 1900 2459 Maximilianum
1924 2423 2071 2456 dixisse:
2107 2422 2174 2455 Fa-

1138 2511 1139 2522 *
1166 2481 1231 2513 cile
1255 2486 1306 2513 est
1331 2480 1485 2512 alienum
1511 2491 1660 2523 regnum
1684 2490 1830 2523 capere,
1859 2478 1920 2510 sed
1947 2475 2099 2508 retinere
2125 2481 2175 2508 est

1167 2531 1320 2565 difficile.
1380 2530 1649 2573 Maximilianus
1675 2542 1778 2574 saepe
1807 2527 1992 2571 occupavit
2023 2525 2174 2566 ltaliam,

1166 2586 1225 2619 sed
1248 2594 1432 2628 nunquan·
1454 2583 1613 2616 retinuit.

1202 2744 1251 2776 80)
1271 2744 1401 2768 Nicotaus
1423 2743 1589 2766 Pereuottns
1608 2741 1814 2765 Granvenanus
1839 2740 1871 2762 ad
1899 2745 2030 2762 summum
2061 2737 2084 2759 in
2111 2736 2175 2759 aula

1241 2779 1373 2803 caesaris
1393 2778 1487 2802 Caroli
1507 2778 1541 2800 V.
1563 2776 1744 2800 ministerium
1764 2777 1885 2797 evectus.
