2341 2973
180 130 228 164 99
777 126 900 162 PHIL.
929 125 1041 160 MEL.
1070 123 1272 160 SCRIPTA
1299 123 1635 160 PHILOLOGICA.

284 215 343 249 Vs.
368 213 453 249 324.
509 213 778 258 obtemperaris
813 226 938 248 saevae
963 209 1178 259 calumniae]

181 279 256 301 non
284 266 433 311 patiaris
460 271 493 297 te
517 265 667 298 alienari
696 265 882 299 calumniis
901 265 944 297 ab
973 263 1101 297 amico.

282 318 359 351 Vss.
385 314 460 352 325
478 336 528 342 —
545 317 630 352 327.
684 316 720 349 Si
754 317 833 362 quis
861 317 1054 354 irascatur,
1096 314 1181 348 velit

180 369 285 402 irasci
312 369 348 401 in
381 368 539 413 qualibet
569 381 607 401 re
636 374 784 412 propter
817 367 943 400 delicta
970 366 1180 406 amicorum,

180 432 367 466 nunquam
396 419 489 453 inter
506 432 541 453 se
568 421 781 459 concordes,
810 417 1090 457 consentientes,
1117 429 1181 450 ne-

181 484 250 518 que
280 470 384 504 amici
409 477 524 504 essent
545 468 738 518 homines.]
800 469 868 504 Ista
903 469 975 502 vita
1002 480 1076 502 non
1108 469 1182 501 abit

181 524 257 558 sine
281 522 426 561 erratis;
455 529 489 556 et
510 522 539 556 si
560 529 708 567 propter
732 521 916 567 quodlibet
942 526 1099 554 erratum
1123 532 1181 553 ve-

180 575 223 609 lis
252 574 404 608 abiicere
432 574 608 614 amicum,
634 585 821 618 nunquam
847 570 994 605 habebis
1013 571 1181 605 amicum.

284 625 343 659 Vs.
361 625 446 660 327.
501 625 648 658 Peccata
665 630 864 670 sequuntur
887 619 1081 669 homines.]
1110 622 1182 668 Qui

182 677 268 711 vitia
294 677 388 716 odit,
415 675 579 709 homines
603 676 698 716 odit,
726 676 811 708 dicit
834 675 973 708 Plinius
1000 674 1120 708 iunior
1144 674 1182 706 in

182 729 342 774 epistola.
382 727 476 759 Vitia
494 727 626 761 scilicet
642 739 716 760 non
737 727 910 760 enormia.
966 725 1057 759 Sunt
1075 737 1183 770 quae-

183 781 265 813 dam
296 790 504 812 communes
530 779 756 813 infirmitates
772 778 839 824 ¹²),
868 789 960 823 quae
984 782 1067 810 sunt
1095 777 1183 809 tole-

182 832 339 871 randae,
365 831 426 864 sed
453 830 616 863 enormia
645 836 728 864 sunt
750 830 953 874 punienda,
976 840 1051 861 non
1079 839 1183 861 enor-

181 883 254 916 mia
282 883 480 916 toleranda.
518 880 727 915 Enormitas
744 881 828 914 facit
844 880 1048 914 discrimen.
1097 878 1184 912 Ovi-

184 935 263 969 dius
283 933 346 981 13);

284 993 329 1025 Si,
348 991 455 1023 quoties
475 992 590 1023 peccaut
607 990 748 1022 homines,
767 997 819 1015 sua
836 989 952 1014 fulmina
969 988 1060 1014 mittat

356 1027 475 1058 Iupiter,
501 1027 602 1058 exiguo
620 1028 744 1057 tempore
762 1026 878 1050 inermis
898 1025 959 1049 erit.

286 1070 459 1104 Salomon
475 1069 537 1116 14);
581 1069 665 1104 Non
687 1075 737 1103 est
762 1069 873 1102 iustus
901 1067 938 1100 in
961 1073 1077 1106 terra,
1110 1065 1184 1111 qui,

185 1135 264 1157 cum
297 1122 408 1155 multa
434 1121 529 1154 bona
559 1121 685 1160 faciat,
728 1132 803 1153 non
833 1119 1027 1164 aliquando
1053 1123 1184 1162 peccet.

184 1175 264 1211 Ώαῧ
292 1172 330 1216 ist
353 1176 414 1208 bct&
442 1171 522 1215 beste
543 1172 689 1205 dictum.

286 1225 346 1259 Vs.
372 1225 457 1259 328.
518 1223 578 1256 Dii
610 1235 684 1256 non
718 1222 845 1256 volunt
882 1222 975 1254 ferre
1016 1220 1142 1253 delicta
1155 1217 1184 1266 ‚]

184 1278 316 1312 scilicet
352 1275 526 1309 enormia.
588 1274 651 1308 Est
687 1273 921 1317 ambiguitas,
966 1271 1052 1317 quid
1089 1270 1186 1310 velit,

186 1328 273 1366 &ott
291 1329 393 1370 meiss,
420 1335 514 1363 menn
532 1337 564 1362 et
581 1324 713 1370 sttaffen
729 1324 794 1369 Ῐοῑ,
822 1323 890 1358 hoc
908 1330 994 1368 puto
1016 1334 1087 1356 esse
1104 1322 1186 1356 sim-

185 1380 432 1425 plicissimurn.

288 1431 348 1465 Vs.
373 1429 459 1465 329.
511 1429 654 1463 Tardus
690 1441 769 1461 cum
800 1428 897 1460 bono
921 1425 1070 1459 consilio
1095 1423 1187 1468 cepit

186 1483 344 1516 velocem
362 1479 611 1528 persequens.]
672 1480 803 1514 Noster
827 1479 1023 1522 imperator
1046 1476 1187 1508 videtur

187 1547 259 1569 esse
289 1534 484 1567 admodum
513 1533 650 1572 lentus,
678 1538 799 1564 tamen
825 1530 883 1562 illa
902 1528 1045 1562 lentitas
1064 1533 1186 1571 postea

187 1586 308 1619 vincit.
361 1584 485 1617 Bonae
507 1596 632 1618 causae
649 1583 754 1616 etiam
775 1581 1006 1626 properando
1028 1591 1188 1612 corrum-

187 1644 334 1683 puntur.
387 1636 565 1669 Homerus
582 1634 644 1681 15);

236 1687 316 1724 Οὐκ
344 1686 457 1734 ἀρετᾷ
483 1684 580 1721 κακὰ
610 1686 718 1733 ἔργα·
747 1683 889 1729 κιχάνει
906 1678 1190 1727 καὶ16)βραδὺς

609 1749 724 1771 ωκυν.

188 1791 226 1825 ld
254 1797 323 1831 est,
352 1789 552 1835 assequitur
580 1789 687 1821 etiam
715 1788 836 1820 tardus
860 1786 1031 1818 velocem.

293 1850 350 1884 Vs.
377 1849 462 1883 330.
518 1848 606 1881 Cum
631 1853 726 1880 recta
758 1856 872 1890 poena
887 1842 916 1890 ,]
945 1843 980 1876 id
1006 1848 1078 1881 est,
1109 1853 1187 1873 cum

189 1909 287 1936 recto
312 1901 442 1935 iudicio
467 1900 642 1933 Deorum.
702 1895 797 1942 Δίκη
824 1894 902 1940 beist
932 1907 1035 1928 causa
1053 1920 1061 1933 ,
1099 1892 1191 1925 iudi-

191 1954 283 1987 cium
313 1955 379 1988 unb
406 1963 533 1995 poena.
586 1950 625 1983 Id
655 1955 725 1988 est,
752 1950 894 1987 tardus,
924 1946 984 1992 qui
1009 1956 1083 1979 non
1107 1955 1191 1988 pro-

190 2011 293 2050 perat
317 2006 359 2037 ad
387 2003 599 2042 vindictam,
635 2001 744 2046 paulo
773 2006 855 2044 post
882 1997 1017 2031 videbit
1042 1994 1191 2029 haerere

191 2057 363 2089 iniustum
398 2055 434 2087 in
467 2054 603 2098 poenis.
670 2051 746 2095 Ego
777 2051 849 2083 vidi
880 2050 992 2082 multa
1018 2046 1192 2091 exempla,

193 2108 338 2154 quando
376 2106 503 2151 aliquis
537 2105 712 2149 patienter
748 2103 828 2135 tulit
868 2100 1038 2134 iniuriam
1070 2099 1191 2143 aliquo

191 2166 376 2203 tempore,
405 2157 501 2190 Deus
517 2156 642 2190 sumsit
667 2166 800 2199 poenas
816 2154 858 2186 de
877 2153 1021 2186 iniusto.
1065 2150 1192 2183 Assue-

191 2210 295 2244 facite
326 2222 387 2242 vos
411 2210 454 2241 ad
482 2208 579 2240 illam
610 2206 841 2251 patientiam,
869 2204 983 2237 multo
1010 2202 1112 2246 plura
1131 2200 1192 2232 ob-

192 2262 350 2295 tinebitis
373 2260 558 2294 tolerando
588 2257 736 2290 iniurias
762 2269 868 2302 quam
893 2254 1053 2288 celeriter
1078 2251 1193 2284 vindi-

194 2314 321 2353 cando,
339 2313 422 2358 quia
443 2311 548 2344 etiam
567 2321 695 2354 parvas
711 2308 860 2341 iniurias
880 2306 1098 2340 comitantur
1110 2315 1193 2338 suae

194 2377 350 2409 poenae:
380 2375 511 2408 parvae
530 2360 663 2395 habent
688 2372 835 2404 parvas,
863 2369 1015 2403 magnae
1034 2367 1193 2399 magnas.

195 2417 295 2452 menn
322 2408 371 2452 bie
400 2415 508 2460 {neget
544 2412 582 2456 ist
613 2413 734 2458 gemifiz
778 2410 856 2455 Qua
885 2420 1052 2443 mensura
1080 2406 1193 2440 mensi

231 2567 277 2598 12)
298 2565 482 2598 infirmitates]
503 2567 544 2590 sic
562 2564 679 2595 scripsi3
700 2564 747 2589 Ed.
771 2563 845 2587 1560.
865 2563 950 2586 male:
972 2561 1124 2586 firmitates.

234 2611 280 2638 13)
301 2609 378 2633 Ovid.
400 2610 480 2632 Trist.
502 2609 534 2639 11,
554 2608 596 2632 ³3.
616 2609 658 2632 3⁴.

234 2653 279 2684 Η)
300 2652 485 2676 Ecclesiastes
503 2652 529 2681 7,
548 2652 590 2675 21.

233 2696 279 2724 15)
301 2696 377 2719 Hom.
402 2694 451 2720 Od.
471 2695 545 2720 vlu,
565 2694 622 2718 ³29.

234 2740 280 2768 16)
300 2737 361 2767 καὶ]
382 2739 421 2762 sic
440 2738 487 2761 Ed.
511 2738 601 2765 1560.;
622 2738 700 2762 Hom.
721 2737 770 2762 Ed.
789 2736 877 2760 Wois.
899 2742 947 2759 τοι.

2160 126 2231 160 100

1234 211 1390 251 fueritis,
1427 212 1551 244 eadem
1586 211 1794 244 remetietur
1822 210 1923 244 vohis
1939 210 1996 256 ¹⁷).
2061 210 2151 244 Illud
2181 218 2233 245 est

1236 263 1406 296 iudicium
1426 262 1506 296 Dei.
1560 262 1691 296 Versus
1706 260 1970 295 Rhadamanti:

1286 314 1372 349 Εἴκε
1400 310 1519 348 πάθοι
1545 311 1594 347 wc*
1619 312 1649 348 ‘A'
1669 312 1763 359 ἔρεξε
1785 311 1870 359 δίκη
1895 312 1998 347 ἰθεῖα
2025 312 2180 360 γένοιτο.

1340 365 1376 398 Si
1401 365 1448 397 ita
1478 371 1548 404 est,
1576 371 1615 397 ut
1639 365 1788 404 dicitur,
1817 365 1914 410 quod
1933 364 2057 398 Gallus
2077 362 2234 397 attrahat

1235 416 1393 449 Turcam
1412 416 1448 448 in
1468 415 1627 455 ltaliam,
1654 427 1729 448 non
1754 416 1921 455 dubium,
1950 416 2047 461 quod
2074 415 2141 449 sibi
2157 427 2235 448 mo-

1236 474 1317 500 veat
1345 479 1420 500 rem
1448 468 1551 500 valde
1576 466 1813 511 perniciosam
1835 473 1869 500 et
1886 468 1952 500 toti
1969 466 2120 500 Galliae.

1290 515 1441 563 Τεύχων
1469 516 1518 558 ὥς
1545 516 1657 564 ἑτέρῳ
1679 530 1715 552 τι
1742 517 1792 564 ἑῷ
1818 516 1936 553 κακὸν
1967 516 2081 563 ἥπατι
2103 516 2235 562 τεύχει.

1338 568 1422 602 Illae
1456 570 1652 603 sententiae
1687 570 1818 602 debent
1845 569 1947 603 vobis
1979 581 2052 603 esse
2082 568 2120 601 in
2152 579 2236 601 con-

1235 626 1369 664 spectu,
1393 621 1476 666 quia
1493 627 1576 655 sunt
1594 620 1798 654 testimonia
1814 620 1937 653 iudicii
1956 620 2082 660 divini,
2106 625 2140 652 et
2155 624 2237 653 sunt

1236 678 1399 716 sumptae
1436 673 1479 705 ab
1518 671 1758 716 experientia,
1798 677 1831 704 et
1870 671 1964 705 illius
1997 670 2237 715 experientiae

1237 729 1342 756 autor
1359 729 1391 756 et
1407 724 1627 767 gubernator
1645 729 1696 756 est
1709 722 1818 762 Deus,
1838 721 1934 756 Deus
1950 722 2084 756 iudicat
2102 733 2238 755 omnes.

1339 781 1400 817 Vs.
1418 783 1504 819 331.
1543 783 1791 828 Tranquillus,
1818 794 1892 815 non
1914 782 2160 821 turbulentus,
2187 781 2238 813 sa-

1238 832 1388 882 ctiosus]
1417 835 1507 868 sicut
1531 834 1664 868 Paulus
1679 834 1779 867 dicit:
1806 832 1846 866 In
1864 831 1932 866 hoc
1950 833 2026 867 sitis
2045 830 2240 871 ambitiosi,

1237 892 1276 919 ut
1292 885 1440 930 propria
1457 886 1614 925 faciatis,
1641 897 1716 918 non
1733 885 1808 919 sitis
1825 883 2041 924 turbulenti,
2069 882 2240 917 seditiosi.

1343 936 1500 970 Mediam
1519 937 1614 970 viam
1628 934 1657 984 ‚]
1682 949 1726 969 ne
1743 943 1776 969 te
1794 937 1968 979 adiungas
1984 934 2154 974 factiosis,
2179 939 2241 967 aut

1238 987 1393 1021 mediam
1408 1015 1417 1029 ,
1440 988 1475 1021 id
1494 995 1563 1032 est,
1589 988 1740 1028 iustam,
1774 988 1857 1032 quia
1887 986 2019 1020 iustitia
2038 992 2090 1020 est
2106 984 2241 1018 medie-

1238 1045 1312 1079 tas,
1340 1046 1380 1072 ut
1404 1040 1441 1072 in
1459 1038 1596 1073 Ethicis
1623 1038 1821 1085 dicitur¹⁸).

1342 1089 1402 1124 Vs.
1420 1091 1506 1126 332.
1558 1091 1642 1125 Non
1659 1092 1748 1124 dans
1766 1089 1844 1123 aliis
1862 1089 2047 1123 facultates
2065 1083 2241 1133 aliorum]

1240 1141 1371 1175 scilicet
1399 1148 1439 1175 ut
1466 1143 1505 1175 fit
1534 1142 1570 1175 in
1593 1141 1840 1175 seditionibus,

1341 1199 1402 1234 Vs.
1430 1201 1516 1234 333.
1570 1200 1653 1235 Non
1688 1200 1890 1244 captatione
1924 1198 2089 1233 utilitatis
2120 1198 2243 1230 foveas

1241 1251 1358 1285 exules
1380 1250 1611 1299 damnatos‚]
1647 1264 1721 1284 non
1757 1251 1802 1284 sis
1825 1256 2027 1294 receptator
2053 1249 2243 1283 scelerato-

1240 1313 1339 1342 rum,
1367 1315 1441 1335 non
1466 1310 1623 1347 receptes
1651 1304 1860 1335 damnatum
1883 1301 2020 1335 exulem
2041 1313 2102 1344 spe
2123 1299 2242 1344 aliqua

1241 1364 1302 1386 seu
1328 1354 1545 1397 captatione.

1344 1412 1403 1447 Vs.
1425 1413 1509 1448 334.

1242 1463 1335 1497 idem
1378 1463 1553 1512 deinde‚]
1590 1464 1625 1497 id
1656 1470 1728 1504 est,

1242 1516 1400 1560 glauben.

1345 1575 1406 1609 Vs.
1431 1574 1518 1609 335.
1571 1575 1654 1610 Non
1682 1575 1834 1608 nimium
1863 1574 1909 1608 sis
1939 1573 2085 1613 anxius,
2115 1571 2247 1606 sollici-

1244 1633 1318 1667 tus,
1346 1639 1418 1659 non
1449 1626 1602 1659 nimium
1631 1624 1807 1672 festines]
1860 1626 1912 1660 Ne
1940 1625 2026 1670 quid
2045 1622 2218 1668 nimis¹⁹).

1346 1686 1404 1720 Vs.
1433 1684 1507 1720 335
1533 1700 1584 1731 sq.
1639 1685 1870 1719 Mediocritas
1905 1690 1955 1717 est
1986 1683 2123 1728 optima
2153 1681 2246 1715 inter

1245 1738 1387 1777 onmia,
1415 1738 1463 1771 sic
1481 1736 1627 1770 habebis
1644 1738 1811 1770 virtutem
1825 1734 1856 1783 ,]
1887 1734 1922 1768 id
1941 1741 2011 1774 est,
2039 1734 2151 1767 virtus
2169 1745 2247 1766 ver-

1244 1795 1342 1821 satur
1367 1789 1403 1822 in
1429 1789 1569 1828 medio,
1596 1789 1708 1822 virtus
1736 1795 1787 1822 est
1811 1786 2012 1820 moderatio
2041 1785 2246 1824 affectuum,

1245 1839 1306 1875 obss
1341 1839 1429 1883 sebon
1465 1841 1549 1885 nicht
1571 1840 1748 1873 subtiliter
1783 1840 1892 1884 getebt
1919 1836 1976 1879 ist,
2023 1836 2056 1879 so
2086 1834 2144 1878 ists
2174 1834 2244 1881 bod)

1244 1891 1368 1936 lieblid)
1392 1894 1510 1938 getebt.
1564 1891 1686 1925 Virtus
1713 1897 1764 1924 est
1796 1888 2036 1922 mediocritas.
2099 1886 2247 1921 Contra.

1245 1942 1397 1977 Dilectio
1420 1944 1488 1976 Dei
1509 1943 1613 1976 debet
1635 1954 1708 1976 esse
1734 1940 1994 1974 ardentissima.
2046 1937 2144 1982 Ergo
2171 1950 2247 1972 non

1246 2000 1296 2028 est
1320 1995 1530 2033 mediocris,
1559 2000 1591 2026 et
1621 1994 1670 2027 sic
1694 1993 1806 2026 virtus
1830 2003 1903 2025 non
1929 1997 1981 2024 est
2005 1990 2246 2025 mediocritas.

1246 2043 1441 2078 Pulchrum
1470 2051 1521 2078 est
1552 2045 1747 2078 castitatem
1777 2056 1849 2077 esse
1881 2041 2123 2087 purissimam.
2176 2040 2247 2074 Re-

1245 2098 1426 2140 spondeo:
1456 2095 1687 2130 Mediocritas
1705 2094 1915 2138 intelligitur
1946 2098 2107 2137 respectu
2133 2098 2247 2125 extre-

1247 2160 1389 2182 morum
1414 2148 1638 2182 vitiosorum.
1699 2146 1851 2180 Castitas
1877 2145 1914 2177 in
1939 2156 2003 2178 suo
2035 2155 2164 2187 genere
2187 2144 2247 2176 de-

1246 2200 1306 2233 bet
1327 2211 1502 2239 crescere,
1530 2198 1672 2231 dilectio
1701 2197 1737 2231 in
1762 2211 1826 2232 suo
1849 2208 1977 2241 genere
1995 2196 2100 2229 debet
2117 2206 2247 2228 cresce-

1247 2263 1305 2289 re;
1333 2252 1392 2285 sed
1415 2263 1489 2283 non
1507 2250 1611 2283 debet
1627 2249 1767 2283 misceri
1784 2248 1950 2283 extremis
1967 2246 2115 2281 vitiosis.
2144 2245 2246 2291 Quae

1247 2309 1330 2336 sunt
1351 2308 1508 2336 extrema
1535 2301 1735 2335 dilectionis
1754 2300 1845 2334 Dei?
1900 2298 2131 2344 Respondent
2161 2297 2246 2341 Epi-

1249 2365 1374 2387 cureus
1407 2359 1632 2397 contemptus
1664 2360 1697 2386 et
1723 2352 1939 2397 superstitio.
2005 2349 2111 2383 Fides
2141 2349 2247 2382 debet

1248 2417 1403 2438 crescere
1431 2405 1464 2437 in
1490 2418 1553 2438 suo
1579 2417 1726 2447 genere,
1756 2405 1789 2437 id
1823 2410 1892 2442 est,
1920 2403 1993 2446 ipsa
2030 2401 2065 2433 in
2097 2412 2159 2434 sua
2183 2411 2246 2433 na-

1248 2464 1339 2490 tura.
1393 2456 1449 2489 Sic
1476 2463 1633 2489 caeterae
1659 2456 1819 2489 virtutes.
1881 2453 2003 2486 Virtus
2033 2458 2084 2486 est
2111 2451 2247 2485 medio-

1563 1412 1624 1446 Ille
1649 1413 1727 1446 exul
1752 1412 1894 1445 rediens
1916 1413 2063 1445 domum
2084 1422 2160 1443 non
2176 1409 2245 1443 erit

1781 1463 1828 1499 &t
1863 1464 1929 1508 belt
1965 1463 2015 1499 bit
2049 1461 2123 1507 bod)
2159 1461 2245 1506 nid9t

1283 2594 1329 2621 17]
1348 2593 1443 2617 matth.
1463 2592 1489 2624 7,
1509 2592 1533 2617 2.
1572 2593 1655 2616 Marc.
1675 2592 1707 2622 4,
1725 2590 1768 2614 2⁴.
1806 2590 1869 2613 huc.
1884 2588 1917 2619 6,
1936 2587 1977 2612 38.

1285 2644 1329 2675 18)
1350 2645 1428 2669 Cous.
1447 2644 1565 2669 Aristot.
1585 2642 1671 2667 Etliic.
1694 2641 1794 2665 Nicom.
1817 2639 1852 2669 V,
1874 2640 1902 2665 1,
1925 2639 1948 2663 1.

1283 2698 1329 2724 19)
1349 2697 1388 2719 De
1409 2697 1458 2719 hoc
1478 2695 1622 2726 proverbio
1643 2694 1704 2717 vide
1724 2692 1832 2717 Erasmi
1852 2690 1959 2721 Adagia
1984 2690 2045 2714 chit.
2065 2690 2084 2714 Ι.
2110 2690 2181 2714 cent.
2196 2689 2245 2714 vt.

1318 2738 1392 2761 prov.
1414 2731 1455 2755 96.
