2421 3005
80 104 157 143 545
432 100 520 138 XCI.

81 191 332 228 conscientiae.

80 258 161 280 rum
177 250 386 289 serpentum
407 244 455 276 ita
474 243 594 289 inquit
613 242 709 290 (Vss.
727 243 802 278 497
819 246 909 291 sq.):

130 307 374 350 Inspe'ranique
387 315 508 349 grat-es
524 305 657 338 animos
668 303 697 347 ¹)
710 331 718 344 ,
747 317 808 338 uec
824 307 965 340 vulnera
979 317 1085 339 mem-

496 357 569 390 bris

127 410 203 443 L'lla
216 410 354 453 ferunt,-
383 421 477 442 meus
494 413 562 448 est,
592 421 678 454 quae
694 411 790 443 diros
804 411 930 444 sentiat
948 411 1047 444 icius.

70 679 171 712 adest
197 685 322 713 tamen
344 679 421 724 ipsa
450 680 687 719 conscientia,
730 692 822 725 quae
855 680 936 713 illos
961 684 1076 723 urget,

70 789 221 817 testatur
238 782 478 829 Iuvenalisss),
508 796 587 817 cum
610 783 746 829 inquit:

171 843 304 873 Exemplo
326 843 507 874 quodcunque
525 843 598 867 malo
620 841 820 874 committitur,
849 841 901 872 ipsi

170 886 310 916 Displicet
327 887 430 911 autori.
466 886 561 910 Prima
580 887 622 910 est
642 887 711 910 haec
729 886 815 917 ultio,
846 885 917 916 quod
939 891 970 908 se

170 930 262 954 Iudice
281 936 360 954 nemo
381 937 483 954 nocens
503 930 678 961 absolvitur3
705 930 831 959 improba
851 929 977 959 quamvis

171 973 271 998 Gratia
289 973 433 1006 fallacis⁴J
454 974 596 1005 praetoris
619 974 717 998 vicerit
737 979 835 997 urnam
846 972 880 1004 ³).

63 1122 138 1156 rosi
157 1121 364 1167 affligantur
384 1122 624 1163 conscientia,
654 1123 840 1168 quomodo
863 1121 1012 1167 spectris
1040 1128 1074 1155 et

64 1173 214 1209 somniis
240 1180 459 1209 terreantur.

65 1226 248 1260 Ovidiana
281 1227 544 1261 consideranda
579 1233 630 1261 est
656 1226 807 1260 mirifica
832 1226 891 1259 illa
916 1239 1071 1260 veneno-

65 1291 145 1312 rum
171 1278 366 1324 permixtio
391 1292 411 1313 a
434 1279 553 1313 Furiis
572 1280 667 1324 apud
693 1279 827 1313 inferos
851 1286 971 1320 cocta,
1000 1292 1071 1325 qua
1099 1298 1101 1302 ·

65 1330 178 1363 animi
202 1331 494 1375 perfunduntur,
533 1343 664 1376 nempe
690 1344 731 1365 ex
756 1343 884 1376 spuma
911 1331 1072 1372 Cerberi,
1098 1370 1100 1376 Ι

65 1394 107 1414 ex
123 1382 223 1426 vagis
240 1383 444 1424 erroribus,
473 1396 514 1416 ex
541 1383 724 1416 oblivione
747 1383 898 1424 mentis,
927 1384 1071 1423 scelere,

62 1433 252 1479 lacrymis,
279 1435 400 1476 rabie,
429 1441 462 1468 et
483 1435 678 1480 cupiditate
695 1435 824 1470 caedi&
859 1435 957 1470 Haec
974 1436 1070 1469 enim
1097 1433 1100 1439 ’

65 1492 147 1519 sunt
163 1498 323 1528 venena,
353 1488 483 1534 quibus
500 1487 622 1521 insecti
639 1489 682 1522 de
707 1488 859 1523 sanitate
889 1495 923 1522 et
951 1495 1070 1522 mente
1098 1492 1099 1527 ]

64 1538 317 1574 deturbantur.

278 1632 368 1668 Iris
396 1631 710 1671 Thaumantis
736 1635 855 1672 filia.

115 1701 195 1736 Vss.
215 1700 291 1737 478
312 1714 364 1748 sq.
392 1716 493 1750 quam
512 1705 638 1739 coelum
656 1707 791 1739 intrare
804 1711 987 1749 parcentem

114 1756 259 1789 Rorate's
275 1756 435 1790 lustravit
451 1759 550 1802 aquis
572 1758 821 1792 Thaumantias
838 1761 921 1792 Iris.

167 1813 235 1850 Iris
252 1815 384 1849 dicitur
400 1816 645 1851 Thaumantis
657 1844 665 1858 ‚
691 1816 759 1851 hoc
775 1825 838 1859 est,
861 1818 1073 1851 admiratio-

65 1866 121 1901 nis
144 1867 231 1902 filia.

64 1919 144 1954 lius.
195 1918 236 1953 Id
250 1920 365 1954 sancti
380 1926 502 1965 patres
525 1921 572 1954 ita
595 1923 765 1955 admirati
791 1929 895 1963 sunt,
920 1929 959 1957 ut
975 1923 1072 1956 dixe-

65 1971 138 2005 rint
150 1998 159 2012 ,
187 1984 262 2006 esse
277 1972 420 2017 signum
439 1973 564 2007 iudicii
580 1974 693 2007 divini
712 1981 745 2008 et
764 1975 951 2020 praeteriti
969 1982 1003 2008 et
1019 1975 1073 2008 fu-

65 2023 151 2058 turi.
214 2023 324 2058 Color
350 2025 534 2059 caeruleus
558 2027 735 2071 significat
757 2028 935 2061 mundum
964 2027 1074 2061 semel

65 2075 170 2122 aquis
187 2076 353 2121 periisse;
407 2089 612 2123 purpureus
636 2092 721 2113 vero
747 2079 924 2124 significat
947 2086 1073 2114 ventu-

66 2140 145 2162 ram
175 2140 249 2162 esse
278 2128 387 2161 aliam
423 2130 550 2163 mundi
585 2131 888 2174 destructionem,
929 2132 1073 2173 scilicet,

66 2193 132 2226 per
147 2180 280 2226 ignem.
333 2179 381 2214 Et
398 2181 495 2215 docti
512 2182 581 2216 viri
599 2184 637 2217 in
654 2182 887 2230 philosophia
912 2185 1073 2218 fatentur

67 2245 144 2266 non
159 2245 263 2278 posse
281 2233 498 2268 sufficientes
525 2247 648 2270 causas
674 2236 711 2270 in
736 2237 890 2271 materia
918 2237 1073 2277 ostendi,

68 2297 132 2318 cur
149 2285 230 2320 talis
251 2286 315 2318 fiat
341 2297 455 2320 arcus.
523 2287 645 2332 Quare
670 2289 824 2324 sciamus
851 2289 1073 2335 singulare5)

67 2349 160 2382 opus
177 2336 247 2371 Dei
264 2349 338 2371 esse
356 2338 541 2372 conditum
555 2366 564 2380 ,
591 2346 631 2373 ut
648 2340 692 2374 sit
709 2342 1010 2376 commonefactio
1030 2343 1073 2376 de

67 2389 206 2424 diluvio
218 2417 228 2429 ‚
257 2396 292 2424 et
312 2390 356 2423 de
374 2397 525 2425 ventura
547 2393 675 2425 mundi
692 2394 990 2439 conflagratione.

105 2516 134 2548 1)
153 2517 284 2547 animos]
304 2517 345 2542 sic
358 2518 444 2543 Editt.
460 2519 545 2543 1555„
568 2520 660 2550 1559.;
681 2520 936 2546 Ovid.Ed.21itsch.
949 2523 1074 2547 animas.

103 2566 135 2599 2)
155 2573 234 2592 nemo
253 2568 386 2599 audierit]
404 2570 445 2593 sic
463 2571 548 2594 Editt.
566 2571 659 2603 1555.;
679 2572 706 2596 tu
726 2572 775 2598 Ed.
791 2573 865 2598 1559.
879 2574 946 2598 haec
964 2574 1074 2599 desunt.

103 2619 135 2652 ³)
154 2620 249 2645 luven.
270 2622 329 2646 sat.
348 2622 424 2654 xm,
448 2624 534 2647 1—4.

105 2671 135 2704 4)
157 2672 271 2696 fallacis
289 2685 323 2690 —
342 2676 455 2704 urnam]
482 2676 523 2699 sic
549 2677 633 2701 Editt.
656 2678 750 2709 1555.‚
779 2678 873 2708 1559.;
911 2678 1004 2704 luveu.
1024 2680 1074 2705 Ed.

140 2707 257 2738 Rupert.
277 2709 372 2733 fallaci
393 2722 426 2727 —
448 2717 526 2734 urna.

105 2758 135 2790 5)
156 2759 311 2793 singulare]
334 2761 374 2786 sic
392 2762 478 2787 Editt.
495 2763 587 2794 1555.;
609 2764 657 2789 Ed,
676 2766 751 2790 1559.
771 2765 917 2798 singulari.

68 2801 258 2834 mumma.
283 2804 390 2836 oven.
415 2805 500 2837 Yon.
525 2807 615 2837 xlx.

574 100 871 139 ENARRATIO
895 103 1028 139 LIBRI
1053 104 1112 141 lv,
1141 105 1623 144 METAMORPHOSEON
1653 109 1815 146 OVIDH.

387 189 470 225 Ideo
490 190 588 225 enim
606 189 762 225 Ovidius
780 193 824 226 de
854 205 980 227 morsu
1003 192 1089 228 isto·
1113 210 1118 239 ξ

529 1175 647 1208 Porro
676 1175 714 1207 in
738 1172 804 1208 hac
830 1174 1072 1219 descriptione
1100 1184 1101 1187 ’

279 1867 429 1904 Nullum
457 1875 507 1902 est
534 1869 631 1902 enim
659 1877 849 1904 meteoron
876 1870 1072 1904 admirabi-
1099 1910 1101 1913 v

2079 109 2155 146 546

1427 196 1581 231 Venus
1608 198 1721 230 mari
1752 205 1866 232 orta.

1195 262 1253 296 Vs.
1275 262 1363 298 536.
1393 267 1437 300 Si
1455 271 1566 299 {amen
1588 268 1623 299 in
1645 267 1792 312 medioss)
1811 269 1976 313 ‘secontiam
1998 272 2151 300 concreta

1572 318 1755 362 profundo.

1244 376 1366 411 Venus
1383 390 1400 410 a
1418 377 1535 423 poetis
1549 377 1696 413 Graecis
1714 376 2149 425 nomixlatui·’Agcpo(5t'17;,

1108 426 1111 456 i
1139 438 1178 459 ac
1195 428 1343 472 fingitur
1362 436 1439 463 orta
1460 444 1477 464 e
1494 443 1621 475 spuma
1639 432 1770 470 maris,
1799 437 1885 465 teste
1902 431 2094 464 Aristotele
2104 430 2146 475 ⁷).

70 469 135 504 His
154 469 394 504 conscientiae
404 469 595 503 tormentis
607 469 740 504 Furiae
753 477 927 516 tanquam
939 470 1080 516 quaesi·
1107 474 1110 500 ἔ

71 529 167 557 tores
183 529 218 556 et
231 521 415 556 carnifices
432 522 565 556 scelera
584 529 810 561 scrutantur;
830 535 916 556 nam
938 522 1078 556 etiamsi
1105 509 1109 574 f

70 575 164 619 leges
187 581 222 608 et
245 575 324 608 iura
352 573 390 607 in
413 575 638 609 facinorosos
662 587 737 608 non
770 575 1077 615 animadvertant,
1105 579 1107 583 ⁴

68 638 177 660 nemo
207 626 353 660 illorum
381 627 515 661 scelera
541 626 692 667 viderit,
726 639 834 661 nemo
862 626 1076 673 audierit²);

1136 487 1288 524 propter
1308 488 1475 515 naturam
1494 483 1641 518 seminis
1660 479 1841 531 ἀφρώδη,
1866 495 2087 528 spumosam.

1331 582 1530 619 Cadmus
1557 585 1603 618 in
1633 584 1954 631 serpeilte111⁸).

1240 651 1399 687 Cadmus
1417 654 1462 685 ad
1480 660 1694 696 extremum,
1716 662 1797 700 post
1816 655 1976 689 infinitas
1993 668 2143 689 suorum

71 730 79 736 .
560 732 567 738 .
622 732 630 738 .
688 732 695 738 .
722 732 729 737 .
893 732 899 738 .
929 745 934 749 .
992 731 999 737 .
1068 731 1075 736 .
1103 720 1105 726 ⁴
1133 702 1378 745 calamitates,
1413 718 1526 750 regno
1553 707 1704 748 eiectus,
1734 720 1807 741 una
1832 720 1913 741 cum
1939 707 2142 741 Harmonia

70 737 279 772 insectatur,
305 738 469 773 accusat,
499 738 533 766 et
558 744 596 765 ln
621 733 795 765 ludiclum
821 738 935 776 rapit.
972 737 1075 765 Sicuti
1103 760 1105 770 ᾗ
1131 767 1244 789 uxore
1259 755 1296 789 in
1315 755 1498 802 Illyricum
1518 759 1699 803 profugit,
1734 761 1796 793 ubi
1816 773 1895 793 cum
1915 759 1952 792 in
1970 759 2075 793 exilio
2092 760 2143 793 la·

1132 813 1241 849 teret,
1270 821 1310 842 ac
1327 816 1502 855 tanquam
1519 822 1665 856 serpens
1682 811 1720 844 in
1736 812 1885 846 latebris
1909 812 2141 846 absconditus

1131 859 1279 905 inopem
1311 861 1423 894 vitam
1446 870 1588 907 ageret,
1632 870 1667 896 et
1695 861 1806 897 homo
1830 864 1997 909 politicus
2026 877 2062 899 se
2086 877 2143 898 ac-

1102 914 1104 918 ’
1131 914 1384 947 commodaret
1399 915 1445 948 ad
1461 915 1556 960 leges
1574 922 1607 948 et
1625 928 1745 950 mores
1762 917 2003 950 barbarorum
2017 943 2025 957 ,
2063 916 2141 962 qui-

1101 962 1104 978 *
1130 964 1280 999 buscum
1298 967 1531 1008 versabatur,
1556 969 1725 1013 praebuit
1751 968 1978 1003 occasionem
1997 969 2139 1002 fabulae

65 1017 201 1052 Extant
233 1019 329 1063 apud
353 1017 591 1052 Plutarchum
624 1020 667 1052 de
702 1030 780 1052 sera
806 1017 968 1051 numinis
997 1016 1074 1050 vin·
1100 1034 1102 1039 ⁴

64 1070 181 1111 dicta,
223 1071 476 1104 memorabilia
501 1071 685 1115 exempla,
726 1070 912 1116 quomodo
937 1069 1074 1102 facino·
1100 1074 1102 1082 ¹

1131 1017 1175 1049 de
1197 1030 1232 1051 se
1259 1024 1399 1052 mutato
1424 1019 1462 1052 in
1490 1027 1718 1065 serpentem,
1754 1027 1906 1066 propter
1928 1018 2022 1054 hanc
2047 1021 2139 1054 vitae

1130 1070 1371 1104 mutationem
1390 1077 1424 1104 et
1438 1070 1602 1117 Illyricae
1626 1073 1742 1117 gentis
1765 1080 1947 1108 naturam.
2002 1073 2139 1107 Dicun-

1129 1127 1188 1154 tur
1215 1123 1311 1155 enim
1338 1130 1475 1158 veteres
1499 1122 1634 1170 Illyrici
1656 1123 1823 1160 habuisse
1853 1126 1956 1160 binas
1989 1125 2138 1170 singulis

1129 1174 1242 1208 oculis
1277 1175 1454 1220 pupillas,
1500 1183 1535 1210 et
1562 1178 1777 1212 acerrimam
1807 1178 1998 1212 oculorum
2025 1178 2138 1212 aciem

1128 1226 1242 1261 instar
1261 1228 1484 1270 draconum,
1514 1241 1584 1275 qua
1604 1230 1708 1271 irati,
1737 1237 1777 1264 ut
1793 1230 1930 1264 Gellius
1955 1230 2054 1265 testis
2077 1237 2138 1271 est,

1128 1278 1405 1321 interimebant,
1432 1280 1460 1315 si
1479 1294 1586 1327 quem
1605 1282 1667 1316 diu
1684 1283 1930 1318 intuebantur.

1532 1386 1725 1423 Danae.

1179 1454 1237 1488 Vs.
1259 1454 1344 1489 610.
1377 1456 1522 1496 Persea,
1550 1470 1645 1504 quem
1661 1459 1775 1502 pluvio
1793 1460 1923 1492 Dana?
1943 1462 2138 1499 conceperat

1549 1523 1644 1545 (utro.

1232 1567 1350 1604 Imber
1382 1583 1532 1613 aureus,
1576 1584 1648 1617 quo
1683 1569 1823 1616 Iupiter
1855 1570 2010 1606 Danaen
2040 1578 2137 1603 turre

1130 1618 1265 1654 ahenea
1285 1622 1459 1657 inclusam
1481 1624 1605 1664 elusit,
1635 1625 1741 1657 docet
1763 1621 1856 1656 nihil
1882 1636 1955 1657 esse
1983 1631 2055 1656 tam
2081 1624 2138 1656 fir*

1128 1687 1247 1716 mum,
1276 1681 1351 1709 tam
1369 1677 1648 1717 communitum,
1673 1673 1837 1721 nihilque
1855 1682 1930 1708 tam
1949 1675 2138 1720 diligenter

1129 1727 1322 1770 custodiri,
1352 1729 1450 1775 quod
1470 1741 1546 1762 non
1568 1728 1683 1774 possit
1699 1728 1900 1774 expugnari
1918 1740 2020 1763 auro.

1196 1823 1257 1856 De
1287 1823 1481 1865 Perseo,
1516 1824 1639 1859 Iovis
1669 1831 1713 1858 et
1740 1824 1922 1862 Danaes
1952 1825 2070 1858 silio.

1179 1892 1239 1927 Vs.
1259 1893 1345 1928 639.
1371 1897 1510 1939 qeneris
1527 1897 1612 1930 mihi
1628 1898 1761 1939 Iupiter
1778 1900 1889 1930 autor.

1232 1954 1386 1989 Perseus
1413 1953 1556 1990 habitus
1581 1963 1633 1990 est
1656 1955 1750 1990 lovis
1774 1956 1868 1990 filius
1897 1961 2047 2001 propter
2081 1966 2137 1988 ra-

1128 2017 1206 2039 ram
1227 2007 1448 2042 felicitatem.
1503 2008 1622 2043 Gessit
1643 2009 1739 2042 enim
1762 2008 1893 2043 multas
1918 2020 1975 2042 res
1998 2019 2135 2041 memo-

1100 2068 1102 2070 ’
1128 2058 1276 2094 rabiles:
1320 2061 1477 2106 suscepit
1506 2061 1771 2106 expeditionem
1800 2062 1971 2095 adversus
1996 2060 2136 2104 Gorgo-

1128 2123 1215 2145 num
1236 2119 1399 2157 gentem,
1428 2113 1528 2148 cuius
1553 2113 1678 2158 regina
1705 2120 1782 2147 erat
1798 2113 1969 2152 Medusa;
2014 2111 2136 2146 intulit

1128 2164 1212 2197 inde
1238 2165 1373 2198 bellum
1399 2165 1662 2205 Mauritaniam
1697 2166 1897 2200 decertavit
1921 2165 2031 2199 armis
2054 2177 2134 2198 cum

1127 2213 1388 2262 Aethiopibus,
1429 2220 1526 2263 apud
1563 2231 1654 2265 quos
1690 2225 1724 2252 et
1759 2218 1906 2263 nuptias
1941 2217 2134 2252 celebravit

1129 2281 1210 2303 cum
1230 2269 1486 2311 Andromeda,
1515 2269 1649 2316 Cephei
1667 2271 1761 2316 regis
1778 2271 1862 2305 filia.
1922 2270 2053 2304 Postea
2081 2282 2134 2303 re-

1128 2333 1252 2356 versus
1273 2322 1310 2355 in
1331 2322 1522 2356 Graeciam
1541 2324 1731 2368 occupavit
1750 2336 1901 2368 regnum
1913 2323 2133 2368 Argivorum

1128 2374 1270 2407 devicto
1288 2374 1444 2416 Proeto,
1473 2388 1537 2409 suo
1559 2382 1712 2420 patruo,
1741 2376 1981 2421 &Polydecte
1999 2374 2134 2408 insulae

1129 2424 1273 2472 Seriphi
1290 2428 1438 2471 regulo,
1467 2439 1487 2460 a
1512 2427 1642 2474 quibus
1666 2428 1789 2462 multis
1814 2427 1957 2461 iniuriis
1983 2433 2059 2460 crat
2085 2427 2135 2459 af-

1129 2478 1252 2513 fectus.
1313 2480 1370 2513 Ad
1398 2486 1599 2514 extremum
1624 2480 1812 2515 constituit
1832 2480 1870 2513 in
1886 2479 2058 2512 Helicone
2082 2478 2135 2512 lu—

1129 2531 1215 2565 dum
1233 2531 1468 2565 litterarium:
1500 2545 1572 2578 quo
1599 2533 1772 2566 beneficio
1802 2538 1939 2565 tantam
1966 2543 2135 2564 consecu-

1164 2667 1194 2694 6)
1213 2664 1319 2697 medio]
1342 2666 1383 2688 sic
1402 2666 1487 2689 Editt.
1507 2666 1599 2696 1555.‚
1620 2665 1713 2695 1559.;
1741 2664 1820 2689 ovid.
1841 2665 1891 2688 Ed.
1912 2664 2020 2689 Mitsch.
2042 2666 2097 2689 diu,

1165 2718 1195 2746 7)
1214 2717 1335 2741 Aristot.
1357 2717 1389 2740 de
1409 2718 1536 2747 generat.
1556 2715 1669 2739 animal.
1685 2715 1717 2739 11.
1737 2722 1759 2739 c.
1773 2716 1799 2740 2.
1819 2718 1889 2740 extr.

1165 2769 1196 2797 8)
1217 2768 1297 2794 Ovid.
1317 2770 1383 2793 Met.
1402 2768 1453 2793 lv,
1473 2767 1525 2792 570
1544 2774 1585 2798 sq.
1611 2801 1660 2837 35
