2421 3005
91 93 162 128 169
478 88 668 124 LXXVIII.

193 177 394 212 vss.1143
413 189 465 223 sq.
504 174 631 221 Ἀλλ’]
666 175 739 209 Iam
765 175 910 210 subiicit
932 186 1105 219 paraene-
1132 203 1133 209 ,

89 233 164 272 sin,
210 230 245 263 id
269 236 340 270 est,
385 227 678 263 adhortationem
716 229 760 261 ad
797 228 966 272 pietatem
998 233 1032 259 et
1061 227 1105 259 ad

89 296 210 330 spem,
238 282 330 317 sicut
345 282 404 316 Ps
406 282 511 316 =lmus
527 280 665 327 inquit:
694 280 854 314 Fortiter
871 292 935 324 age
953 285 988 313 et
1005 291 1134 323 spem

90 337 127 370 in
144 335 263 369 Deum
288 347 334 368 ne
361 334 528 374 abiicias‚
562 333 600 366 id
626 339 697 374 est,
732 333 778 367 sis
803 332 891 366 sorti
916 338 950 365 et
972 343 1106 375 magno
1133 354 1135 365 2

90 388 236 427 animo,
264 386 341 420 noli
359 398 528 432 peccare,
556 397 656 430 spem
676 385 811 425 retine,
840 391 880 419 ut
902 390 943 418 ut
966 395 1022 417 res
1053 395 1106 416 ce-

91 440 258 475 ciderint.

90 494 196 533 sofis,

239 491 398 526 susineat
423 497 700 536 perseveranter
732 502 853 534 spem,
895 489 954 534 pie
986 500 1107 533 agens.

90 544 265 591 Egregius
297 543 494 577 versiculus
528 543 572 576 de
601 555 663 588 spe
691 548 725 575 et
748 543 843 575 bona
869 540 1106 575 conscientia:
1133 536 1136 560 1

91 598 184 633 Nam
205 597 300 630 bona
321 608 401 641 spes
419 595 614 629 comitatur
630 595 764 628 bonam
785 593 1055 628 conscientiam.

193 655 272 691 Vss.
286 653 386 690 1145
403 669 456 702 sq.
485 654 689 702 Εὐχὲσθω]
713 654 760 688 Et
777 654 956 699 supplicet
966 653 1060 693 Deo,
1075 657 1108 685 et
1135 677 1137 688 ,

91 715 176 744 urat
194 708 382 754 splendida
399 709 537 742 femora
550 735 559 749 ,
588 708 623 741 id
645 714 715 748 est,
742 708 798 740 fac
814 719 912 741 sacra
927 706 1006 740 Deo
1020 733 1029 747 ,
1054 716 1109 739 sa·
1136 735 1138 741 ,

93 761 211 795 crifica
238 767 274 794 et
295 761 458 806 supplica
481 759 572 794 Deo.
635 759 684 792 Et
710 759 886 793 sacrificet
909 759 1050 804 primae
1077 763 1111 790 et

92 813 242 848 ultimae
260 825 302 846 ex
314 812 413 853 Diis,
440 825 571 857 nempe
585 811 689 857 Spei,
717 811 754 845 id
774 818 844 853 est,
872 823 1015 856 semper
1033 815 1111 843 oret

92 865 212 900 Deum
233 877 299 910 pro
315 865 488 910 patientia
508 871 542 898 et
559 877 625 910 pro
645 877 706 909 spe
726 864 763 897 in
780 863 931 899 summis
947 870 982 897 et
998 861 1111 896 maxi-

94 918 162 952 mis
181 917 467 959 calamitatibus,
495 929 535 951 ea
553 929 632 962 spes
650 916 688 950 in
707 914 774 950 hac
800 916 1009 950 calamitosa
1036 914 1109 948 vita

93 972 210 1005 bonos
229 976 417 1004 sustentat.

198 1030 260 1065 Vs.
288 1030 399 1066 1147.
448 1028 686 1078 Φραζὲσθω]
728 1030 838 1064 Aliud
870 1034 1106 1075 praeceptum

95 1085 140 1119 de
165 1084 359 1129 prudentia
387 1083 426 1116 in
449 1084 632 1123 cavendo,
673 1089 714 1117 ut
747 1083 903 1116 vitemus
934 1082 1050 1115 malos
1079 1086 1114 1113 et

94 1136 357 1171 fraudulentos.
411 1135 508 1170 Nam
531 1135 594 1181 qui
613 1141 712 1168 amat
728 1135 928 1180 periculum
943 1161 951 1175 ,
980 1132 1115 1179 peribit

98 1189 135 1223 in
153 1189 229 1222 illo.

203 1240 417 1274 Consideret
434 1239 682 1286 unusquisque
702 1239 889 1285 obliquum
909 1249 1114 1272 sermonem

100 1299 135 1327 et
154 1290 340 1340 infidum]
366 1291 548 1325 Pindarus
565 1292 707 1325 cuidam
727 1289 891 1324 heroicas
909 1291 1031 1323 laudes
1052 1289 1115 1322 tri-
1142 1311 1143 1319 1

97 1346 232 1384 buens,
268 1344 355 1377 dicit
379 1356 460 1376 eum
486 1344 593 1377 fuisse
618 1341 742 1390 ἄνδρα
769 1339 1067 1391 εὐθύγλωσσον1
1071 1340 1115 1387 5,)

99 1398 137 1430 id
153 1403 223 1437 est,
252 1396 315 1442 qui
334 1394 442 1429 habet
461 1396 624 1441 linguam
649 1402 784 1428 rectam
809 1395 846 1427 in
869 1394 1055 1439 loquendo
1082 1399 1116 1426 et
1143 1431 1145 1433 Ι

101 1449 344 1489 consulendo,
381 1447 509 1494 quiex
533 1448 678 1487 animo,
716 1459 807 1494 quae
833 1448 962 1487 sentit,
998 1444 1116 1492 loqui—

100 1509 176 1543 tur,
198 1513 276 1534 non
292 1500 407 1535 utitur
423 1500 542 1547 aliqua
566 1499 739 1535 insidiosa
765 1499 1023 1544 perplexitate,
1051 1510 1117 1531 nec

101 1560 154 1589 est
171 1553 318 1599 ingenio
339 1554 514 1595 subdolo,
550 1554 673 1593 vafro,
706 1552 880 1586 insidioso
908 1558 942 1585 et
968 1551 1118 1585 insidia-

100 1607 193 1641 trici.
247 1606 346 1640 Sicut
363 1604 580 1641 Theocritus
595 1607 638 1640 de
662 1605 830 1651 cupidine
850 1604 989 1651 inquit,
1019 1604 1117 1650 quod

101 1657 235 1692 habeat
250 1658 460 1693 insidiosam
481 1666 640 1693 mentem
661 1666 695 1692 et
719 1659 891 1691 blandam
920 1657 1118 1702 loquelam,

101 1709 215 1746 κακαὶ
238 1709 371 1757 φρένες
395 1708 470 1745 ἁδὺ
494 1708 653 1756 λάλημα.
707 1711 815 1746 {Remi
833 1720 912 1745 man
931 1710 1034 1745 ciuem
1053 1718 1118 1744 0011

102 1764 222 1810 θάρρη
239 1763 330 1809 Ῑαςῐ,
358 1766 420 1799 bas
439 1763 536 1799 fctum
552 1763 696 1809 &cbteen
712 1766 818 1798 breme
837 1766 979 1797 meroen.

207 1824 286 1858 Vss.
304 1823 403 1858 1148
421 1838 474 1870 sq.
521 1824 567 1860 O‘i
590 1821 714 1871 θεῶν]
744 1823 814 1868 Qui
834 1821 924 1855 nibil
951 1834 1120 1855 reveren-

103 1885 155 1913 tes
176 1877 296 1912 Deum
328 1889 471 1922 semper
500 1874 636 1909 habent
661 1875 917 1919 cogitationem
942 1874 1120 1907 intentam

103 1932 143 1965 in
168 1931 322 1964 alienam
348 1928 613 1976 possessionem
644 1935 677 1961 et
707 1926 844 1976 bona,]
880 1927 915 1959 id
952 1933 1024 1966 est,

103 1982 210 2018 hiant
231 1983 387 2016 aliorum
412 1982 518 2016 bonis
536 1987 570 2015 et
587 1981 721 2027 ubique
739 1987 883 2014 struunt
901 1980 1065 2012 fraudem
1089 1983 1122 2010 et

106 2035 268 2070 insidias.
323 2035 469 2069 Talium
487 2032 679 2068 bominum
698 2033 806 2067 minis
829 2032 956 2066 fertilis
980 2037 1031 2065 est
1052 2028 1123 2064 hoc

107 2095 271 2134 tempore
289 2094 501 2132 proventus.

1067 1926 1121 1958 in-

209 2139 272 2175 Vs.
289 2138 402 2174 1150.
429 2140 677 2184 Adiungentes
695 2138 790 2171 mala
810 2137 974 2183 symbola
1000 2143 1034 2169 et
1058 2147 1123 2168 no-
1150 2161 1151 2169 ,

108 2200 162 2227 tas
187 2192 260 2227 suis
284 2189 521 2240 malefactis,]
558 2192 594 2225 id
620 2198 690 2231 est,
727 2191 763 2223 in
799 2191 899 2223 omni
932 2200 1123 2223 conversa-

109 2245 209 2279 tione
241 2251 277 2277 et
307 2251 495 2278 contractu
521 2245 644 2278 dolose
672 2249 706 2277 et
730 2243 902 2277 insidiose
924 2248 1053 2286 agunt,

107 2297 244 2344 ubique
265 2297 478 2343 relinquunt
501 2303 583 2341 post
605 2309 640 2331 se
665 2297 855 2329 foetorem.

109 2350 290 2384 malitiosa
314 2356 349 2383 et
372 2349 590 2383 veteratoria
613 2349 777 2393 ingenia,

110 2410 187 2437 tum
210 2402 362 2436 naturis.

111 2455 294 2501 gitonem,
337 2466 444 2501 quem
471 2454 559 2488 dicit
583 2453 772 2487 circumire
800 2465 865 2498 per
887 2454 1030 2493 forum,

918 2294 1015 2328 Haec
1042 2299 1126 2327 sunt

819 2348 950 2382 similia
980 2358 1126 2391 serpen-

114 2572 193 2594 sum
216 2557 527 2605 sycophanticum.
581 2556 828 2604 Horatius¹⁶):

254 2619 305 2643 nic
323 2619 403 2650 niger
423 2622 482 2643 est.
509 2620 578 2643 hunc
597 2623 642 2649 tu,
669 2619 808 2642 Romane.
834 2619 942 2641 caveto.

153 2716 198 2744 15)
218 2714 295 2738 Pind.
314 2714 395 2744 Pyth.
416 2714 442 2743 2,
461 2715 503 2738 1:16.
523 2715 566 2739 ed.
587 2714 706 2738 Rom-kh.

153 2760 200 2788 16)
220 2759 317 2783 Horat.
339 2760 427 2783 serm.
448 2758 468 2786 Ι,
487 2760 514 2781 4.
533 2758 576 2781 8-5.

729 85 1024 122 EXPLICATIO
1060 84 1451 121 SENTENTIARUM
1488 86 1799 124 THEOGMDIS.

310 439 438 473 Donec
463 438 643 484 quispiam
674 438 765 470 vivit
789 444 822 470 et
846 436 961 470 cernit
983 436 1107 469 lumen
1134 438 1135 464 ἶ

1091 2246 1152 2282 et¹

416 2402 544 2435 Talem
566 2374 829 2435 Dembostheiles
852 2400 970 2445 pingit
985 2399 1126 2434 Aristo·
1152 2433 1153 2442 ἵ

1072 2452 1126 2485 vi·
1152 2461 1154 2494 j

110 2509 279 2541 brantem
313 2508 466 2540 caudam
494 2507 762 2552 serpentinam,
797 2505 854 2539 cui
881 2505 1006 2550 infigat
1028 2517 1126 2538 mor·
1153 2536 1155 2542 ,

2102 89 2177 123 170

1131 177 1134 197 ¹
1266 173 1344 209 Vss.
1373 172 1468 208 1151
1489 187 1542 220 sq.
1579 171 1650 221 Mrj
1674 173 1783 223 ποτε]
1820 175 1905 210 Non
1928 175 2040 210 simus
2067 175 2176 209 etiam

1132 217 1269 260 nimis
1286 227 1505 272 suspicaces,
1534 239 1599 260 nec
1619 233 1757 262 veteres
1774 227 1910 261 amicos
1937 234 2072 261 temere
2099 241 2177 261 mu-

1161 284 1298 319 temus,
1326 286 1477 324 propter
1494 280 1668 312 incertam
1688 280 1941 314 mutationem.
1996 279 2043 314 Et
2067 292 2085 312 a
2112 280 2178 313 bo-

1161 331 1216 364 nis
1236 331 1390 375 ingeniis
1407 332 1513 376 longe
1533 333 1655 366 abesse
1671 333 1777 365 debet
1793 332 1962 377 suspicio.
2023 331 2073 365 Et
2090 331 2179 364 alio-

1133 377 1136 435 ζ
1163 382 1226 428 qui
1245 383 1424 418 amicitiae
1441 391 1577 418 veteres
1602 385 1815 429 probandae
1840 391 1942 424 sunt,
1973 384 2065 418 sicut
2088 383 2180 417 anti-

1133 470 1135 489 ἦ
1163 447 1232 480 qua
1254 436 1391 469 nobilia
1411 437 1508 477 vina,
1536 437 1651 483 iisque
1669 438 1850 470 interdum
1869 436 2007 482 aliquid
2025 442 2077 470 est
2095 449 2180 470 con-

1134 496 1136 533 f
1163 488 1387 522 donandum.
1442 488 1608 523 Vivimus
1626 490 1720 524 enim
1740 502 1816 523 non
1839 495 1879 522 ut
1903 489 1997 522 inter
2020 489 2180 533 angelos,

1163 540 1225 573 sed
1249 546 1289 573 ut
1316 540 1411 573 inter
1436 538 1622 581 homines,
1667 542 1728 576 ubi
1755 542 1909 575 multum
1934 548 1986 575 est
2014 541 2180 575 dissimu-

1135 619 1137 624 .
1163 591 1325 626 landum.

1269 644 1323 678 Ne
1355 656 1517 690 unquam
1548 646 1732 692 relinquas
1758 652 1985 691 praesentem
2010 645 2181 685 amicum,

1165 702 1227 730 aut
1256 708 1389 742 quaere
1416 697 1547 738 alium,
1585 700 1732 732 credens
1762 697 1880 732 verbis
1902 697 2037 730 levium
2063 695 2182 730 homi-

1164 746 1290 797 num,]
1328 748 1365 782 id
1390 755 1462 789 est,
1502 762 1546 782 ne
1572 751 1765 796 patefacias
1789 763 1894 785 aures
1925 749 2182 783 calumniatori

1165 808 1329 835 veterum
1349 802 1564 836 amicorum.
1599 801 1744 846 Δειλοὶ,
1773 802 1864 847 Βὸῖε,
1892 801 2026 847 beillofe
2045 803 2154 839 rente.

1271 861 1350 896 Vss.
1379 860 1477 897 1153
1494 876 1546 909 sq.
1590 862 1678 912 Εἰἠ]
1714 863 1769 897 De
1795 864 2018 897 moderanda
2046 861 2183 907 cupidi-

1306 914 1524 962 Ubicunque
1542 923 1625 950 sunt
1643 929 1797 961 magnae
1821 923 1855 950 et
1880 915 2060 949 violentae
2085 914 2183 959 cupi-

1167 967 1318 1009 ditates,
1347 967 1397 1000 ibi
1420 969 1496 1002 fieri
1513 981 1588 1001 non
1608 975 1744 1014 potest,
1774 969 1862 1015 quin
1885 974 2085 1014 sequantur
2108 979 2184 1000 ma-

1168 1020 1230 1065 gni
1254 1027 1288 1053 et
1312 1020 1430 1054 tristes
1446 1033 1558 1055 casus.
1613 1021 1787 1066 Borgias,
1816 1022 1909 1055 filius
1926 1019 2184 1064 P011tificis¹⁷)‚

1140 1075 1141 1079 ’
1168 1073 1348 1106 scribebat
1364 1073 1401 1105 in
1419 1073 1491 1107 suis
1509 1073 1646 1108 vexillis
1664 1073 1825 1108 Italicum
1849 1071 2082 1118 rhythmum:
2111 1071 2185 1104 Aut

1170 1124 1303 1159 Caesar
1334 1131 1396 1159 aut
1425 1123 1528 1160 nihil.
1601 1126 1760 1171 Quando
1794 1126 1924 1172 aliquis
1947 1125 2055 1158 talem
2082 1136 2183 1169 spem

1142 1188 1143 1191 ’
1170 1177 1355 1222 concepit,
1395 1184 1427 1211 et
1454 1178 1513 1211 illa
1542 1179 1720 1223 cupiditas
1744 1185 1868 1224 postea
1893 1177 2036 1217 crescit,
2072 1176 2187 1209 multa

1170 1236 1285 1263 tentat
1302 1242 1366 1274 per
1386 1230 1459 1263 vim
1485 1237 1547 1264 aut
1569 1231 1754 1271 fraudem,
1792 1231 1922 1277 quibus
1948 1229 2016 1263 sibi
2041 1229 2189 1262 tandem

1171 1282 1413 1316 calamitatem
1452 1281 1611 1317 attrabit.
1683 1283 1747 1317 Est
1781 1283 1891 1328 igitur
1926 1280 1984 1315 hic
2023 1281 2187 1314 additum

1171 1340 1405 1380 praeceptum
1428 1336 1472 1368 de
1495 1335 1618 1369 nimiis
1637 1335 1895 1380 cupiditatibus
1919 1333 2118 1368 frenandis.

1276 1386 1429 1420 Utinam
1464 1400 1606 1432 possem
1638 1388 1759 1422 vivere
1794 1399 1915 1422 secure
1949 1393 1984 1420 et
2015 1386 2188 1420 ditescere

1173 1439 1308 1485 absque
1327 1440 1422 1474 curis
1447 1446 1481 1473 et
1501 1439 1639 1488 malis.]
1674 1441 1742 1474 Sed
1771 1453 1871 1474 sacra
1897 1439 2076 1483 scriptura
2104 1437 2191 1471 dicit

1172 1492 1280 1525 talem
1306 1504 1407 1536 spem
1434 1505 1508 1527 esse
1537 1493 1727 1527 lubricam.
1796 1492 1843 1526 Et
1868 1491 2090 1536 Augustinus
2119 1489 2189 1523 ait:

1174 1544 1245 1578 Ubi
1268 1544 1367 1578 nulla
1398 1551 1450 1578 est
1473 1558 1579 1586 crux,
1622 1545 1672 1579 ibi
1703 1543 1844 1579 habitat
1881 1545 1933 1577 ira
1955 1543 2036 1577 Dei.
2099 1541 2191 1576 Cum

1174 1597 1270 1630 enim
1298 1596 1496 1642 aliquando
1522 1610 1671 1643 peregre
1695 1598 1982 1644 proficisceretur
2009 1608 2090 1629 cum
2119 1594 2192 1629 suis

1173 1649 1346 1683 fratribus
1365 1650 1608 1694 Augustinus,
1643 1657 1676 1684 et
1693 1650 1897 1685 divertisset
1915 1649 1952 1682 in
1977 1648 2191 1694 splendidis-

1173 1702 1302 1736 simam
1321 1702 1471 1735 domum
1491 1703 1678 1736 cuiusdam
1697 1703 1832 1743 divitis,
1855 1701 2072 1735 renitentem
2091 1698 2190 1733 omni

1174 1754 1278 1799 copia
1296 1760 1330 1788 et
1345 1754 1451 1794 luxu,
1478 1754 1554 1799 ipse
1571 1761 1610 1788 ut
1626 1755 1681 1789 vir
1704 1761 1847 1789 sanctus
1875 1754 1993 1798 coepit
2019 1766 2100 1786 curn
2128 1750 2193 1785 ho-

1174 1807 1265 1852 spite
1282 1819 1346 1841 suo
1364 1808 1407 1840 de
1427 1806 1550 1840 multis
1564 1808 1672 1841 rebus
1691 1807 1920 1841 familiariter
1945 1804 2122 1850 colloqui,
2158 1810 2193 1836 et

1175 1860 1270 1893 inter
1287 1860 1356 1892 alia
1376 1859 1575 1905 quaesivit,
1598 1872 1684 1893 num
1707 1859 1793 1906 quid
1811 1860 1848 1892 in
1867 1858 1939 1891 vita
1958 1858 1990 1891 ei
2007 1856 2194 1890 accidisset

1176 1911 1331 1945 adversi.
1387 1911 1495 1957 Quod
1514 1924 1593 1944 cum
1617 1912 1675 1945 ille
1700 1917 1883 1955 negasset,
1920 1916 1954 1943 et
1981 1909 2192 1944 diuturnam

1177 1976 1278 1997 suam
1300 1963 1507 1997 felicitatem
1538 1964 1719 1998 iactasset:
1765 1964 1927 2008 Tempus
1960 1969 2032 2003 est,
2075 1960 2194 2007 inquit

1176 2016 1420 2061 Augustinus,
1449 2023 1489 2049 ut
1504 2014 1589 2050 hinc
1608 2017 1846 2050 discedamus.
1901 2014 1969 2048 Hic
1987 2015 2084 2048 enim
2112 2026 2191 2047 cum

1177 2068 1367 2102 saturitate
1400 2074 1434 2101 et
1467 2069 1570 2113 copia
1604 2069 1775 2103 securitas
1802 2066 1961 2108 habitat,
2005 2080 2115 2113 quam
2140 2065 2193 2098 ira

1177 2121 1247 2155 Dei
1267 2120 1462 2166 opprimet.
1517 2120 1682 2167 Cumque
1704 2121 1835 2166 egressi
1864 2126 1983 2154 essent
2006 2120 2043 2152 iu
2067 2119 2194 2157 altum,

1177 2174 1288 2220 paulo
1305 2179 1387 2218 post
1406 2173 1533 2206 oborta
1553 2180 1604 2207 est
1622 2180 1828 2219 tempestas,
1853 2179 1886 2205 et
1901 2173 2038 2206 fulmen
2053 2171 2194 2204 irruens

1179 2228 1329 2260 domurn
1363 2225 1524 2258 incendit
1558 2232 1592 2259 et
1627 2227 1816 2260 dominum
1847 2226 1966 2270 ipsum
2005 2222 2193 2269 oppressit.

1179 2279 1237 2314 Sic
1261 2279 1383 2325 itaque
1406 2278 1444 2311 in
1466 2277 1568 2323 copia
1599 2290 1639 2312 ac
1657 2278 1848 2313 securitate
1866 2277 2036 2323 pulvinar
2054 2283 2087 2310 et
2103 2275 2194 2308 mol-

1180 2332 1222 2366 lis
1237 2329 1362 2365 thorus
1383 2337 1608 2365 constructus
1627 2338 1679 2365 est
1696 2331 1862 2365 Satanae.
1916 2329 1979 2364 Est
1997 2329 2106 2374 igitur
2124 2325 2194 2360 hoc

1180 2391 1305 2418 votum
1327 2383 1546 2417 conveniens
1562 2381 1704 2418 homini
1720 2382 1877 2418 ethnico.

1284 2444 1362 2478 vVss.
1383 2442 1481 2479 1155
1501 2457 1553 2490 sq.
1585 2443 1676 2480 Ofs't'
1691 2443 1763 2492 18)]
1796 2444 1868 2477 lain
1888 2441 2050 2488 sequitur
2071 2439 2191 2474 statim

1182 2496 1363 2531 contraria
1391 2497 1589 2535 sententia,
1632 2504 1671 2530 ut
1707 2503 1877 2542 appareat
1912 2492 2006 2528 bunc
2031 2493 2190 2526 libellum

1153 2551 1156 2599 1
1181 2563 1257 2584 non
1276 2561 1349 2583 esse
1365 2549 1471 2584 unius
1490 2549 1639 2583 autoris.

1168 921 1251 948 tate.

1154 2637 1156 2648 Ι

1154 2649 1157 2685 Ι
1221 2676 1266 2703 17)
1287 2674 1394 2698 Caesar
1415 2674 1533 2702 Bon-„ia
1561 2672 1734 2697 Caudinalis,
1761 2671 1832 2694 filius
1853 2669 2003 2693 Alexandri
2026 2669 2072 2692 w.
2094 2668 2191 2697 Papae

1222 2720 1267 2746 la)
1291 2714 1358 2741 Ori’t
1362 2719 1374 2746 ]
1402 2717 1442 2740 sic
1467 2716 1608 2740 1·,ό.1,”)60
1639 2714 1911 2741 et'riueog11.}<d=tt
1931 2712 2121 2736 1561—1551.
2147 2712 2192 2733 at-

1155 2743 1157 2767 ]
1254 2760 1305 2784 que
1325 2749 1824 2782 6319(ίῆΕσῑιι.Βτιιιιικ,,Βει,-ι;.,
1850 2748 1952 2776 Bergk.
1973 2743 2036 2771 (tt-z.
