2341 2973
183 97 256 134 359

759 191 794 224 Ξ.
848 187 908 221 IN

787 91 910 128 PHIL.
945 89 1058 126 MEL.
1095 89 1298 126 SCRIPTA
1330 90 1668 128 PHILOLOGICA.

966 184 1257 220 v1RG1L11
1308 185 1661 222 GEORGICA

2152 94 2228 130 360

617 256 829 292 [SCHOLIA
861 252 1160 284 PROLIXIORA
1189 251 1401 283 PHILIPPI
1430 250 1793 281 MELANTHOMS.

274 350 353 378 Haec
376 349 485 377 scholia
507 358 566 377 non
588 350 759 378 Melantlion
782 350 864 387 ipse,
888 348 941 376 sed
965 347 1090 376 Ioannes
1113 347 1232 375 Gastius
1255 346 1436 374 Brisacensis
1459 345 1551 373 edidit
1575 351 1604 373 et
1618 345 1752 373 ‹jedeoni
1767 345 1803 373 ab
1819 343 2091 382 Ostlieiin‘dicavit.

2139 346 2231 374 Huius

189 393 331 431 epistolae
360 393 608 429 nuncupatoriae,
632 392 764 420 Basileae
794 391 848 420 25.
872 392 992 428 Augusti
1018 388 1111 419 1544.
1135 389 1279 427 scriptae,
1308 389 1483 426 principium
1515 388 1543 417 h.
1568 388 1586 415 l.
1614 387 1724 415 att‘erre
1753 388 1851 423 iuvat,
1887 389 2008 426 exffiijquo
2033 388 2125 416 lector
2147 388 2232 416 huius

187 433 353 473 prolixioris
375 435 573 463 commentarii
598 435 737 471 originem
762 439 929 470 cognoscat:

316 489 434 522 Nobili
456 501 496 521 uc
517 501 703 530 generosae
726 491 849 520 indolis
871 490 1092 528 adolescenti,
1123 488 1271 519 (Jedeom’
1300 485 1342 517 ab
1366 486 1536 523 ostheim,
1567 482 1754 527 pincernae
1784 486 2018 517 haereditario
2041 492 2102 518 etc.
2133 487 2233 518 Ioan-

359 544 416 563 nes
442 532 577 564 Gastms
601 533 819 563 Brisaccnsis
844 532 878 563 S.
899 531 945 563 D.

275 594 389 623 Obtulit
413 593 527 631 quidam
550 603 607 620 non
632 594 807 632 inelegantis
830 593 939 631 ingenii
967 592 1155 628 adolescens,
1186 591 1393 620 Westhemero
1417 590 1600 628 typographo
1624 599 1682 618 nou
1704 590 1885 628 indiligenti,
1907 590 1944 618 D.
1967 589 2095 628 Philippi
2118 590 2235 618 Melan-

194 637 305 670 thonis,
329 635 398 670 viri,
422 642 453 663 ut
476 635 548 663 nihil
571 635 650 663 aliud
674 636 783 673 dicam,
812 637 839 664 in
866 635 1082 672 disciplinarum
1106 643 1235 672 genere,
1265 633 1425 671 praecipue
1455 639 1554 661 autem
1582 633 1610 660 in
1643 633 1735 661 veteri
1766 633 1928 670 theologia,
1957 632 2176 668 exerchissimi,
2205 633 2234 660 in

191 680 278 708 libros
306 679 414 714 Georg.
438 677 529 715 Vei-g.
559 677 693 715 Scholia,
728 687 802 717 qnae
832 687 869 706 ex
898 678 976 705 illius
1006 686 1073 713 ore,
1107 686 1163 714 qua
1192 677 1286 714 potuit
1316 675 1485 712 diligentia,
1515 676 1656 713 <excepitz
1688 684 1795 712 rogans
1828 681 1859 703 ut
1882 675 1930 711 id,
1960 675 2166 713 qualecunque
2189 675 2236 712 sit,

192 721 276 759 prelo
305 720 505 748 subiiceretur.

567 720 669 748 Noluit
694 722 772 749 enim
803 729 855 757 ea,
893 720 960 747 licet
990 718 1118 747 nondum
1149 719 1297 754 absoluta,
1335 723 1365 746 et
1394 723 1507 746 temere
1539 722 1694 755 congesta,
1724 726 1805 745 more
1836 717 2018 755 quorundam
2047 716 2237 753 abscondere,

194 764 324 800 aliosque
347 762 400 789 hoc
423 763 565 790 litterario
589 763 725 791 thesauro
749 762 945 798 defraudare,
974 761 1023 788 vel
1045 769 1077 789 se
1100 762 1214 798 ipsum,
1248 761 1271 788 si
1295 760 1412 797 publice
1436 761 1505 798 quid
1529 760 1763 798 praelegendum
1787 765 1880 795 esset,
1910 758 2018 797 plumis
2039 759 2145 787 alienis
2167 769 2236 788 con-

194 805 315 833 vestire.

359 804 482 833 Candidi
504 804 629 833 hominis
651 806 802 844 proprium
827 814 891 833 esse
915 804 1046 840 dicebat,
1068 804 1165 831 multis
1187 812 1239 830 sua
1260 803 1403 830 industria
1428 803 1587 840 prodesse,
1619 808 1649 831 et
1672 811 1748 840 quae
1772 803 1819 830 vel
1844 802 1972 840 aliquam
1996 801 2152 830 utilitatem
2175 807 2238 830 stu-

195 848 280 875 diosis
304 847 442 875 bonarum
466 847 630 875 litterarum
652 848 771 876 adferre
800 853 936 886 possent,
966 855 1023 873 non
1048 845 1250 884 supprimere,
1280 853 1377 882 neque
1400 845 1522 873 aliorum
1553 845 1632 874 laudi
1656 845 1807 880 invidere,
1837 844 1889 874 sed
1919 844 2053 872 omnibus
2075 844 2238 872 liberaliter

196 890 417 918 communicare.
470 890 507 917 Et
537 890 625 927 plane
649 890 762 918 confido
792 896 941 926 autorem,
972 888 1052 916 cuius
1080 888 1191 925 ingenii

197 932 327 960 editione
352 932 525 968 consulere,
559 942 646 971 quum
670 933 811 960 malitioso
835 931 907 960 nihil
932 932 977 959 hic
1000 931 1037 958 sit
1062 936 1158 958 actum
1183 930 1288 960 animo,

1213 887 1370 916 candorem
1400 895 1486 915 nemo
1511 896 1569 915 non
1601 887 1699 921 novit,
1734 887 1801 914 boni
1829 886 1956 915 studium
1980 891 2110 914 nostrum
2131 886 2186 914 hac
2210 887 2240 914 in

1342 929 1508 958 Adiecimus
1537 930 1589 965 iis,
1619 938 1694 967 quae
1717 929 1836 966 damus,
1865 928 1978 957 Eobani
2001 928 2086 957 Hessi
2109 928 2240 957 doctissi-

197 983 258 1002 mas
280 975 482 1002 annotationes
505 975 534 1001 in
565 975 684 1003 eosdem
707 976 919 1012 Georgicorum
951 974 1056 1008 libros,
1086 973 1141 1000 iam
1172 972 1270 1000 denuo
1292 972 1487 1009 locupletatas
1515 981 1549 1000 ac
1579 972 1810 1008 emendatiores,
1842 977 1871 999 et
1896 970 2037 999 nonnulla
2059 971 2134 1006 alia,
2165 979 2239 1009 quae

199 1017 296 1044 omnia
317 1017 384 1045 iusti
406 1017 606 1045 commentarii
628 1015 690 1045 loco
714 1026 778 1045 esse
802 1022 922 1055 possunt
946 1022 1003 1044 etc.

286 1076 329 1102 Ex
352 1074 463 1102 duabus
486 1075 668 1103 Editionibus
696 1075 799 1103 horum
821 1075 996 1103 scholiorum
1019 1081 1108 1111 supra
1129 1082 1158 1110 p.
1172 1070 1238 1101 349
1252 1083 1297 1111 sq.
1319 1072 1489 1111 descriptis,
1521 1083 1641 1112 quarum
1666 1074 1759 1102 altera
1785 1071 1943 1102 Basileae
1966 1082 1993 1103 a.
2017 1071 2126 1111 154⁴„
2149 1073 2241 1102 altera

203 1115 345 1146 Parisiis
367 1126 393 1145 a.
419 1116 513 1147 1548.
535 1118 658 1155 prodiit,
681 1118 772 1146 solam
796 1118 924 1156 priorem
948 1117 977 1145 in
998 1115 1130 1144 manibus
1154 1115 1260 1144 habeo.

233 1315 474 1350 Praefatio
498 1313 709 1360 Philippi
733 1310 1051 1346 Melanthonis
1089 1310 1133 1343 in
1162 1310 1308 1344 libros
1333 1310 1670 1355 Georgicorum
1699 1310 1740 1346 P.
1769 1310 1962 1355 Virgilii
1989 1306 2212 1345 Maronis.

306 1401 621 1446 Quemadmodum
645 1399 683 1432 in
705 1399 837 1433 Ovidio
871 1396 1082 1442 exponendo
1114 1394 1196 1427 feci-

205 1465 302 1493 mus,
334 1452 384 1485 ita
411 1451 469 1486 hic
495 1452 601 1485 etiam
627 1452 669 1484 de
693 1451 762 1484 fine
782 1456 816 1483 et
831 1449 985 1483 utilitate
1002 1446 1121 1492 operis
1140 1458 1196 1479 co-

205 1504 390 1549 gitandum
422 1509 485 1537 est.
550 1502 615 1536 Illa
646 1515 729 1547 ergo
760 1502 895 1535 utilitas
926 1497 1101 1544 generalis
1135 1503 1198 1537 est,

207 1567 297 1601 quae
334 1556 378 1588 ad
413 1567 523 1599 genus
556 1553 680 1587 Latini
725 1553 900 1588 sermonis
943 1550 1118 1596 pertinet,
1161 1549 1198 1580 in

208 1618 279 1653 quo
291 1607 535 1651 comparando
551 1606 703 1639 multum
721 1617 850 1650 operae
868 1603 1117 1637 collocandum
1137 1605 1197 1633 est.

208 1658 393 1703 Quantum
414 1657 509 1691 enim
528 1657 648 1697 studii,
667 1662 912 1702 quantumque
932 1652 1066 1686 laboris
1085 1664 1125 1684 ea
1144 1663 1199 1684 res

208 1709 383 1755 postulet,
424 1716 464 1742 ut
487 1709 544 1741 vel
568 1708 749 1742 mediocre
778 1707 960 1753 quoddam
991 1704 1046 1736 vel
1071 1703 1199 1735 tolera-

208 1761 277 1795 bile
299 1761 441 1794 dicendi
470 1772 580 1804 genus
611 1770 893 1805 consequamur,
932 1755 1033 1788 facile
1070 1753 1200 1786 intelli-

210 1819 297 1858 gunt
318 1812 363 1852 ii,
391 1812 512 1858 quiin
538 1809 606 1845 hoc
631 1811 749 1845 studio
775 1815 974 1843 versantur.
1035 1805 1128 1840 Nam
1155 1805 1201 1837 ad

211 1865 308 1897 illam
342 1870 496 1897 veterem
536 1870 569 1897 et
608 1863 833 1907 splendidam
874 1857 1117 1905 eloquentiam
1148 1854 1202 1889 his

212 1915 451 1960 temporibus,
491 1913 545 1949 his
572 1914 697 1949 studiis
725 1912 913 1959 pervenire
941 1922 1046 1944 nemo
1074 1914 1201 1953 potest.

214 1967 282 2000 Sed
306 1972 425 1999 tamen
444 1966 531 1999 illud
556 1967 692 2011 ipsum,
719 1966 816 2011 quod
842 1965 977 1997 efficere
1002 1972 1203 2005 possumus,

212 2016 322 2051 habet
338 2019 496 2062 profecto
514 2018 550 2051 in
575 2017 735 2064 quolibet
757 2028 885 2061 genere
907 2013 1109 2049 studiorum
1126 2011 1204 2044 infi-

213 2069 327 2102 nitam
346 2069 546 2104 utilitatem.
600 2069 792 2102 Mediocris
808 2068 935 2114 aliquis
951 2063 1204 2111 grammaticus

215 2132 386 2165 magnum
404 2121 474 2153 iam
492 2120 598 2154 habet
621 2121 758 2154 aditum
783 2121 826 2153 ad
844 2118 1019 2165 quaslibet
1035 2122 1140 2155 artes,
1164 2126 1204 2147 ex

218 2172 345 2218 quibus
363 2171 391 2218 ¹)
420 2173 465 2205 ad
489 2185 738 2218 quamcunque
755 2185 790 2206 se
807 2170 1037 2216 applicuerit,
1071 2165 1202 2199 minori

217 2223 361 2268 negotio
377 2223 414 2255 in
433 2235 471 2256 ea
490 2223 538 2268 ¹²)
556 2225 766 2258 versabitur.
819 2225 936 2268 Atque
957 2222 1002 2254 ob
1019 2217 1112 2252 hanc
1128 2229 1201 2250 rem

217 2274 441 2319 potissimum
464 2274 521 2307 isti
547 2281 707 2315 autores,
735 2275 796 2320 qui
819 2280 902 2308 sunt
926 2273 961 2305 in
985 2270 1111 2304 Latina
1137 2269 1203 2301 lin-

219 2338 285 2371 gua
303 2321 504 2370 praecipui,
532 2325 569 2357 in
594 2324 721 2359 scholis
738 2330 1012 2370 proponuntur,
1040 2320 1203 2354 videlicet

219 2384 365 2421 propter
382 2377 648 2419 grammaticam
662 2404 671 2416 ,
698 2384 737 2410 ut
751 2377 907 2423 aliquam
933 2373 1201 2410 similitudinem

221 2440 481 2473 consequamur
500 2428 672 2461 orationis
688 2429 822 2466 bonae,
851 2441 894 2460 ne
913 2427 957 2461 sit
975 2431 1097 2460 nostra
1124 2435 1202 2456 ora-

221 2480 269 2512 tio
287 2480 447 2523 impura,
474 2479 636 2512 mutilata
662 2485 726 2512 etc.

223 2582 266 2613 ad
297 2581 498 2623 diligentius
534 2581 786 2618 iudicandum,
827 2583 922 2626 quod
961 2581 1067 2614 etiam
1104 2577 1204 2611 facile

259 2664 286 2692 1)
306 2670 338 2687 ex
359 2665 470 2694 quilius]
493 2666 532 2688 sic
550 2665 664 2696 scripsi,
683 2665 733 2690 Ed.
750 2665 822 2688 1544.
846 2664 950 2694 quibus.

259 2697 298 2729 1¹)
318 2697 363 2729 ea]
385 2700 431 2723 tm.
449 2700 521 2724 ¹54⁴.
541 2706 582 2724 eo.

779 2479 916 2512 Deinde
943 2478 1000 2511 illa
1026 2476 1101 2520 ipsa
1125 2474 1202 2507 dili-
1229 2511 1231 2523 ,

221 2530 335 2573 gentio
357 2530 393 2562 in
410 2531 596 2563 scribendo
614 2537 647 2563 et
664 2531 812 2574 legendo
833 2530 1019 2564 assuefacit
1043 2527 1203 2560 animum
1229 2531 1230 2537 ¹

1221 1410 1226 1433 ι
1249 1396 1481 1441 experiuntur
1502 1396 1547 1437 ii,
1576 1396 1638 1443 qui
1662 1409 1698 1431 se
1718 1402 1892 1431 exercent.
1946 1395 2113 1429 Secundo
2139 1393 2245 1429 huius

1251 1448 1369 1493 operis
1389 1447 1560 1482 utilitates
1584 1448 1781 1492 peculiares
1807 1454 1909 1487 sunt,
1955 1459 2046 1493 quae
2072 1459 2114 1481 ex
2140 1458 2245 1490 argu-

1250 1506 1373 1532 mento
1399 1499 1625 1543 colliguntur.
1679 1498 1720 1532 In
1743 1499 1861 1543 primo
1887 1498 1979 1531 libro
1997 1510 2110 1543 pauca
2137 1509 2245 1544 quae-

1251 1552 1334 1585 dam
1352 1557 1386 1584 et
1402 1550 1505 1584 exilia
1523 1557 1711 1595 praecepta
1728 1550 1839 1584 tradit
1852 1551 1896 1583 de
1915 1549 2146 1594 agricultura.
2181 1548 2245 1583 His

1252 1608 1335 1636 sunt
1357 1602 1476 1635 addita
1503 1603 1680 1648 quaedam
1706 1600 1850 1646 physica
1877 1607 1911 1635 et
1935 1600 2181 1635 astronomica
2201 1600 2245 1633 de

1254 1654 1390 1687 ortibus
1414 1660 1449 1687 et
1478 1654 1658 1687 occasibus
1684 1653 1882 1687 stellarum.
1944 1652 2065 1698 Quare
2090 1651 2244 1686 multum

1254 1705 1359 1738 etiam
1373 1705 1535 1749 proderit
1550 1704 1651 1739 vobis
1663 1703 1719 1738 hic
1731 1704 1822 1738 liber
1831 1705 1874 1737 ad
1886 1703 2086 1737 doctrinam
2100 1709 2245 1737 ortuum

1255 1762 1289 1789 et
1305 1768 1492 1790 occasuum
1507 1782 1516 1796 ,
1541 1761 1574 1789 et
1599 1757 1643 1789 ad
1666 1754 1830 1801 physicas
1847 1756 2020 1801 quasdam
2036 1754 2249 1800 disputatio-

1254 1819 1328 1841 nes.
1371 1806 1409 1840 ln
1426 1808 1581 1842 secundo
1598 1808 1708 1841 tradit
1724 1806 1906 1841 hortensia
1922 1813 2109 1852 praecepta
2121 1833 2130 1847 ‚
2156 1817 2248 1852 quae

1255 1857 1423 1892 nonnihil
1446 1857 1581 1892 habent
1602 1858 1839 1899 difficultatis,
1874 1865 1909 1892 et
1933 1871 1952 1892 a
1977 1858 2081 1892 nobis
2099 1857 2247 1901 diligen-

1256 1911 1325 1944 tius
1351 1911 1633 1955 explicabuntur.
1693 1909 1756 1944 Est
1778 1916 1895 1944 autem
1918 1921 1992 1943 non
2016 1909 2140 1954 exigua
2164 1920 2249 1954 pars

1258 1962 1470 1996 eruditionis
1494 1968 1614 1995 tenere
1640 1962 1929 1995 nomenclaturas
1956 1974 2089 1995 rerum.
2148 1959 2189 1994 ln
2212 1961 2247 1995 3.

1258 2015 1300 2046 de
1321 2014 1419 2047 cultu
1447 2026 1615 2058 pecorum
1647 2013 1780 2047 scribit,
1850 2012 1888 2045 ln
1905 2012 1960 2054 4.,
1996 2013 2057 2059 qui
2082 2012 2247 2057 inprimis

1258 2066 1398 2110 elegans
1419 2072 1487 2105 est,
1516 2071 1549 2098 et
1567 2065 1620 2097 vel
1638 2064 1790 2097 maxime
1813 2064 1885 2097 vim
1906 2071 1939 2098 et
1963 2064 2168 2099 felicitatem
2193 2063 2247 2096 in-

1258 2117 1353 2161 genii
1377 2115 1481 2151 huius
1507 2116 1642 2149 autoris
1670 2116 1844 2157 ostendit,
1872 2128 1950 2150 eam
1972 2122 2111 2162 partem
2135 2115 2246 2149 cultu-

1257 2181 1318 2202 rae
1337 2168 1602 2213 complectitur,
1643 2180 1733 2212 quae
1761 2169 1806 2200 ad
1832 2180 1916 2213 apes
1932 2168 2098 2214 pertinet.
2153 2165 2246 2201 [nse-

1257 2227 1386 2254 runtur
1407 2219 1514 2253 etiam
1541 2219 1643 2252 multi
1668 2219 1737 2253 loci
1761 2224 1988 2262 communes‘,
2016 2231 2172 2267 quorum
2190 2230 2246 2251 co-

1257 2272 1368 2315 gnitio
1387 2271 1538 2304 multum
1555 2268 1662 2303 habet
1679 2271 1853 2305 utilitatis.

1257 2356 1507 2391 Collatio
1560 2356 1805 2399 Virgilii
1855 2354 2244 2389 cumGraecis

1595 2407 1904 2440 autoribus.

1332 2473 1430 2510 Nihil
1446 2488 1568 2509 moror
1585 2476 1679 2509 illam
1696 2475 1864 2514 fabulam,
1885 2486 1953 2520 qua
1963 2473 2151 2518 Virgilium
2164 2486 2244 2507 cum

1230 2555 1231 2570 3
1257 2527 1415 2560 Homero
1427 2554 1436 2567 ,
1455 2527 1611 2561 Hesiodo
1629 2534 1663 2560 et
1678 2525 1872 2560 Theocrito
1890 2526 2096 2564 conferunt,
2121 2532 2154 2558 ct
2171 2525 2244 2558 Ho-

1230 2573 1233 2619 ξ
1258 2591 1356 2611 mero
1376 2591 1510 2622 parem,
1526 2579 1682 2612 Hesiodo
1699 2578 1933 2622 superiorem,
1950 2574 2144 2610 Theocrito
2157 2575 2243 2609 infe-

1231 2631 1234 2687 ἰ
1258 2630 1390 2663 riorem
1410 2631 1554 2664 faciunt.
1604 2630 1683 2663 Scio
1700 2628 1880 2663 Aeneiden
1896 2628 2038 2672 Virgilii
2062 2628 2242 2674 quandam

1230 2691 1233 2703 ¹
1259 2694 1330 2715 esse
1361 2680 1489 2716 Iliados
1517 2682 1772 2721 imitationem,
1808 2692 2027 2726 quamquam
2061 2678 2167 2713 etiam
2201 2689 2242 2711 ex
