2341 2973
208 78 282 114 563

281 163 401 187 Ubertini
420 164 562 192 lacrymas
582 162 669 186 stillat
689 162 721 185 de
741 169 808 192 rupe
827 163 958 187 cadentes

345 206 507 229 Fonticulus
527 205 625 228 vitreis
645 206 857 235 conspiciendus
879 205 973 235 aquis,

276 250 358 279 Quem
382 249 447 272 bibit
466 249 492 271 in
513 247 598 277 petris
619 249 786 272 Samnitibus
807 250 898 273 incola
918 248 1001 271 vallis

343 290 482 320 rapinae,
502 291 529 313 et
550 290 629 313 senat
650 291 778 314 blandula.
798 291 910 320 lympha
930 290 1013 313 sitim.

273 335 343 358 Tres
363 333 427 357 olim
446 333 503 361 hic,
524 333 597 357 fama
617 335 676 362 est,
698 334 794 357 viduae
814 335 916 356 flevere
937 334 1046 363 puellae

346 377 420 400 flacc
441 377 563 405 patrem,
583 377 648 400 haee
667 377 777 403 natum,
797 376 909 399 tristior
929 376 978 399 illa
998 376 1102 408 virum,

277 420 327 450 Qui
348 426 409 443 cuin
427 419 559 442 Romanis
578 420 690 442 (lucibus
712 420 775 442 tuno
796 420 913 443 fortibus
933 420 1018 443 arinis

345 461 498 492 Congressi
519 463 631 491 pulchra
651 464 739 485 morte
759 462 852 485 obiere
873 463 950 486 diem.

276 505 297 530 O
319 505 380 529 sons
401 506 464 528 nate
483 504 536 534 piis
558 505 690 534 lacrymis
711 506 737 528 et
757 504 864 528 fletibus
884 506 983 535 aucte,

347 547 436 571 Testis
457 548 483 571 et
503 546 632 577 antiquae
652 548 714 571 sous
736 547 846 577 pietatis
864 554 950 571 amor.

504 623 635 669 Lycii
668 625 711 657 in
748 637 896 659 ranas.

307 693 562 737 Depingnntnr
597 691 654 725 bic
696 693 837 737 ingenia
871 700 904 726 et
942 706 1060 727 mores
1094 695 1200 728 rusti-

204 757 352 785 corum,
398 745 460 790 qui
491 745 527 776 in
559 744 680 778 multis
717 745 943 788 regionibus,
983 751 1021 778 ut
1058 745 1094 777 in
1128 746 1201 778 An-

203 797 270 839 glia
308 803 341 829 et
371 795 569 835 vasconia,
615 797 704 829 adeo
741 796 898 840 improbi
933 802 1015 829 sunt
1054 803 1088 829 et
1125 809 1200 829 ma-

202 847 331 887 litiosi,
374 853 413 881 ut
448 847 583 879 nemini
624 848 735 880 ullum
767 845 1004 880 humanitatis
1042 848 1198 881 officium

203 905 401 943 praestent,
430 910 474 930 ne
493 898 559 942 ipsi
579 898 722 943 quidem
742 898 839 938 Deo,
867 899 895 932 si
915 899 1111 932 advenerit.
1147 898 1197 931 Ea

204 957 255 984 est
271 957 388 983 autem
406 956 534 982 natura
553 950 782 989 rusticorum,
804 956 924 995 utquo
938 950 1052 994 magis
1069 962 1197 994 rogen-

204 1008 279 1042 tur,
318 1014 358 1034 eo
397 1001 608 1034 insolentius
647 1007 681 1034 et
713 1001 958 1035 contumacius
991 1014 1028 1035 se
1061 1008 1197 1045 gerant.

203 1053 329 1086 Servat
356 1053 463 1096 igitur
487 1053 655 1085 decorum
684 1059 789 1096 poeta
814 1052 930 1092 ineo,
975 1054 1070 1098 quod
1096 1053 1198 1097 fingit

202 1104 331 1149 Lycios
357 1105 450 1137 nulla
477 1104 715 1136 obtestatione
740 1104 851 1143 flecti,
881 1116 1011 1149 eosque
1037 1104 1197 1137 converti

202 1156 238 1188 in
264 1168 381 1190 ranas.
440 1156 485 1189 Ut
507 1155 602 1188 enim
628 1167 738 1188 ranae
763 1157 799 1188 in
826 1156 1014 1199 paludibus
1039 1162 1072 1188 et
1090 1156 1195 1188 limo:

201 1208 249 1240 ita
270 1208 392 1241 rustici
418 1207 454 1240 in
482 1207 657 1246 tabernis,
694 1205 867 1247 humore,
903 1208 1015 1247 saltu,
1045 1208 1198 1240 alterca-

200 1259 296 1292 tione
332 1266 365 1292 et
397 1258 653 1291 vociferatione
689 1261 865 1302 gaudent,
901 1271 940 1291 ac
974 1258 1040 1292 sibi
1073 1259 1196 1292 viden-

198 1317 256 1344 tur
273 1311 390 1355 perire
408 1311 484 1351 siti,
509 1311 578 1344 nisi
596 1311 632 1343 in
650 1310 734 1354 ipsis
757 1310 858 1357 quasi
874 1311 978 1344 doliis
996 1309 1170 1344 habitent.

407 1412 617 1457 Marsyas
653 1412 991 1454 exe01·iatus⁵⁷).

301 1480 464 1526 Marsyas
489 1480 555 1513 suit
581 1487 684 1524 poeta
712 1481 863 1525 lyricus,
909 1493 1015 1526 quem
1042 1480 1195 1514 Oviilius

196 1539 408 1577 propterea,
435 1539 475 1565 ut
493 1532 671 1572 arbitror,
700 1533 856 1576 appellat
878 1532 1068 1578 Satyrum,
1098 1533 1195 1577 quod

197 1584 252 1616 vel
285 1584 487 1617 inconditos
522 1584 577 1616 vel
607 1585 804 1617 obscoenos
841 1596 963 1617 versus
1000 1584 1193 1627 scripserit.

196 1635 300 1668 Hunc
335 1641 461 1679 poetae
491 1635 697 1667 fabulantur
720 1648 799 1668 cuni
824 1635 992 1678 Apolline
1024 1635 1193 1667 tibiarum

196 1693 303 1720 cantu
321 1693 484 1719 certasse.
537 1686 621 1718 Fuit
641 1685 734 1718 enim
756 1686 904 1728 insignis
925 1698 1069 1731 quoque
1088 1686 1195 1719 musi-

196 1751 273 1778 cus,
303 1744 409 1783 atque
427 1737 587 1770 omnium
617 1737 752 1782 primus
779 1738 902 1770 tibiam
931 1738 1114 1770 modulate
1139 1737 1196 1769 in-

194 1790 303 1823 ssavit.
360 1789 448 1822 Cum
477 1801 561 1821 vero
591 1801 647 1822 ars
675 1789 841 1822 tibiarum
874 1790 916 1821 ab
944 1789 1002 1822 iilo
1030 1789 1194 1828 excitata,

194 1840 318 1874 baberi
346 1842 440 1885 apud
468 1841 644 1880 Graecos,
672 1840 882 1884 praesertim
916 1839 1129 1880 Thebanos,
1158 1840 1195 1872 in

197 1900 294 1926 tanto
322 1891 459 1925 honore
486 1905 525 1925 ac
552 1892 667 1936 pretio
694 1892 886 1936 coepisset,
924 1899 964 1925 ut
990 1905 1007 1925 a
1034 1892 1195 1925 multitu—

195 1945 278 1977 dine
309 1944 476 1977 omnibns
501 1945 573 1976 fere
604 1944 812 1977 liberalibus
838 1944 974 1977 artibus
1003 1944 1195 1976 anteferre-

197 2002 272 2035 tur,
301 2003 458 2042 essetque
476 2008 587 2040 prope
611 1994 907 2029 honorificentins
926 2008 1060 2029 nomen
1083 1995 1195 2028 tibici-

196 2047 268 2087 nis,
298 2061 405 2092 quam
426 2054 487 2081 aut
503 2054 629 2091 poetae
656 2055 717 2081 aut
739 2047 913 2088 oratoris,
946 2045 1195 2087 Athenienses,

199 2100 293 2143 apud
315 2112 404 2144 quos
421 2100 645 2144 eloquentiae
671 2106 704 2132 et
726 2099 923 2143 sapientiae
951 2099 1067 2133 studia
1094 2105 1195 2131 erant

198 2151 235 2182 in
252 2150 510 2190 admiratione,
540 2153 581 2183 ad
602 2152 823 2184 evellendam
851 2150 943 2184 hanc
970 2151 1194 2195 opinionem,

198 2203 376 2235 finxerunt
397 2203 553 2235 fabulam
580 2205 622 2235 de
648 2203 812 2236 Minerva
842 2203 964 2236 tibiam
993 2202 1195 2242 abiiciente,

197 2260 230 2286 et
256 2255 297 2287 de
314 2253 481 2298 Apolline
500 2254 701 2287 excorianle
720 2255 924 2300 Marsyam,
961 2261 1000 2288 ut
1019 2254 1195 2298 significa-

197 2312 276 2338 rent
293 2312 405 2338 artem
425 2305 575 2338 canendi
597 2306 694 2346 tibia,
724 2320 796 2340 esse
814 2307 1039 2347 illiberalem,
1065 2319 1193 2351 nempe

196 2370 286 2402 quae
305 2355 443 2390 bomini
468 2357 731 2390 deformitatem
751 2359 896 2398 afferat,
925 2371 1034 2404 osque
1060 2365 1093 2392 et
1111 2359 1194 2391 buc-

197 2422 252 2442 cas
271 2409 379 2442 inflet.
434 2409 512 2453 Qua
541 2409 658 2441 sabula
690 2416 807 2443 motus
826 2411 1049 2451 Alcibiades,
1080 2417 1119 2443 ut
1141 2423 1194 2443 re—

196 2460 261 2493 fert
285 2458 498 2494 Plutarchus
515 2460 580 2506 5³¹),
617 2460 723 2494 tibiae
752 2468 895 2495 cantum
921 2469 1105 2496 aversatus
1131 2468 1193 2501 est,

228 2574 276 2606 56)
298 2575 375 2600 Ovid.
398 2579 460 2602 Met.
484 2579 533 2607 Vl,
553 2579 713 2604 317-381.

228 2625 276 2657 57)
299 2626 377 2651 Ovid.
398 2629 461 2653 Met.
484 2630 533 2659 vt,
553 2630 612 2654 400.

228 2677 275 2708 58)
295 2679 432 2704 Plutarch.
454 2680 511 2704 vita
530 2681 680 2705 Alcibiadis
701 2690 722 2706 c.
738 2681 761 2705 2,

774 75 899 113 PHIL.
937 75 1050 112 MEL.
1084 74 1286 110 SCRIPTA
1322 75 1659 113 PHILOLOGICA.

2182 77 2259 114 564

1233 166 1237 206 ξ
1264 169 1436 207 tanquam
1470 162 1806 207 ingenuo-homine
1836 164 2042 208 indignum,
2078 164 2258 209 dixitque:

1264 212 1675 248 CanantThebanorum
1693 217 1812 254 liberi3
1842 215 1941 261 loqui
1960 216 2053 248 enim
2075 216 2258 254 nesciunt;

1263 265 1365 298 nobis
1384 272 1502 299 autem
1524 263 1804 302 Atheniensibus
1831 267 1952 301 sinant
1970 268 2103 312 absque
2121 266 2258 300 invidia

1262 317 1382 349 adesse
1425 323 1455 350 et
1482 317 1706 359 Minervam,
1750 331 1841 365 quae
1874 318 2000 351 tibiam
2031 318 2184 361 abiecit,
2223 324 2258 351 et

1260 367 1463 411 Apollinem
1476 395 1485 409 ‚
1511 369 1571 414 qui
1588 369 1768 403 tibicinem
1787 370 1993 404 excoriavit.
2047 369 2147 414 Quos
2163 368 2258 401 Alci-

1231 432 1233 455 ‹;
1260 419 1374 452 biadis
1407 432 1590 453 sermones
1620 421 1753 464 partim
1782 422 1861 455 ioco
1885 421 1951 467 ⁵⁹),
1997 421 2128 465 partim
2161 420 2255 453 serio

1231 466 1233 477 '
1260 468 1421 510 habitos,
1457 472 1519 504 ubi
1545 472 1641 504 fama
1671 472 1765 506 inter
1793 473 2032 506 adolescentes
2057 471 2256 515 dissipavit,

1260 522 1393 555 cunctis
1420 523 1633 556 sententiam
1666 524 1741 558 eius
1768 525 2024 568 probantibus,
2067 529 2255 567 tantopere

1258 574 1454 618 contempti
1472 582 1555 608 sunt
1572 574 1747 615 tibicines,
1764 582 1804 609 ut
1819 575 2003 609 communi
2021 586 2196 608 consensu
2214 585 2255 607 ex

1259 624 1356 656 omni
1375 625 1615 669 ingenuorum
1634 633 1737 660 coetu
1754 633 2010 660 amoverentur
2025 627 2146 660 tibiae.
2178 625 2255 659 Me-

1257 676 1361 708 minit
1380 675 1484 710 buius
1503 689 1646 723 quoque
1661 679 1802 712 fabulae
1820 678 2029 713 Aristoteles
2051 678 2084 712 7.
2129 677 2253 711 Politi-

1257 739 1402 768 corum,
1430 729 1490 761 ubi
1516 731 1565 762 ait
1585 736 1660 762 arte
1684 730 1855 763 tibiarum
1881 729 2049 774 impediri
2073 741 2175 762 usum
2196 740 2254 761 ra-

1255 778 1378 812 tionis:
1407 780 1527 825 itaque
1553 780 1689 824 priscos
1714 781 1751 814 in
1777 781 2061 815 adolescentibus
2077 786 2110 813 et
2130 779 2253 814 liberis

1254 827 1461 864 hominibus
1479 832 1700 876 improbasse
1722 833 1796 866 eius
1815 846 1918 867 nsum
1931 860 1940 874 ‚
1969 839 2003 865 et
2026 831 2166 865 finxisse
2184 831 2254 865 Mi-

1252 893 1422 922 nervam,
1456 895 1534 916 cum
1560 884 1685 917 tibiam
1710 884 1924 924 invenisset,
1960 896 2039 917 eam
2064 883 2251 922 abiecisse;

1253 938 1286 964 et
1303 945 1523 978 quamquam
1544 934 1617 968 oris
1634 936 1863 969 deformitate
1884 936 2057 969 offensam
2078 935 2113 968 id
2129 934 2252 968 fecisse

1254 982 1350 1016 illam
1369 997 1443 1017 non
1461 985 1506 1018 sit
1525 986 1683 1019 alienum
1711 987 1848 1020 dicere:
1878 994 1999 1020 tamen
2026 986 2251 1030 probabilius

1253 1046 1325 1067 esse
1346 1036 1391 1068 ob
1412 1048 1489 1068 eam
1510 1049 1651 1070 causam
1665 1064 1673 1077 ,
1702 1039 1799 1082 quod
1817 1040 1862 1070 ad
1881 1037 2123 1082 cognitionem
2139 1036 2252 1070 animi

1252 1097 1308 1119 ars
1345 1087 1513 1120 tibiarum
1548 1086 1640 1120 nihil
1675 1089 1872 1133 pertineat,
1916 1087 1996 1122 cuin
2037 1087 2252 1132 praesertim

1252 1137 1437 1171 Minervae
1468 1139 1652 1173 scientiam
1680 1146 1866 1186 artemque
1896 1140 2145 1173 attribuamus.
2198 1139 2252 1172 Si-

1252 1189 1441 1232 gnificatur
1470 1191 1577 1223 etiam
1603 1191 1782 1224 inerudita
1802 1192 1939 1236 poetica
1962 1203 2025 1236 per
2049 1190 2205 1224 fistulam
2231 1202 2251 1223 a

1252 1241 1397 1274 Pallade
1433 1242 1606 1276 abiectam
1621 1269 1630 1283 ,
1673 1255 1743 1288 qna
1779 1243 1928 1289 Satyrus
1965 1255 2038 1276 sese
2077 1247 2251 1280 ostentat;

1252 1290 1343 1325 banc
1364 1294 1458 1325 enim
1479 1306 1497 1326 a
1515 1294 1735 1338 sapientibus
1752 1302 1908 1339 spretam
1930 1294 2070 1339 Satyri,
2094 1292 2164 1327 hoe
2186 1299 2251 1333 est,

1252 1345 1513 1378 versificatores
1541 1346 1634 1379 leves
1664 1352 1697 1379 et
1734 1347 1935 1390 petulantes
1970 1345 2248 1390 amplectuntur.

1250 1395 1367 1428 Porro
1393 1396 1437 1440 Q.
1465 1396 1609 1430 Curtius
1634 1397 1680 1442 ⁶⁰)
1713 1398 1852 1431 scribit:
1895 1397 2098 1441 Marsyam,
2132 1393 2249 1440 Phry-

1251 1447 1327 1490 giae.
1347 1460 1487 1479 amnem
1502 1475 1511 1487 ,
1541 1461 1581 1481 ex
1599 1461 1739 1482 summo
1757 1448 1888 1481 montis
1907 1447 2090 1481 cacumine
2113 1447 2151 1479 in
2168 1448 2249 1481 sub-

1251 1497 1377 1530 iectam
1406 1505 1542 1542 petram
1571 1500 1697 1531 cadere
1725 1512 1856 1543 magno
1883 1499 2035 1543 strepitu
2059 1510 2249 1543 aquarum,

1251 1555 1284 1582 et
1308 1549 1388 1582 inde
1406 1550 1573 1584 diffusum
1593 1550 1733 1594 placido
1752 1551 1823 1583 labi
1840 1563 1965 1590 cursu,
1997 1562 2148 1595 eamque
2174 1562 2248 1583 esse

1251 1613 1391 1634 causam
1405 1628 1413 1641 ,
1443 1614 1504 1634 cur
1529 1608 1655 1646 poetae
1677 1603 1813 1645 fingant
1831 1601 2015 1647 Marsyam
2039 1601 2145 1634 fuisse
2165 1601 2248 1634 tibi-

1251 1653 1362 1685 cinem
1389 1660 1423 1685 et
1450 1654 1670 1686 excoriatum
1698 1653 1882 1687 delicuisse
1906 1654 1943 1686 in
1969 1664 2092 1698 aquas.
2154 1652 2249 1687 Nam

1251 1705 1306 1737 ille
1327 1704 1494 1748 strepitus
1511 1711 1561 1738 est
1577 1704 1679 1750 quasi
1696 1711 1906 1746 concentus,
1937 1711 1970 1739 et
1994 1704 2109 1738 subita
2133 1716 2248 1749 aquae

1250 1756 1401 1789 mutatio
1428 1756 1551 1796 efficit,
1580 1762 1618 1789 ut
1644 1757 1760 1791 amni-s
1783 1758 1896 1791 fracto
1921 1757 2057 1800 impetu
2075 1762 2248 1802 tanquam

1217 2626 1221 2692 l

1217 2696 1223 2708 A

1250 1809 1406 1840 detracta
1428 1815 1506 1841 cute
1525 1808 1651 1841 induat
1669 1809 1777 1841 alium
1806 1810 1960 1842 colorem
1973 1829 1989 1848 ,«
2009 1809 2142 1852 fiatque
2166 1806 2249 1840 niti—

1250 1859 1426 1893 dissimus.

1334 1953 1526 1997 Pelopis
1562 1951 1779 1988 humerus
1820 1954 1862 1986 in
1899 1955 2162 1989 eburneum.

1300 2021 1360 2056 Vs.
1382 2020 1467 2056 405.
1496 2024 1578 2057 ebur
1594 2025 1776 2057 ostendisse
1793 2025 1945 2057 sinistro.

1352 2090 1540 2135 Pelopem,
1561 2090 1704 2123 Tantali
1725 2091 1848 2130 silium,
1873 2091 2031 2124 arbitror
2047 2090 2178 2135 insigni
2197 2096 2248 2123 at-

1253 2154 1321 2186 que
1345 2142 1456 2175 atroci
1486 2142 1603 2187 aliqua
1631 2142 1760 2175 iniuria
1800 2143 1968 2176 afflictum
1996 2149 2030 2176 et
2054 2143 2250 2176 laceratum

1252 2193 1357 2227 fuisse
1377 2206 1393 2226 a
1413 2199 1534 2238 patre,
1563 2206 1713 2239 eamque
1741 2208 1813 2229 csse
1842 2207 2006 2235 causam,
2035 2206 2097 2228 cur
2122 2199 2250 2238 poetae

1254 2246 1409 2289 fingant,
1446 2245 1543 2278 illum
1571 2246 1695 2289 patriis
1722 2246 1888 2280 manibus
1912 2246 2101 2280 dissectum
2127 2252 2162 2279 et
2189 2257 2251 2290 ap-

1254 2298 1411 2341 positum
1432 2297 1536 2330 fuisse
1554 2297 1631 2331 Diis
1652 2299 1881 2342 epulandum.
1936 2298 2060 2331 Multis
2085 2309 2169 2331 vero
2194 2298 2249 2330 in-

1254 2348 1418 2392 gentibus
1442 2349 1619 2383 beneficiis
1642 2350 1757 2383 Deum
1785 2351 1918 2383 levasse
1934 2349 1979 2395 81)
2004 2349 2173 2382 iniuriam
2196 2348 2250 2381 in-

1254 2400 1399 2432 nocenti
1437 2401 1565 2433 sartam
1584 2428 1593 2441 ,
1637 2402 1801 2435 videlicet
1836 2401 2085 2447 magnitudine
2128 2413 2252 2445 opum,

1255 2451 1460 2484 celebritate
1488 2453 1644 2487 nominis
1667 2466 1706 2487 ac
1736 2453 1909 2498 potentia.
1962 2452 2061 2486 Ebur
2087 2452 2181 2486 enim
2200 2451 2252 2485 di-

1278 2577 1325 2605 59)
1346 2577 1418 2609 ioco]
1439 2578 1479 2601 sie
1494 2580 1568 2602 recte
1583 2579 1632 2603 Ed.
1652 2579 1725 2603 1555.
1743 2580 1783 2609 l).;
1803 2578 1885 2602 Editt.
1904 2579 1977 2603 1555.
1996 2584 2038 2609 a.7
2060 2578 2136 2605 1559,
2155 2578 2225 2604 loco.

1284 2631 1331 2659 60)
1353 2630 1430 2654 (7urt,
1449 2632 1481 2654 ill
1499 2648 1506 2658 ,
1529 2632 1552 2659 1,
1571 2632 1596 2656 2.
1616 2632 1640 2656 3.
1667 2632 1713 2655 Ed.
1735 2633 1842 2661 7umpt.

1285 2682 1333 2711 61)
1355 2683 1482 2710 levasse-l
1506 2683 1545 2706 sic
1569 2684 1650 2709 Editt.
1672 2685 1762 2714 1555,
1782 2684 1830 2707 Ed.
1852 2684 1925 2710 1559.
1946 2684 2068 2709 lavasse.
