2341 2973
155 100 226 135 143

151 185 379 219 Incredibiles
421 184 559 216 furores
600 187 682 215 sunt
716 181 913 214 multorum
949 178 1150 218 hominum,

151 244 289 271 tantum
309 237 343 268 in
364 235 429 268 isto
447 241 610 278 peccato:
648 232 783 266 Omnes
801 245 923 266 snmus
940 231 1071 275 ingrati
1089 242 1151 274 pa-

152 289 328 322 rentibus:
357 298 440 329 ergo
462 287 692 318 moderemur
713 296 791 317 nos.

254 338 342 371 Erat
358 337 637 370 Francksordiae
661 334 935 368 bombardarius
956 339 1038 365 ante
1064 345 1150 376 pau-

152 403 210 424 cos
227 402 361 427 annos,
387 390 485 422 cuius
504 395 578 422 erat
597 387 767 421 excellens
783 385 970 418 industria.
1014 385 1061 420 Εἴ
1079 393 1150 419 mat

152 443 201 477 ein
219 439 488 485 §Eiicbsenmeistct
513 442 578 475 unt)
604 440 653 473 ein
669 443 762 484 guter
780 437 908 482 Εὸάμῖῐρ.
962 435 1058 469 Dum
1077 447 1151 469 cer-

151 500 201 526 tat
219 493 318 526 factis
334 493 437 525 novis
453 491 681 529 bombardis,
709 495 743 521 et
765 489 879 521 voluit
904 500 962 521 eas
984 486 1150 532 experiri,

150 545 225 589 ipse
244 545 394 576 nimium
420 549 608 587 properat,
644 540 800 573 infundit
824 540 1026 584 pulverem,
1064 539 1149 572 (lum

151 594 267 629 adhuc
285 596 373 628 calet
387 595 603 632 bombarda,
632 592 748 636 pulvis
770 591 933 624 incensus
951 590 1151 623 inflammat

152 648 256 681 istum
270 674 278 685 ,
304 653 337 679 et
354 645 497 690 proiicit
513 658 592 678 eum
611 644 646 675 in
664 643 789 683 altum,
816 643 865 675 ita
882 649 921 676 ut
938 642 1056 686 lapsus
1075 653 1151 674 mo—

151 705 301 732 reretur.
355 696 487 729 Omnia
515 701 791 734 concurrerant,
819 694 956 727 subitus
980 705 1093 737 pavor
1118 699 1152 725 et

150 751 286 789 finnus,
313 755 346 781 et
368 749 482 782 allisio
508 749 553 780 ad
578 754 732 786 terram,
767 746 814 778 ita
838 745 906 778 fuit
930 744 1152 778 exanimatus

151 808 185 834 et
216 806 391 833 mortuus.
466 799 601 833 Omnes
633 797 799 830 dicebant
829 797 935 830 fuisse
966 794 1151 829 hominem

151 851 332 896 egregium
351 858 384 883 et
402 851 548 895 dignum
567 851 692 889 laude,
719 849 778 882 sed
797 846 889 881 hanc
906 859 978 881 esse
996 858 1151 891 poenam

150 903 285 949 peccati
298 929 306 942 ,
335 916 376 935 eo
396 903 492 948 quod
510 903 601 935 male
621 905 805 934 tractasset
821 906 986 933 matrem.

254 954 314 988 Vs.
336 954 421 989 823.
455 954 537 987 Non
562 953 734 998 practices
760 951 946 996 tyrannica
966 949 1153 994 regimina,

152 1019 227 1039 non
258 1017 405 1049 augeas,
448 1018 522 1038 non
555 1004 683 1038 efficias
714 1010 906 1047 tyrannum
942 1014 1003 1046 spe
1032 998 1153 1047 lucri.]

153 1057 223 1103 Qui
256 1057 454 1101 practicant
485 1069 579 1089 nova
608 1055 803 1099 regimina,
844 1053 1042 1098 practicant
1069 1064 1154 1086 suae

152 1109 314 1143 utilitatis
332 1120 448 1142 causa.

257 1159 317 1193 Vs.
343 1158 429 1194 824.
477 1159 601 1204 Neque
638 1156 828 1190 interficias
864 1163 1057 1200 tyrannum
1094 1165 1156 1197 pa-

153 1212 285 1246 ciscens
312 1212 478 1251 foedera,
513 1209 763 1244 iusiurandum
788 1206 888 1254 Det]
925 1207 974 1240 Ut
1003 1205 1156 1245 Cassius,

152 1264 306 1302 Brutus,
334 1263 578 1295 interfectores
602 1260 758 1307 Iulii⁵4)‚
795 1260 831 1292 id
858 1265 929 1299 est,
954 1259 1047 1291 facta
1072 1268 1155 1290 con-

153 1315 363 1360 spiratione.

257 1365 335 1400 Vss.
353 1362 428 1400 825
444 1377 521 1410 sqq.
555 1365 649 1403 Πῶς
664 1361 756 1408 ἡμῖν
765 1363 811 1409 ⁵⁵)
831 1360 916 1409 em]
946 1359 1157 1394 Communis

153 1415 384 1462 reprehensio
403 1417 505 1449 luxus
522 1415 613 1449 tristi
629 1421 802 1460 tempore.
854 1413 977 1458 Aliqui
1000 1410 1090 1445 nihil
1109 1411 1158 1443 af-

155 1470 324 1503 ficiuntur
350 1467 585 1512 temporibus.

260 1520 398 1554 Plinius
415 1518 523 1552 habet
540 1518 759 1563 exemplum:
794 1515 954 1549 Romani
980 1515 1017 1547 in
1042 1526 1158 1547 carce-

157 1585 230 1605 rem
259 1574 437 1605 duxerunt
462 1571 595 1611 civem,
636 1569 698 1615 qui
724 1582 766 1602 ex
789 1569 942 1602 fenestra
968 1572 1160 1599 coronatus

157 1625 195 1657 in
225 1625 343 1657 forum
373 1628 607 1667 prospexerat
639 1627 720 1665 post
750 1621 885 1653 cladem
922 1619 1160 1656 Cannensem,

157 1682 349 1721 propterea
369 1676 465 1719 quod
491 1674 528 1706 in
546 1672 688 1717 publico
714 1672 811 1705 luctu
834 1671 1016 1704 videretur
1042 1669 1160 1701 minus

160 1727 270 1767 affici,
295 1732 430 1772 quanto
449 1725 562 1769 magis
581 1737 646 1757 nos
662 1724 833 1756 debemus
850 1722 941 1755 affici
961 1720 1161 1754 commuui-

159 1780 225 1813 bus
243 1778 406 1812 miseriis.
459 1776 648 1822 Paulus-⁷¹⁶)
666 1775 768 1808 dicit:
796 1774 925 1807 Dolete
942 1786 1020 1807 cum
1039 1772 1161 1805 dolen-

160 1831 253 1864 tibus
278 1836 342 1863 etc.
407 1828 478 1861 [am
503 1834 585 1863 sunt
611 1826 731 1860 collati
754 1826 946 1865 exercitus,
985 1830 1045 1858 aut
1068 1829 1162 1856 certe

161 1883 231 1915 iam
267 1887 466 1926 pugnatum
501 1887 552 1914 est
582 1879 620 1911 in
642 1878 814 1921 Ungaria.
882 1877 978 1910 Deus
1007 1876 1162 1913 adiuvet,

162 1939 244 1967 sunt
262 1933 430 1976 utrinqne
456 1931 575 1976 magni
601 1930 785 1963 exercitus.
839 1928 1024 1962 Exercitus
1042 1925 1163 1960 Ferdi-

161 1985 273 2017 nandi
291 1990 341 2017 est
356 1984 404 2017 30
424 1984 572 2016 millium
595 1980 804 2020 hominum,
841 1987 873 2013 et
890 1980 1063 2013 Turcicns
1088 1990 1164 2011 non

163 2043 214 2070 est
240 2036 372 2068 minor.
426 2035 487 2068 Est
515 2035 657 2080 querela
685 2034 727 2066 de
751 2033 942 2066 stultorum
969 2030 1104 2064 laetitia
1128 2029 1165 2061 in

162 2087 305 2132 publica
333 2087 545 2120 calamitate.
612 2085 736 2119 Toties
764 2090 815 2118 est
841 2090 1093 2128 praeceptum,
1128 2087 1167 2113 ut

165 2152 392 2172 connnunem
412 2139 561 2171 salntem
583 2138 746 2181 precibus
760 2136 838 2168 Deo
862 2135 1166 2168 commendemus.

165 2191 276 2224 Orate
306 2202 372 2234 pro
400 2190 541 2233 regibus
564 2195 628 2222 etc,
701 2188 737 2221 Si
763 2194 814 2221 est
841 2188 1039 2220 orandum:

165 2254 305 2276 necesse
324 2248 373 2274 est
391 2242 493 2274 affici.
545 2240 672 2272 Oratio
695 2240 769 2273 sine
794 2251 897 2272 sensu
922 2239 1043 2283 aliquo
1068 2236 1169 2269 dolo—

165 2294 214 2327 ris
231 2300 281 2327 est
299 2293 438 2337 frigida.
494 2293 560 2328 (irin
578 2292 724 2327 ttuncfen
744 2291 848 2327 (sjebct
874 2290 908 2334 ist
931 2290 1046 2336 nidptss.
1100 2287 1169 2320 De-

166 2347 226 2378 bet
246 2358 319 2379 esse
339 2345 417 2378 talis
435 2342 567 2392 010077‘
592 2343 626 2375 in
644 2350 769 2376 natura
791 2341 979 2375 hominum
994 2369 1002 2382 ‚
1032 2346 1070 2374 ut
1095 2340 1169 2372 asli-

167 2397 304 2430 ciamur
321 2397 469 2441 publicis
487 2395 657 2434 miseriis,
686 2395 880 2436 cogitemus
907 2394 1014 2427 etiam
1041 2392 1099 2424 illa
1125 2391 1167 2423 ad

167 2460 233 2482 nos
251 2449 441 2492 pertinere.
504 2447 554 2480 llli
580 2453 662 2481 sunt
684 2447 785 2479 mide
808 2446 913 2486 mali,
951 2445 1011 2491 qui
1037 2443 1171 2477 vicilio-

1083 2196 1166 2226 ergo

203 2576 250 2601 51]
271 2574 330 2597 lulii
354 2574 495 2597 t‘acsaris.

203 2627 251 2655 55)
275 2622 353 2656 ἧμιν]
377 2626 416 2648 sie
434 2624 649 2652 '1¹1w‹›=,·,n.l‹2uitt.
668 2623 838 2653 antiquiores
852 2628 935 2651 supra
953 2629 974 2650 p.
986 2622 1076 2645 5—8.
1096 2626 1172 2643 conn-

241 2663 407 2684 memoratae
429 2662 455 2682 ct
471 2659 606 2690 bruneto,
628 2659 732 2688 Gaiss.;
752 2658 835 2681 Mitt.
853 2657 954 2688 notk„
976 2657 1074 2685 Bergk.
1094 2650 1171 2686 ὑμῖν.

204 2711 250 2743 56)
272 2713 350 2736 (jons.
371 2713 446 2735 Rom.
467 2712 505 2741 12,
528 2712 566 2734 15.

734 93 857 129 PHlL.
891 91 1003 127 MEL.
1039 90 1241 126 SCRIPTA
1278 88 1615 125 PHILOLOGICA.

2128 88 2202 125 144

1204 189 1285 212 rum
1304 176 1565 210 calamitatibus
1580 188 1654 209 non
1672 175 1893 216 afficiuntur,
1922 187 2008 221 quas
2024 175 2147 209 vident
2163 175 2201 209 in

1204 234 1406 273 conspectu.
1460 227 1646 274 Paulusffl)
1661 227 1770 267 iubet,
1798 234 1837 261 ut
1853 227 1962 261 simus
1980 225 2203 274 φιλάδελφοι

1204 287 1238 313 et
1254 277 1504 327 φιλόστοργοι.
1557 279 1655 312 Flete
1673 291 1753 312 cum
1769 278 1934 312 flentibus
1946 305 1954 318 ,
1981 278 2042 312 ubi
2059 285 2110 312 est
2129 291 2202 312 me-

1202 331 1334 365 diocris
1348 337 1499 370 natura,
1527 343 1600 364 non
1619 331 1723 374 plane
1739 330 1946 370 barbarica,
1974 341 2098 370 saeva,
2124 342 2204 364 cru-

1204 383 1312 422 delis,
1348 394 1387 415 ea
1415 382 1568 415 afficitur
1592 382 1713 427 aliquo
1735 394 1840 416 sensu
1864 381 1998 415 doloris
2023 381 2060 414 in
2085 381 2203 414 aliena

1203 434 1418 467 calamitate.
1487 433 1605 466 Etiam
1637 433 1674 466 in
1701 432 1755 467 his
1777 433 1915 478 magnis
1941 432 2204 467 calamitatibus

1203 484 1368 519 homines
1384 497 1457 517 non
1477 486 1567 518 fiunt
1584 485 1843 519 submissiores.
1897 485 2010 530 Cyrus
2024 484 2062 517 in
2077 484 2204 517 ultima

1207 537 1370 570 oratione
1389 536 1490 569 dicit:
1521 536 1640 569 Habui
1655 548 1832 570 successus
1847 548 2010 581 magnos,
2037 536 2098 570 sed
2113 547 2204 569 sem-

1204 601 1268 633 per
1296 588 1472 632 imperavi
1499 586 1609 627 mihi,
1648 599 1692 620 ne
1726 588 1845 621 fierem
1878 588 2056 628 insolens,
2098 593 2131 620 et
2152 584 2204 632 μὴ

1204 637 1479 687 εὐφραίνεσθαι
1510 638 1864 686 ἐκπεπταλιιένωςω),
1906 640 1941 672 id
1967 645 2036 679 est,
2079 637 2206 671 laetari

1205 692 1405 731 evolando,
1434 693 1494 726 ῠαὸ
1511 692 1598 726 einer
1616 701 1654 736 gu
1673 692 1749 726 meit
1766 689 1893 736 fleuebt.
1933 690 2052 725 Nimia
2069 689 2205 724 laetitia

1206 750 1257 776 est
1281 755 1385 786 saepe
1411 755 1513 776 causa
1541 755 1692 786 magnae
1717 742 1940 776 calamitatis.
2009 742 2101 774 Ante
2132 741 2206 784 glo-

1205 795 1296 826 riam
1317 792 1540 834 humiliatio,
1563 800 1644 827 ante
1664 794 1805 827 ruinam
1829 793 2016 833 exaltatio,
2043 791 2128 826 dicit
2144 792 2207 825 Sa-

1205 844 1398 889 lomon59).
1468 844 1572 878 Item:
1620 845 1822 879 Luxuriant
1854 845 1966 878 animi
2003 845 2108 878 rebus
2142 849 2207 878 etc.

1208 896 1313 929 Item:
1343 896 1538 929 Tolluntur
1556 898 1592 929 in
1609 898 1717 930 altum
1739 903 1802 931 etc.

1311 956 1370 990 Vs.
1390 954 1476 991 825.
1505 957 1698 1002 Quomodo
1724 958 1857 990 audent
1882 957 1925 989 ad
1952 955 2107 989 tibicinis
2131 966 2208 987 mo-

1208 1009 1272 1042 dos
1291 1007 1508 1056 convivali]
1538 1009 1689 1053 Hispani
1706 1021 1783 1041 cum
1801 1006 1917 1041 adhuc
1936 1013 2050 1041 essent
2067 1004 2145 1046 hic,
2174 1011 2208 1038 et

1208 1060 1381 1092 vidissent
1399 1057 1564 1099 choreas,
1600 1061 1784 1093 dixerunt:
1822 1059 1923 1093 Bone
1941 1058 2057 1098 Deus,
2086 1058 2208 1103 quales

1208 1117 1291 1144 sunt
1316 1110 1373 1144 isti
1396 1108 1579 1150 homines,
1607 1112 1676 1143 iam
1703 1111 1859 1155 primum
1886 1110 2082 1144 amiserunt
2105 1120 2209 1142 suum

1209 1162 1408 1195 Dominum
1429 1168 1463 1194 et
1485 1169 1607 1195 tamen
1634 1163 1768 1196 nullam
1791 1163 1963 1206 praebent
1984 1159 2212 1206 significatio-

1210 1226 1291 1247 nem
1310 1213 1465 1253 doloris,
1499 1220 1585 1247 eunt
1609 1215 1653 1246 ad
1681 1214 1839 1259 publicas
1862 1212 2029 1253 choreas,
2062 1211 2211 1257 perinde

1211 1273 1251 1299 ut
1269 1266 1374 1298 rebus
1392 1265 1608 1310 tranquillis.

1312 1324 1372 1358 Vs.
1385 1324 1470 1359 826.
1493 1324 1613 1358 Limes
1630 1325 1771 1358 videtur
1787 1336 1828 1357 ex
1846 1325 1925 1357 foro
1944 1319 2116 1369 avulsus]
2135 1321 2214 1357 Da&

1211 1377 1298 1412 Qanb
1315 1374 1353 1418 ist
1368 1375 1448 1419 miist
1464 1377 1607 1411 mot-ben.

1315 1435 1392 1470 Vss.
1403 1435 1633 1471 827—829.
1663 1436 1766 1480 Quae
1783 1434 1896 1467 nutrit
1912 1432 2085 1466 fructibus
2099 1432 2215 1465 feren-

1214 1494 1265 1521 tes
1289 1499 1490 1532 purpureas
1515 1500 1666 1521 coronas
1698 1488 1735 1519 in
1762 1485 1935 1519 con‘viviis
1963 1484 2063 1518 ssavis
2092 1483 2215 1518 comis.

1213 1539 1281 1573 Sed
1302 1551 1364 1583 age
1383 1540 1422 1584 (i.
1440 1551 1469 1572 e.
1486 1540 1615 1583 praebe
1631 1537 1927 1583 significationem
1944 1536 2093 1580 luctus),
2133 1535 2217 1580 Scy-

1214 1589 1296 1624 thae
1323 1592 1393 1623 iam
1420 1591 1657 1624 nominantur
1687 1589 1834 1622 Tartari
1867 1589 1904 1621 in
1935 1589 2045 1621 latere
2077 1593 2217 1631 septen-

1215 1642 1373 1676 trionali.
1426 1642 1612 1675 Sarmatae
1631 1654 1705 1675 non
1722 1643 1867 1674 fuerunt
1884 1637 2049 1684 Scythae.

1317 1701 1377 1736 Vs.
1394 1701 1479 1737 829.
1504 1702 1643 1740 Finito,
1673 1702 1795 1735 sedato
1818 1700 1921 1733 ludos
1938 1698 2219 1743 conviviorum]

1214 1755 1339 1799 κῶμος
1371 1753 1518 1797 proprie
1550 1754 1599 1789 ein
1625 1753 1789 1795 ffianfflet'
1828 1752 1866 1784 in
1895 1763 1965 1796 quo
1990 1750 2143 1784 multum
2168 1755 2220 1783 est

1215 1806 1383 1839 ludorum
1403 1811 1436 1837 et
1454 1806 1683 1845 cantionum,
1711 1811 1745 1837 et
1758 1803 1911 1838 sumitur
1928 1814 1993 1846 pro
2020 1801 2103 1846 ipsis
2126 1800 2220 1834 ludis

1217 1864 1251 1890 et
1274 1857 1512 1891 cantionibus.
1578 1855 1766 1900 Paulusffl)
1794 1854 1896 1887 dicit:
1931 1851 1983 1898 μὴ
2007 1852 2046 1887 ἐν
2068 1848 2219 1898 κώμοις,

1218 1909 1254 1941 id
1272 1915 1343 1947 est,
1371 1921 1444 1941 non
1462 1909 1499 1941 in
1518 1907 1893 1946 c()=n1ness.¹1tionibus‚
1920 1906 1973 1940 als
1995 1906 2036 1940 ba
2055 1914 2134 1939 matt
2159 1912 2220 1939 bol:

1219 1963 1279 1996 ben
1298 1960 1409 2004 untust
1424 1960 1473 1995 20
1490 1960 1623 1996 &sithen
1641 1959 1774 2004 vechner.

1323 2012 1497 2045 Henricus
1520 2010 1792 2045 Brnnsuieensis
1827 2008 1927 2041 duxit
1958 2006 2156 2053 equitatum
2182 2006 2220 2038 in

1219 2062 1377 2103 Italiam,
1407 2063 1453 2095 ibi
1473 2063 1692 2107 Noribergae
1711 2061 1939 2106 proiecerunt
1966 2064 2132 2102 argentea
2157 2069 2221 2102 po-

1220 2115 1297 2147 cula
1323 2127 1385 2159 per
1404 2115 1594 2154 fenestras,
1623 2116 1872 2147 destruxerunt
1896 2112 2057 2144 fornaces
2075 2115 2109 2142 et
2126 2110 2222 2142 sene-

1221 2175 1329 2206 stras‚
1364 2167 1464 2199 inulti
1493 2167 1527 2199 in
1552 2166 1645 2198 bello
1669 2165 1872 2209 perierunt,
1914 2162 2015 2196 inulti
2037 2161 2222 2194 redierunt

1222 2218 1477 2252 mendicantes.
1532 2218 1691 2252 Nemesis
1707 2216 1867 2262 sequitur
1883 2213 2124 2249 insolentiam.

1326 2270 1409 2304 Dies
1428 2271 1557 2303 debent
1576 2283 1640 2303 nos
1658 2271 1852 2301 admonere
1875 2268 1917 2300 de
1944 2264 2102 2300 historiis
2128 2270 2222 2297 vete-

1223 2321 1321 2355 ribus
1341 2329 1375 2354 et
1391 2322 1603 2355 recentibus.
1658 2321 1733 2354 Hoc
1754 2321 1810 2353 die
1841 2321 1897 2354 10.
1917 2316 2131 2352 Novembris
2150 2315 2223 2360 pri-

1225 2374 1280 2406 die
1305 2373 1476 2414 Martini‚
1510 2375 1599 2407 sacta
1625 2380 1674 2407 est
1701 2385 1819 2418 pugna
1846 2373 1890 2404 ad
1915 2367 2148 2413 Varnamffl),
2185 2367 2223 2400 in

1259 2496 1306 2525 57)
1330 2496 1406 2517 Boni.
1425 2494 1464 2519 12,
1488 2494 1525 2516 10.

1259 2540 1307 2565 ὀὴ)
1327 2538 1451 2567 Xenoph.
1472 2537 1626 2566 Fyropacd.
1646 2536 1719 2560 vul,
1739 2535 1764 2564 7,
1784 2534 1809 2559 3.
1836 2534 1876 2558 etl.
1897 2533 2015 2557 Thimne.

1260 2584 1308 2610 52»)
1331 2581 1413 2605 Prov.
1431 2581 1470 2608 ta,
1490 2581 1531 2603 33.
1561 2582 1601 2610 ¹⁸,
1624 2580 1662 2603 12.

1258 2626 1306 2653 (io)
1327 2625 1404 2649 Rom.
1425 2624 1463 2649 13.
1488 2624 1525 2647 13.

1260 2670 1307 2695 (il)
1330 2669 1405 2691 nane
1427 2673 1545 2696 pugnam
1565 2666 1709 2689 enarravit
1729 2673 1752 2688 v.
1767 2667 1894 2689 llannncr
1914 2664 1939 2687 in
1960 2664 2044 2687 libro:
2065 2660 2226 2687 Gesehiehte

1295 2704 1345 2727 des
1365 2702 1563 2727 Osnianisehen
1583 2701 1698 2725 neit-nes
1717 2701 1780 2725 Vol.
1794 2701 1813 2724 Ι.
1833 2708 1856 2730 p.
1871 2699 1921 2723 ⁴162
1936 2705 1995 2729 sqq.
