2341 2973
187 93 262 130 315

195 184 277 215 dam
302 180 441 224 figuris,
484 190 574 224 quae
602 178 772 212 Bucolico
804 178 923 223 generi
954 177 1184 211 conveniunt.

190 232 361 277 Inprimis
378 237 429 264 est
452 228 600 274 pulchra
625 228 881 276 hypotyposis,
908 242 987 262 cum
1007 229 1057 262 ait
1073 228 1184 274 Cory·

190 286 283 323 don,
323 295 358 316 se
383 282 481 315 velut
507 281 543 314 in
569 283 711 326 speculo
746 294 845 315 suam
878 280 1003 313 faciem
1030 281 1067 314 in
1091 279 1184 313 mari

190 333 424 378 conspexisse.
466 333 605 366 Deinde
621 340 702 367 sunt
718 334 808 366 duae
825 332 1109 377 elegantissimae
1125 344 1183 365 00-

189 385 433 419 acervationes
445 411 453 424 ,
479 385 589 418 altera
607 387 649 418 de
666 383 892 418 hortensibus
910 384 1035 423 donis,
1068 383 1182 423 sertis,

188 437 334 482 poenis;
363 436 486 475 altera,
513 449 603 481 quae
623 436 780 469 continet
796 435 1023 468 collationem
1044 441 1078 468 et
1095 447 1182 479 gno-

187 501 292 529 men,
321 489 417 534 quod
435 487 495 520 alii
514 488 591 521 aliis
613 488 717 521 rebus
741 488 948 531 capiantur,
975 493 1098 533 estque
1124 498 1181 519 or-
1207 510 1209 521 1

187 547 271 574 nata
290 539 512 585 gradatione.

485 632 620 665 Aliud
659 632 870 666 eiusdem.

285 700 323 733 ln
357 700 523 733 omnibus
553 699 696 743 Eclogis
731 701 803 733 duo
836 699 1062 744 potissimum
1099 712 1178 744 spe-

184 753 311 786 ctanda
329 758 431 792 sunt,
463 752 562 784 locus
586 751 787 785 communis
814 758 848 784 et
866 751 1019 784 imitatio
1039 757 1178 796 poetae.

183 804 275 838 Nam
305 815 428 836 omnes
450 801 608 847 Eclogae
646 802 841 836 involucris
874 803 1065 836 verborum
1096 802 1180 835 insi-

182 868 287 900 gnem
308 855 462 900 aliquem
482 854 614 893 locum,
632 861 815 899 sumptum
835 867 876 887 ex
891 853 1178 888 consideratione

183 907 277 940 vitae
305 904 505 945 humanae,
531 906 720 950 explicant.
783 905 922 938 Deinde
952 918 1031 939 cum
1057 905 1178 948 Virgi-

181 958 250 992 lius
285 969 320 992 se
355 957 598 1002 composuerit
629 958 675 990 ad
708 957 945 990 imitationem
978 955 1177 996 Theocriti,

182 1010 377 1042 videndum
408 1015 480 1048 est,
519 1021 597 1041 cum
623 1008 751 1054 quibus
777 1007 911 1053 ldylliis
926 1008 974 1054 21Ὶ)
998 1015 1060 1042 aut
1081 1014 1176 1041 totae

180 1061 334 1104 Eclogae
347 1087 355 1101 ,
384 1066 445 1093 aut
461 1066 579 1104 partes
597 1072 720 1093 earum
739 1066 939 1103 congruant
954 1060 1013 1105 21).
1067 1059 1175 1104 Quod

183 1112 291 1157 igitur
312 1113 357 1144 ad
381 1112 497 1144 locum
524 1123 753 1144 communem
780 1109 886 1145 huius
911 1110 1068 1155 Eclogae
1096 1110 1177 1143 atti-

181 1170 261 1203 net,
295 1175 369 1196 non
396 1163 544 1196 dubium
571 1169 643 1203 est,
679 1175 755 1196 eam
783 1163 967 1196 continere
992 1162 1176 1208 querelam

181 1217 224 1248 de
255 1214 454 1248 mobilitate
495 1221 528 1247 et
560 1213 799 1248 inconstantia
833 1214 966 1248 favoris
1000 1214 1176 1247 aularum.

188 1266 266 1300 Etsi
292 1266 386 1299 enim
415 1266 450 1298 in
461 1266 623 1299 omnium
647 1264 837 1299 hominum
863 1265 1068 1311 pectoribus
1097 1271 1176 1298 tan-

182 1325 239 1352 tae
263 1324 347 1351 sunt
377 1318 553 1358 latebrae,
588 1324 628 1351 ut
654 1330 712 1351 eas
736 1330 842 1350 nemo
866 1317 950 1351 satis
974 1317 1175 1362 perspicere

182 1369 305 1413 possit,
324 1369 418 1402 iuxta
435 1369 807 1415 illudHieremiae22):
826 1369 1040 1402 Perversum
1053 1375 1104 1403 est
1114 1379 1176 1401 cor

181 1419 339 1454 hominis
349 1433 603 1455 aerumnosum
619 1420 965 1467 etinscr11tahile‘23):
984 1427 1103 1453 tamen
1115 1431 1176 1452 au-

183 1474 297 1505 larum
314 1473 437 1505 favore
454 1470 545 1505 nihil
563 1472 760 1512 obscurius,
778 1470 868 1505 nihil
886 1472 1069 1512 incertius,
1085 1468 1176 1504 1111111

181 1524 341 1557 fallacius
359 1530 421 1558 est.
445 1524 557 1557 Plena
568 1530 619 1558 est
630 1524 746 1557 omnis
756 1522 905 1558 historia
917 1524 1176 1568 exemplorum.

182 1575 251 1609 Sed
268 1588 333 1609 nos
358 1576 497 1609 duobus
531 1576 701 1620 exemplis
723 1575 907 1619 Euripidis
937 1581 972 1608 et
994 1575 1096 1608 Arati
1123 1573 1176 1607 Si-

184 1627 303 1672 cyonii
329 1627 488 1659 contenti
514 1627 658 1660 erimus.
723 1626 913 1671 Euripides
939 1633 1044 1669 poeta
1072 1625 1175 1658 valde

183 1677 371 1711 familiaris
387 1678 453 1711 fuit
467 1678 542 1722 regi
558 1677 792 1711 Macedonico
810 1675 998 1711 Archelao.
1043 1676 1084 1709 In
1101 1676 1175 1710 eius

185 1730 265 1763 aula
302 1729 525 1775 aliquamdiu
555 1729 662 1769 vixit,
705 1735 739 1761 et
761 1728 899 1772 magnis
929 1726 1128 1762 honoribus
1155 1740 1174 1760 a
1201 1760 1203 1764 ,

185 1793 265 1823 rege
283 1787 432 1814 ornatus
456 1787 517 1815 est.
577 1780 645 1814 Sed
664 1793 744 1813 cum
764 1780 869 1814 aulici
894 1779 1097 1814 inviderent
1111 1778 1176 1813 ho·
1201 1781 1203 1816 ἰ

185 1832 273 1865 1111111
292 1829 503 1866 scholastico
521 1830 613 1865 113110
631 1832 920 1877 praerogativam
941 1832 1088 1875 gratiae,
1105 1842 1174 1877 qua

186 1885 281 1928 apud
300 1896 418 1927 regem
439 1884 596 1923 valebat,
625 1883 771 1917 insidias
792 1883 886 1917 vitae
908 1883 1018 1928 ipsius
1041 1891 1177 1918 struxe-

186 1942 281 1968 runt.
336 1935 425 1968 Cum
451 1935 545 1968 enim
571 1941 680 1968 noctu
703 1947 745 1968 ex
769 1936 848 1969 aula
872 1937 1019 1968 domum
1045 1935 1178 1969 rediret

186 1986 375 2030 Euripides
392 2013 401 2025 ,
436 1986 542 2019 aulici
565 1999 668 2020 canes
688 2014 697 2027 ,
736 1986 875 2020 incitati
904 1988 948 2020 ab
985 1987 1114 2020 invidis
1139 1997 1179 2018 ac

188 2038 356 2077 aemulis,
386 2038 522 2071 bonum
544 2045 687 2082 poetam
705 2038 939 2073 dilaniarunt.
995 2039 1048 2072 De
1064 2039 1178 2073 Arato

186 2087 399 2122 Plutarchus
416 2089 462 2135 ¹²⁴)
486 2090 626 2130 scribit,
655 2102 735 2123 eum
751 2090 856 2123 fuisse
882 2090 919 2123 in
945 2103 1073 2135 magna
1100 2100 1179 2133 gra·

188 2140 238 2173 tia
262 2141 356 2185 apud
381 2146 580 2184 postremos
605 2154 704 2185 reges
730 2142 982 2176 Macedonicos
1003 2152 1180 2176 successo-

188 2204 244 2226 res
268 2191 483 2231 Alexandri,
520 2191 727 2237 Philippum
753 2200 786 2226 et
808 2194 950 2227 Persea.
1004 2193 1073 2227 Sed
1098 2190 1180 2225 huic
1206 2191 1208 2220 l

190 2243 328 2288 optimo
346 2243 423 2275 viro
440 2244 484 2275 al)
503 2244 624 2278 aulicis
640 2257 761 2288 regum
774 2244 1091 2278 Macedonicorum
1109 2244 1181 2276 len-
1207 2265 1209 2281 ,

188 2301 264 2328 tum
299 2306 496 2333 venenum,
532 2297 627 2340 quod
660 2309 740 2329 eum
772 2296 945 2341 paulatim
973 2295 1182 2340 absumpsit,

223 2430 272 2461 20)
299 2428 419 2462 ldylliis]
445 2429 485 2453 sie
510 2429 535 2454 h.
555 2429 573 2454 l.
598 2431 625 2453 et
652 2429 677 2453 in
706 2436 780 2460 seqq.
800 2432 850 2455 Ed.
868 2432 965 2463 t565.;·
995 2432 1080 2459 Editt.
1096 2433 1182 2463 1568„

260 2465 334 2488 1593.
354 2464 493 2495 Eidyltiis.

222 2515 273 2543 2¹)
290 2516 459 2545 congruant]
480 2514 520 2538 sic
536 2514 620 2540 Editt.
636 2514 722 2545 1568„
744 2515 837 2545 159³.;
856 2517 904 2541 Ed.
923 2518 997 2543 1565.
1017 2521 1181 2550 congruunt.

224 2565 273 2597 22)
299 2567 328 2589 nt
354 2573 402 2590 eas
429 2573 507 2591 nemo
533 2581 568 2586 -—
592 2567 749 2591 Hieremiae
760 2566 780 2599 z]
808 2568 848 2592 sic
866 2570 1026 2601 Ed.1565.;
1053 2571 1080 2596 in
1099 2571 1183 2598 Editt.

264 2601 358 2632 1568„
380 2601 454 2626 1593.
474 2603 540 2626 haec
559 2602 668 2628 desunt,

227 2650 274 2683 2³)
292 2652 367 2675 llaec
385 2654 470 2676 verba
489 2654 617 2683 teguntur
637 2654 735 2679 terem.
753 2654 794 2683 ¹7,
814 2655 839 2680 9.

226 2702 274 2734 24)
294 2703 430 2728 Plutarch.
450 2705 506 2729 vita
526 2706 604 2730 Arati
623 2713 645 2731 0.
660 2706 701 2731 43.
721 2706 852 2732 46—46.

757 92 879 127 PHlL.
918 91 1030 126 MEL.
1064 88 1267 125 SCRIPTA
1301 88 1638 125 PfflLoLOGICA.

1206 545 1208 579 ᾖ
1234 548 1282 569 110
1316 535 1475 569 versanti
1511 535 1605 569 inter
1636 536 1769 571 simias.

1206 659 1207 662 =
1234 639 1504 673 transferamus.

1209 2434 1430 2467 Ἰ31111101111111
1470 2435 1506 2468 111
1543 2436 1621 2470 31115
1655 2448 1800 2482 quoque
1834 2435 2007 2469 imitatur.

2171 94 2246 130 316

1238 178 1363 211 datum
1384 182 1447 210 est.
1502 176 1623 221 Quare
1648 189 1728 210 cum
1745 176 1853 209 finem
1875 189 1959 210 suae
1986 177 2080 211 vitae
2104 178 2240 213 instare

1238 228 1398 268 videret,
1435 233 1469 260 et
1502 239 1644 261 causam
1675 228 1793 261 morbi
1824 239 1899 260 non
1925 228 2127 272 ignoraret,
2171 227 2239 264 hac

1237 279 1380 313 ratione
1403 291 1487 312 usus
1509 284 1578 319 est,
1606 291 1675 325 qua
1693 291 1817 313 omnes
1841 279 1957 313 bonos
1978 292 2146 315 revocare
2170 293 2234 325 po-

1237 337 1305 365 test
1320 342 1339 363 a
1368 330 1477 364 stulto
1498 342 1621 363 amore
1643 331 1823 364 aularum:
1860 330 1957 364 Haec
1978 331 2132 377 (inquit)
2152 338 2236 366 sunt

1236 381 1398 426 praemia
1418 380 1537 425 regiae
1557 381 1735 415 amicitiae
1752 382 1829 428 241’).
1871 381 2037 428 Denique
2060 383 2234 417 venustis-

1234 433 1323 467 sime
1351 434 1447 477 apud
1473 432 1630 467 Graecos
1654 433 1800 467 dicitur:
1846 433 2040 467 Hominem
2074 431 2233 478 philoso-

1234 483 1351 529 phum
1366 490 1569 518 versantem
1587 485 1625 517 in
1642 485 1732 518 aulis
1748 497 1821 518 11011
1845 485 2055 519 dissimilem
2074 497 2147 520 esse
2164 486 2231 519 asi-

1835 536 1952 577 Haec,
1990 548 2082 582 quae
2110 536 2147 570 in
2173 548 2232 580 ge—

1233 599 1319 620 nere
1346 587 1439 620 dicta
1466 594 1548 620 sunt
1579 588 1622 620 de
1653 584 1763 627 thesi,
1804 599 1899 621 nunc
1940 589 1984 621 ad
2013 586 2231 633 hypothesin

1560 638 1851 673 Consentaneum
1871 645 1941 679 est,
1968 646 2008 673 ut
2032 645 2115 673 sunt
2137 639 2230 673 vices

1233 689 1271 722 in
1291 690 1400 730 aulis,
1428 689 1638 734 Virgilium,
1663 690 1724 736 qui
1741 690 1958 724 Maecenatis
1976 690 2230 725 intercessione

1204 737 1207 753 ἶ
1233 748 1267 774 et
1287 741 1599 775 commendatione
1618 741 1655 774 in
1674 741 1841 774 notitiam
1860 741 2013 785 Augusti
2027 742 2144 782 venit,
2173 754 2229 774 03-

1232 792 1369 826 lumnia
1395 793 1636 826 deformatum
1663 805 1756 833 esse,
1793 798 1855 826 aut
1881 793 2001 838 aliqua
2026 792 2228 837 suspicione

1231 844 1325 877 sutili
1346 844 1507 878 animum
1531 844 1683 889 Augusti
1705 845 1750 877 ab
1778 844 1901 878 aulicis
1926 851 2160 889 occupatum,
2195 850 2230 877 et

1232 907 1251 928 a
1278 895 1430 938 Virgilio
1455 896 1698 929 abalienatum
1720 895 1839 930 fuisse.
1900 895 1977 929 Hoc
2001 895 2228 929 animadver-

1231 952 1309 980 tens
1327 946 1518 991 Virgilius,
1547 954 1585 980 ut
1602 945 1713 980 homo
1733 959 1840 991 sagax
1856 947 1893 980 111
1912 947 2095 992 gustandis
2110 944 2228 980 homi-

1230 1010 1318 1031 num
1336 998 1516 1038 sensibus,
1543 999 1709 1043 deplorat
1724 1011 1825 1033 suam
1843 998 2103 1040 infelicitatem,
2129 998 2227 1044 quod

1230 1049 1353 1082 relicto
1374 1047 1625 1094 philosophico
1650 1050 1795 1083 vivendi
1819 1062 1970 1094 genere,
1997 1051 2096 1096 quod
2124 1049 2227 1082 intel-

1229 1100 1307 1144 ligit
1336 1101 1576 1145 appellatione
1608 1101 1798 1145 pastoralis
1826 1101 1938 1141 vitae,
1972 1102 2072 1135 cuius
2090 1100 2227 1145 praeci-

1202 1173 1203 1177 «
1230 1164 1343 1196 puum
1371 1152 1642 1185 condimentum
1669 1158 1721 1186 est
1746 1153 1901 1193 musica,
1936 1165 2009 1187 sese
2034 1151 2228 1186 contulerit

1230 1208 1264 1236 et
1288 1204 1507 1236 converterit
1528 1204 1573 1236 ad
1597 1204 1729 1237 aulam.
1796 1203 1873 1237 Etsi
1903 1210 2023 1237 autem
2049 1203 2227 1237 offensum

1228 1254 1380 1298 Augusti
1403 1255 1587 1295 animum,
1621 1261 1655 1288 et
1681 1254 1879 1288 sauciatum
1901 1254 2122 1288 calumniosa
2147 1265 2228 1287 ora-

1229 1305 1326 1338 tione
1341 1306 1547 1339 invidorum
1561 1333 1571 1346 ‚
1598 1306 1666 1340 sibi
1688 1306 1879 1340 conciliare
1897 1312 1932 1340 et
1946 1318 2074 1340 sanare
2090 1306 2226 1340 studet:

1229 1362 1350 1390 tamen
1368 1356 1415 1389 ita
1437 1363 1488 1390 est
1505 1357 1627 1389 animo
1654 1358 1906 1397 confirmatus,
1934 1363 1994 1397 ut,
2021 1357 2051 1391 si
2075 1356 2226 1389 omnino

1230 1409 1423 1442 carendum
1450 1409 1495 1442 sit
1520 1408 1634 1441 aulica
1661 1408 1932 1448 benevolentia,
1957 1420 2032 1441 non
2049 1407 2228 1452 gravatim

1229 1460 1273 1492 ad
1294 1459 1485 1504 pristinum
1514 1472 1624 1504 genus
1653 1459 1747 1492 vitae
1778 1459 2008 1505 tranquillius
2043 1459 2227 1493 rediturus

1229 1511 1285 1544 sit.
1338 1510 1434 1544 Haec
1452 1517 1522 1551 est,
1549 1517 1725 1556 quantum
1751 1523 1815 1555 ego
1841 1510 2046 1544 existimare
2069 1522 2229 1555 possum,

1229 1574 1367 1596 summa
1387 1562 1455 1595 loci
1473 1562 1658 1607 praecipui
1675 1562 1711 1595 in
1728 1560 1794 1595 hac
1811 1562 1956 1606 Ecloga.
2011 1561 2120 1607 Quod
2141 1573 2229 1594 vero

1230 1614 1274 1646 ad
1291 1613 1530 1646 imitationem
1555 1614 1701 1653 attinet,
1729 1614 1914 1648 sciendum
1938 1619 2010 1654 est,
2036 1612 2229 1656 Virgilium

1230 1665 1273 1697 ad
1300 1665 1367 1697 tria
1398 1664 1523 1710 Idyllia
1550 1663 1735 1697 Theocriti
1760 1664 1987 1709 potissimum
2023 1663 2230 1709 respexisse,

1230 1716 1396 1749 videlicet
1412 1718 1457 1749 ad
1476 1716 1707 1750 undecimum
1727 1722 1761 1749 et
1777 1716 1922 1750 tertium
1939 1722 1974 1749 et
1994 1722 2229 1760 postremum.

1533 1801 1671 1835 Aliud
1709 1801 1923 1836 eiusdem.

1332 1869 1422 1903 Erat
1440 1869 1612 1914 Virgilius
1638 1882 1765 1914 parum
1793 1867 1909 1903 adhuc
1933 1876 2039 1903 notus
2064 1876 2097 1902 et
2123 1869 2229 1902 fami-

1231 1920 1330 1954 liaris
1346 1921 1508 1965 Augusto
1536 1921 1692 1955 Caesari.
1746 1920 1868 1965 Quare
1893 1926 2044 1954 conatur
2066 1918 2124 1954 hic
2146 1932 2229 1954 eum

1232 1973 1269 2005 in
1285 1971 1340 2006 sui
1356 1984 1517 2006 amorem
1538 1973 1713 2017 pellicere.
1767 1971 1940 2005 Versatur
1962 1978 2082 2005 autem
2111 1972 2229 2006 oratio

1204 2026 1206 2033 '
1233 2024 1270 2056 in
1297 2030 1469 2068 perpetua
1498 2024 1641 2070 querela
1660 2024 1753 2062 fere,
1788 2035 1823 2056 se
1844 2023 1974 2067 negligi
1992 2024 2037 2056 ab
2054 2024 2230 2068 Augusto.

1233 2075 1463 2120 Quamquam
1499 2075 1590 2115 sint,
1632 2075 1694 2120 qui
1728 2086 1792 2118 per
1825 2074 1952 2107 Alexin
1985 2075 2230 2108 Alexandrum

1233 2138 1405 2171 puerum,
1447 2138 1467 2159 a
1491 2127 1655 2160 Pollione
1678 2125 1830 2169 Virgilio
1865 2127 2058 2167 donatum,
2100 2125 2231 2159 intelli-

1234 2190 1316 2221 gere
1334 2177 1479 2215 malint;
1507 2184 1541 2210 et
1568 2190 1787 2223 quamquam
1818 2189 1892 2211 non
1917 2178 2067 2212 omnino
2093 2184 2231 2212 constet

1235 2236 1269 2262 et
1305 2234 1499 2273 appareat,
1537 2229 1624 2274 quid
1660 2229 1697 2262 in
1735 2229 1884 2263 consilio
1922 2229 2031 2263 fuerit
2064 2229 2231 2274 Virgilio,

1236 2280 1367 2326 quidve
1385 2280 1421 2312 in
1446 2277 1512 2313 bac
1528 2279 1659 2324 Ecloga
1679 2281 1849 2314 voluerit:
1876 2287 2011 2314 certum
2033 2287 2154 2314 tamen
2179 2287 2232 2314 est

1235 2331 1410 2375 repexisse
1427 2338 1571 2375 poetam
1588 2333 1630 2365 ad
1649 2333 1824 2366 Graecam
1851 2332 2090 2366 imitationem
2109 2329 2230 2365 Theo-

1236 2382 1327 2422 criti,
1356 2383 1454 2416 cuius
1473 2383 1644 2429 pleraque
1660 2383 1784 2429 ldyllia
1803 2384 1839 2417 in
1857 2381 2078 2427 hacEcloga,
2106 2395 2229 2428 quem·

2071 2434 2229 2468 Maxime

1237 2492 1355 2518 autem
1376 2486 1528 2531 sumpsit
1547 2487 1644 2521 locos
1668 2488 1705 2520 in
1731 2485 1798 2520 hac
1813 2485 1946 2530 Ecloga
1974 2498 2016 2519 ex
2040 2483 2228 2520 Theocriti

1237 2536 1411 2582 Cyclope,
1446 2544 1481 2571 et
1507 2538 1634 2579 tertio,
1669 2544 1704 2572 et
1727 2544 1922 2583 postremo.
1988 2536 2117 2572 Oratio
2141 2549 2228 2571 vero

1237 2594 1288 2622 est
1311 2590 1451 2632 generis
1477 2590 1714 2625 deliberativi.
1774 2588 1898 2623 Utitur
1922 2588 2018 2623 enim
2049 2587 2107 2624 hic
2140 2588 2228 2623 10015

1270 2707 1336 2739 24¹)
1356 2707 1494 2733 Plutarch.
1515 2709 1532 2733 l.
1546 2707 1564 2731 l.
1584 2714 1608 2733 0.
1625 2707 1666 2732 52.
