2421 3005
81 117 158 154 565
410 114 498 149 XCI.

80 205 206 244 vitias,
235 209 270 236 et
284 201 456 236 humerus
474 201 567 235 vires
584 213 645 234 seu
672 199 872 244 potentiam
896 196 1085 242 significat.

79 257 173 290 Hinc
196 256 293 300 apud
311 254 510 288 Homerum
530 253 653 286 omnia
676 251 799 295 magni
819 250 923 295 pretii
947 250 1086 293 fingun-

78 314 139 342 tur
164 308 221 341 vel
245 308 403 341 eburnea
428 306 484 339 vel
509 317 631 339 aurea.
707 303 754 337 Et
780 303 885 337 fuisse
911 301 1084 345 Pelopem

78 360 210 404 opibus
235 360 443 392 affluentem
474 357 608 390 iudicat
636 357 870 401 proverbium
893 368 899 387 2
939 351 1086 397 Pelopis

78 412 215 446 talenta
229 438 238 452 ,
267 412 365 457 quod
383 412 425 443 de
444 409 629 443 immensis
648 409 778 453 opibus
796 407 866 440 dici
884 406 986 440 solet.
1029 405 1086 438 Ad
1111 437 1115 452 ὲ

79 462 189 504 haee,
226 464 380 496 eundem
406 461 530 505 magni
565 461 724 494 nominis
750 466 784 493 et
810 463 1084 504 praepotentem

78 516 187 550 fuisse
206 521 356 548 testatur
374 513 649 558 Peloponnesus
670 513 713 545 ah
734 524 775 545 eo
793 512 939 545 subacta
968 515 1002 542 et
1027 520 1087 541 co-

80 567 291 612 gnominata
304 593 314 606 ,
342 566 405 599 ubi
423 567 496 611 ipse
516 566 594 599 auri
612 565 753 598 fodinas
772 563 926 608 reperit,
956 560 1086 607 quihus

79 620 130 653 ita
148 619 281 652 ditatus
304 624 367 652 est.

79 712 281 751 Tereus,
314 723 391 744 rex
419 708 677 749 Thracum,
719 707 762 741 in
800 717 1002 751 upupam
1026 704 1086 751 62).

185 780 294 815 Terei
320 787 354 814 et
383 781 540 813 Procnes
571 778 692 812 fabula
727 779 831 811 docet
863 773 1086 808 cohibendos

80 846 154 868 esse
180 834 375 867 effrenatos
409 831 522 864 animi
556 830 722 869 affectus,
757 829 887 873 quihus
920 825 1085 860 homines

80 887 126 919 ad
148 884 413 918 immanitatem
440 883 718 927 compelluntur.
778 879 937 924 Impetus
964 885 1082 912 autem

81 936 269 971 Venereus
288 943 322 969 et
339 935 533 969 ulciscendi
552 934 729 978 cupiditas
745 934 902 966 reddunt
918 929 1085 964 homines

78 989 268 1034 insigniter
294 988 481 1020 immanes.
549 986 648 1031 Quid
682 985 777 1019 enim
812 991 886 1017 tam
913 984 1084 1021 immane,

79 1053 190 1086 quam
223 1039 345 1073 uxoris
376 1038 494 1072 sorori
519 1038 680 1081 linguam
713 1037 940 1081 praecidere,
983 1035 1083 1067 illato

77 1092 179 1137 prius
196 1097 341 1135 stupro;
371 1096 433 1123 aut
448 1096 601 1122 matrem
621 1102 703 1123 suos
719 1089 851 1121 liberos
870 1088 1084 1131 discerpere,

81 1150 116 1177 et
135 1155 320 1189 apponere
337 1140 562 1186 epulandos?

185 1195 237 1228 Ac
252 1201 430 1239 tyrannus
452 1193 643 1226 libidinum
667 1191 834 1225 sordibus
862 1190 1085 1236 inquinatus,

81 1253 177 1280 recte
204 1247 352 1290 fingitur
374 1245 412 1278 in
436 1257 598 1290 upupam
624 1249 884 1280 commutatus3
920 1240 1011 1274 nihil
1035 1247 1086 1274 est

83 1299 179 1332 enim
206 1296 274 1331 hac
301 1309 366 1330 ave
392 1297 551 1337 foedius,
592 1295 683 1329 nihil
711 1294 956 1341 inquinatius,
993 1305 1085 1339 quae

82 1362 263 1396 nusquam
290 1349 461 1382 libentius
488 1354 757 1388 commoratur,
801 1360 910 1393 quam
936 1346 973 1379 in
998 1352 1087 1379 ster-

83 1402 239 1436 coribus.
300 1400 357 1433 Ad
382 1399 471 1434 haec
497 1401 606 1444 longo
632 1406 666 1433 et
689 1406 793 1432 acuto
821 1405 938 1432 rostro
963 1409 1085 1442 upupa

82 1460 259 1499 tanquam
288 1452 435 1497 cuspide
460 1458 599 1485 armata
628 1459 767 1485 exercet
791 1450 1023 1496 tyrannidem
1050 1449 1087 1482 in

82 1506 240 1539 aviculas
259 1532 268 1545 ,
313 1502 494 1550 habetque
537 1504 683 1538 cristam
722 1503 948 1549 plicabilem,
996 1514 1087 1548 quae

84 1570 165 1591 cum
184 1557 335 1602 erigitur
360 1569 424 1601 per
448 1557 714 1600 longitudinem
734 1556 880 1601 capitis,
908 1555 1018 1587 refert
1043 1553 1088 1588 si-

82 1609 326 1643 militudinem
347 1609 562 1642 diadematis
580 1609 682 1653 regii.
725 1607 833 1641 Extat
850 1607 997 1641 Ioannis
1013 1607 1087 1640 An-

84 1661 178 1694 tonii
204 1660 383 1704 Campani
406 1661 629 1704 epigramma
659 1662 702 1693 de
726 1673 849 1705 upupa
875 1672 949 1692 non
978 1659 1088 1692 inele-

84 1725 194 1758 gans,
223 1713 320 1758 qnod
340 1718 392 1746 est
411 1712 605 1745 eiusmodi:

154 1773 215 1797 Rex
234 1772 358 1796 sueram:
379 1771 420 1795 sic
439 1770 524 1795 crista
543 1772 660 1801 probat:
686 1771 736 1794 sed
755 1771 871 1795 sordida
892 1771 948 1795 vita

154 1816 325 1840 Immuudam
345 1821 360 1838 e
380 1816 457 1839 tanto
478 1815 597 1839 culmine
617 1814 684 1838 fecit
703 1820 792 1838 avem.

85 1903 263 1938 Procne
308 1902 354 1935 in
396 1899 695 1935 hirundinem
740 1908 782 1934 et
824 1899 1089 1935 Philomela

373 1953 416 1987 in
455 1954 707 1988 lusciniam
737 1953 798 1998 G5³).

192 2022 276 2056 Non
293 2023 377 2057 satis
393 2023 507 2069 liquet
527 2036 569 2057 ex
586 2023 706 2056 fabula
720 2050 729 2063 ,
758 2023 793 2055 in
813 2034 989 2068 quasnam
1009 2034 1091 2057 aves

86 2071 154 2107 hae
187 2086 330 2108 sorores
356 2082 516 2109 mutatae
543 2075 690 2109 suerint.
769 2075 935 2115 Servius,
981 2075 1091 2109 inter-

86 2138 169 2171 pres
184 2125 426 2171 Virgilianos,
452 2128 577 2161 scribit
593 2128 759 2161 Procnen
778 2127 814 2159 in
835 2128 973 2162 aedona
987 2155 996 2168 ,
1023 2125 1091 2161 hoc

88 2184 161 2218 est,
199 2178 237 2211 in
263 2178 473 2219 lusciniam,
512 2186 547 2213 et
569 2177 811 2213 Philomelam
838 2179 874 2211 in
901 2178 1090 2214 chelidona

88 2230 163 2264 sive
181 2228 415 2265 hirundinem
441 2231 548 2264 fuisse
571 2238 771 2273 mutatam,
802 2231 901 2266 cuius
927 2232 1093 2276 opinioni

88 2282 307 2327 suffragatur
328 2282 482 2317 Ovidius
502 2283 539 2316 in
563 2283 713 2328 epistola
741 2282 908 2329 Sapphus
927 2283 997 2331 ¹⁵²),
1031 2286 1092 2319 ubi
1120 2304 1122 2309 >

87 2333 225 2380 inquit:

139 2396 225 2430 Sola
241 2397 352 2429 virum
371 2407 435 2429 non
453 2397 523 2429 ulta
536 2398 592 2438 pie
612 2398 837 2430 moestissima
855 2403 964 2432 maier

144 2449 298 2482 Concinit
313 2449 499 2482 Ismarium
519 2449 668 2482 Daulias
685 2450 755 2482 ales
772 2451 863 2492 Ityn.

89 2506 158 2541 Hie
181 2508 277 2541 enim
304 2508 467 2554 loquitur
491 2510 534 2541 de
553 2509 714 2549 Procne,
743 2510 858 2555 deque
884 2508 1093 2551 hirundine,

92 2572 184 2605 quae
199 2572 274 2594 non
293 2562 423 2604 gaudet
441 2561 549 2607 sylvis
562 2588 569 2601 ‚
596 2562 655 2595 sed
677 2561 789 2595 tectis.
843 2561 1015 2607 Virgilius
1041 2570 1094 2596 ta-

127 2660 176 2692 62)
200 2661 280 2685 ονῑᾱ.
299 2662 365 2686 Met.
386 2661 439 2691 Vl,
460 2661 511 2686 ⁴24
526 2669 584 2692 sqqv

127 2703 176 2736 63)
198 2704 277 2728 Ovid.
296 2705 361 2729 Met.
383 2705 430 2736 vi,
444 2705 607 2729 428—674.

127 2747 176 2780 64)
197 2748 276 2773 Ovid.
298 2748 386 2779 Epist.
402 2749 466 2772 xv.
489 2748 538 2773 153
554 2755 592 2779 sq.

552 110 840 148 ENARaATlo
874 108 1002 144 LIBRI
1032 107 1091 142 Vl.

1129 107 1162 140 M
1171 105 1610 141 ETAMORPHOSEON
1646 103 1808 140 OVIDH.
2069 102 2146 140 566

1108 193 1114 212 ³
1140 207 1226 228 men
1243 200 1372 241 quarto
1391 193 1523 237 Georg.
1540 192 1586 235 ⁶⁵)
1613 194 1723 226 refert
1738 192 1905 226 Procnen
1923 191 1960 224 in
1978 188 2145 224 hirundi-

1140 260 1223 281 nem
1244 259 1317 281 esse
1337 258 1568 279 conversam:

1208 308 1243 331 Et
1263 305 1390 331 manibus
1410 306 1516 331 Procne
1535 305 1632 335 peetus
1653 304 1765 335 signata
1784 303 1921 328 cruentis.

1140 349 1275 396 Estque
1319 350 1551 384 verisimilius
1597 347 1839 382 Philomelam
1879 348 1915 380 in
1952 347 2142 381 lusciniam

1140 403 1247 436 fuisse
1266 409 1456 436 mutatam.
1511 401 1680 435 Luscinia
1700 400 1795 433 enim
1822 400 1915 432 inter
1939 401 2141 433 canendum

1142 455 1268 488 crebro
1291 455 1363 487 edit
1381 452 1445 488 has
1470 466 1593 488 voces:
1627 450 1768 499 Τηρεὺς
1790 453 1985 500 γλῶτταν,
2015 452 2144 497 quibus

1142 506 1290 540 vocibus
1316 507 1459 538 videtur
1485 506 1589 551 quasi
1615 505 1791 550 conqueri
1815 505 1858 537 de
1878 503 2016 543 Tereo,
2046 504 2144 549 quod

1142 558 1340 602 amputarit
1372 558 1546 601 linguam.
1621 558 1677 591 Ad
1714 554 1801 589 haec
1833 568 1968 588 nomen
1999 568 2143 601 quoque

1142 610 1258 654 ipsum
1280 610 1468 647 convenit,
1497 607 1698 642 Philomela
1719 608 1814 642 enim
1840 607 2017 651 significat
2046 619 2145 640 ama-

1140 662 1268 700 bilem,
1298 674 1415 706 neque.
1442 662 1549 695 ullius
1575 661 1736 694 aviculae
1765 660 1900 694 musica
1929 667 1980 694 est
2008 659 2145 692 amabi-

1141 714 1231 754 lior,
1275 726 1383 758 quam
1413 714 1596 746 lusciniae.
1674 713 1761 746 Eius
1797 725 1905 746 sonus
1937 713 1993 757 (ut
2026 711 2145 757 inquit

1141 766 1297 806 Plinius)
1344 766 1498 810 perfecta
1545 764 1702 798 musicae
1741 765 1888 799 scientia
1924 764 2144 805 modulatus,

1140 830 1236 851 nunc
1255 817 1428 850 continuo
1447 817 1576 862 spiritu
1600 815 1758 850 trahitur
1786 817 1822 849 in
1847 818 2018 860 longum,
2046 828 2143 850 nunc

1141 870 1303 902 variatur
1328 869 1480 909 inflexo,
1514 882 1611 902 nunc
1635 869 1869 913 distinguitur
1894 869 2056 908 conciso,
2085 880 2143 901 co-

1140 922 1286 965 pulatur
1314 921 1471 961 intorto,
1514 927 1705 954 revocatur
1733 927 1765 954 et
1798 921 1996 954 infuscatur
2027 920 2144 965 inopi-

1140 980 1245 1011 nato;
1267 974 1448 1007 interdum
1469 980 1503 1006 et
1519 986 1638 1007 secum
1655 970 1879 1010 murmurat3
1904 972 2042 1016 plenus,
2065 985 2145 1017 gra-

1139 1025 1210 1065 vis,
1242 1032 1384 1065 acutus,
1413 1026 1553 1065 creber,
1581 1032 1764 1066 extentus,
1792 1025 1854 1058 ubi
1879 1024 1995 1058 visum
2022 1032 2074 1059 est
2094 1025 2145 1058 vi-

1139 1078 1268 1117 brans,
1299 1090 1483 1118 summus,
1520 1077 1678 1117 medius,
1706 1078 1817 1115 imus3
1849 1077 2077 1123 breviterque
2106 1077 2144 1110 in

1111 1137 1112 1141 ’
1140 1136 1212 1162 tam
1241 1130 1400 1174 parvulis
1424 1130 1586 1164 faucibus
1612 1130 1734 1162 omnia
1758 1135 1861 1169 sunt,
1897 1142 1989 1175 quae
2015 1136 2069 1163 tot
2090 1130 2144 1162 in-

1140 1182 1349 1215 strumentis
1367 1195 1424 1215 ars
1441 1180 1631 1215 hominum
1652 1181 1877 1226 excogitavit.

1243 1234 1361 1267 Porro
1396 1232 1465 1267 hoc
1497 1235 1576 1267 loco
1609 1234 1876 1267 observandum
1913 1237 1992 1271 est,
2046 1231 2145 1276 quod

1140 1284 1358 1320 Laurentius
1375 1286 1478 1319 Valla
1499 1288 1541 1320 de
1562 1286 1747 1331 voluptate
1766 1286 1827 1320 lib.
1846 1286 1880 1320 3.
1899 1286 2025 1318 refert:
2054 1283 2147 1316 Poe-

1142 1344 1195 1371 tas
1215 1338 1356 1372 finxisse
1382 1337 1446 1372 has
1471 1340 1560 1372 duas
1590 1351 1692 1379 aves,
1729 1350 1871 1372 sorores
1896 1337 2024 1377 fuisse,
2051 1335 2146 1368 Pan-

1142 1390 1260 1425 dionis
1277 1390 1370 1434 regis
1395 1391 1504 1431 filias,
1534 1392 1632 1437 quod
1661 1391 1872 1424 viderentur
1893 1395 2017 1423 cantus
2043 1399 2147 1432 prae-

1142 1443 1272 1476 stantia
1297 1455 1411 1487 paene
1437 1456 1649 1488 germanae;
1686 1450 1719 1476 et
1743 1441 1808 1477 has
1826 1443 1914 1476 duas
1932 1440 2146 1475 intellexisse

1144 1495 1341 1528 oratoriam
1363 1502 1396 1528 et
1417 1495 1595 1540 poeticam
1614 1523 1623 1535 ,
1653 1508 1745 1541 quae
1763 1507 1878 1540 prope
1896 1506 2039 1528 sorores
2056 1492 2147 1531 sint;

1115 1577 1117 1590 ‚
1143 1553 1251 1593 atque
1277 1553 1315 1580 ut
1340 1545 1432 1580 hanc
1468 1547 1743 1581 similitudinem
1781 1554 1927 1587 cantus,
1970 1547 2019 1579 ita
2046 1545 2147 1578 illam

1144 1599 1422 1644 discrepantiam
1443 1607 1587 1633 autores
1604 1601 1747 1633 fabulae
1766 1606 1906 1634 secutos
1925 1610 1998 1633 esse
2012 1625 2020 1639 ,
2049 1598 2149 1643 quod

1144 1652 1181 1685 in
1198 1653 1310 1685 altera
1329 1652 1374 1686 sit
1393 1651 1483 1684 mira
1511 1652 1624 1685 libido
1649 1659 1740 1685 tecta
1767 1659 1802 1685 et
1824 1652 1930 1686 urbes
1953 1650 2149 1692 incolendi,

1144 1704 1182 1737 in
1200 1705 1311 1738 altera
1331 1704 1476 1738 arbusta
1499 1711 1531 1737 et
1549 1705 1684 1750 sylvas:
1716 1705 1958 1749 significantes
1982 1701 2149 1736 hirundi-

1144 1770 1227 1791 nem
1255 1757 1409 1791 similem
1436 1769 1510 1790 esse
1535 1758 1695 1790 urbanae
1724 1756 1972 1802 eloquentiae,
2007 1762 2041 1789 et
2065 1755 2147 1795 illis,

1146 1810 1209 1855 qui
1235 1809 1272 1842 in
1298 1808 1485 1848 domibus,
1518 1809 1555 1840 in
1581 1816 1730 1849 senatu,
1770 1809 1808 1841 in
1831 1810 1932 1849 foro,
1967 1819 2067 1841 suam
2096 1809 2149 1840 fa-

1146 1861 1315 1894 cundiam
1341 1867 1527 1899 exercent,
1562 1858 1802 1893 Philomelam
1824 1872 1910 1893 vero
1931 1859 2083 1893 similem
2101 1858 2148 1905 66)

1146 1912 1373 1959 eloquentiae
1399 1912 1577 1947 nemorali
1612 1918 1645 1945 et
1672 1918 1862 1957 poetarum
1882 1939 1891 1952 ‚
1933 1912 1994 1958 qui
2019 1912 2149 1957 sylvas,

1147 1972 1181 1999 et
1207 1965 1438 2005 solitudines,
1467 1971 1498 1997 et
1518 1965 1595 1997 loca
1616 1977 1692 1998 non
1719 1965 1762 1997 ab
1786 1962 2016 2004 hominibus,
2042 1965 2104 1998 sed
2130 1976 2149 1997 a

1146 2018 1260 2052 Musis
1280 2024 1314 2050 et
1333 2030 1350 2050 a
1371 2016 1449 2050 Diis
1470 2017 1667 2057 celebrata,
1696 2023 1838 2057 amant,
1878 2023 1911 2050 et
1937 2016 2106 2050 materias
2130 2028 2148 2048 a

1146 2070 1349 2104 forensibus
1391 2069 1647 2102 controversiis
1686 2069 1947 2103 remotissimas
1981 2074 2150 2102 tractant.

1146 2122 1271 2168 ltaque
1299 2128 1475 2168 quantum
1499 2120 1704 2154 Philomela
1739 2121 1776 2154 in
1808 2121 1988 2154 cantando
2018 2120 2149 2153 vocali-

1147 2182 1239 2216 tate,
1275 2175 1330 2215 vi,
1366 2180 1490 2214 motu,
1531 2173 1701 2214 scientIa,
1745 2174 1938 2214 varietate,
1974 2173 2149 2207 suavitate

1147 2225 1336 2261 hirundini
1354 2232 1532 2271 praestat,
1562 2232 1700 2259 tantum
1721 2226 1898 2271 poeticam
1917 2238 2041 2258 vocem
2069 2237 2149 2258 ora-

1148 2279 1263 2313 toriae
1284 2285 1480 2324 praestare.

1327 2363 1552 2410 Orithyia
1589 2376 1607 2397 a
1651 2363 1799 2397 Borea
1827 2370 1977 2408 rapta.

1120 2450 1123 2471 ἰ
1200 2434 1261 2468 Vs.
1281 2434 1367 2468 683.
1395 2436 1595 2481 Dileciaque
1612 2436 1671 2468 diu
1688 2436 1801 2469 caruit
1816 2436 1911 2467 Dens
1928 2433 2098 2476 Orithyia.

1120 2484 1121 2498 l

1119 2499 1123 2523 l
1237 2504 1403 2538 Socrates
1423 2505 1517 2549 apud
1538 2504 1730 2538 Platonem
1750 2504 1785 2536 in
1801 2502 1968 2536 Phaedro
1979 2501 2025 2547 ⁶⁷)
2042 2501 2152 2535 refert

1120 2602 1123 2619 1
1149 2554 1377 2601 Orithyiam,
1420 2554 1613 2590 Erechthei
1645 2557 1775 2595 filiam,
1815 2567 1833 2588 e
1861 2555 2019 2601 quadam
2050 2559 2153 2598 petra

1121 2642 1123 2678 l
1184 2659 1232 2692 65)
1252 2660 1333 2687 Vtra.
1355 2660 1457 2690 Georg.
1478 2660 1527 2684 lv.
1552 2659 1591 2683 15.

1185 2703 1232 2735 66)
1253 2703 1386 2733 similem]
1407 2704 1449 2727 sie
1470 2703 1553 2727 Editt.
1572 2702 1665 2731 1555.;
1693 2701 1741 2724 Ed.
1760 2701 1833 2725 1559.
1854 2700 1951 2724 simile.

1188 2746 1235 2778 67)
1256 2747 1325 2772 Plat.
1348 2749 1414 2778 Opp.
1434 2748 1483 2770 Ed.
1505 2748 1536 2771 Π.
1557 2745 1698 2814 δίε-ΡΙιΒέ
1715 2744 1758 2796 1:⁵1.
1778 2752 1803 2775 p.
1819 2744 1880 2769 229.
1900 2745 1923 2767 b.
