2421 3005
89 107 161 143 201
509 102 663 139 LXXXI.

89 193 244 226 Prodest
271 191 308 224 in
335 197 546 236 tempestate
577 203 706 224 navem
727 192 851 225 fulcire
875 193 1013 226 duabus
1037 203 1098 224 an-

91 242 222 277 choris.

89 302 165 330 nat.

91 347 170 382 culo
183 373 192 387 ,
222 353 256 380 et
272 359 436 380 meorum
458 346 658 381 carminum
677 348 804 382 florem
821 349 953 382 levato.

489 449 581 490 Ode
598 450 699 491 VII.

322 527 357 559 Ι)
368 527 379 558 ἱ
392 537 440 568 aq
451 537 467 558 ο
479 537 496 558 r
506 538 526 558 a
536 537 553 557 e
578 526 708 559 Rhodio
737 523 870 571 πύκτῃ.

193 605 285 650 (Str.
303 603 353 649 1.)
384 602 435 636 Ut
451 602 481 636 si
499 603 578 648 quis
597 602 707 635 divite
727 614 837 638 manu
856 599 1014 646 phialam
1043 613 1097 634 ca—

85 657 209 703 piens,
236 655 332 690 intus
351 655 436 688 vino
453 655 663 688 bullientem
677 681 686 695 ,
714 655 825 687 donet
841 665 939 686 novo
964 665 1096 698 genero

85 708 322 755 praebibens‚
351 719 391 740 ac
408 707 602 740 transferat
625 718 666 740 ex
691 707 801 739 domo
826 717 897 739 una
923 705 962 737 in
987 705 1094 739 aliam

87 772 234 795 auream
267 758 529 805 possessionem
559 763 592 791 et
616 757 791 803 symposii
811 758 937 798 decus,
981 755 1097 791 hono-
1122 769 1124 771 ·

85 825 172 847 rans
192 824 364 857 generum
392 809 640 855 praesentibus
664 809 788 844 amicis
813 811 858 843 ad
881 811 1096 844 concordem

86 871 226 898 torum:
255 862 358 911 (Ant.
379 863 430 909 1.)
459 862 508 896 sic
525 874 590 906 ego
613 868 738 895 nectar
762 862 965 896 carminum
986 862 1097 895 victo·
1123 869 1125 887 ί

85 917 185 951 ribus
201 915 365 955 mittens,
393 914 513 948 dulces
531 914 667 948 fructus
685 915 868 959 gratificor
887 914 947 949 eis.

188 967 308 1008 Felix,
336 978 443 1013 quem
460 966 558 1000 bona
578 966 676 999 fama
703 966 943 1012 amplectitur.
999 965 1097 1000 Alias
1123 962 1125 980 ³

86 1019 197 1054 alium
231 1018 347 1064 gratia
379 1018 564 1053 vivificans
596 1018 760 1063 respicit,
795 1031 875 1052 cum
902 1016 1038 1052 cithara
1064 1024 1097 1051 et

86 1071 226 1105 fidibus.

85 1136 167 1158 cum
184 1123 345 1167 Diagora
367 1123 557 1163 descendi,
595 1123 778 1157 celebrans
803 1121 996 1162 Rhodum,
1029 1121 1097 1154 Ve-

85 1175 181 1210 neris
200 1175 332 1215 filiam,
368 1182 402 1209 et
418 1175 510 1208 Solis
529 1187 720 1219 sponsam,
755 1181 795 1208 ut
818 1175 949 1208 fortem
978 1173 1095 1207 virum

86 1331 180 1372 lum,
209 1343 290 1364 cum
308 1329 443 1375 Argiva
463 1330 708 1364 multitudine.
1123 1349 1125 1365 ι

189 1383 282 1428 (Str.
305 1382 359 1428 2.)
401 1381 494 1415 Volo
532 1388 651 1416 autem
691 1381 779 1415 ortis
815 1392 834 1414 a
871 1380 1125 1426 Tlepolemo,

87 1434 250 1470 Herculis
282 1434 356 1468 filio
376 1461 385 1474 ,
434 1446 625 1468 commune
662 1433 897 1479 praeconium
933 1433 1125 1472 recitare,

87 1487 217 1535 quibus
240 1499 350 1532 genus
383 1493 576 1531 paternum
612 1499 632 1520 a
660 1485 743 1520 Iove
776 1492 848 1526 est,
890 1492 1095 1519 maternum
1124 1525 1125 1538 χ

87 1552 173 1574 vero
190 1539 234 1572 ab
248 1538 475 1585 Astydamia.
530 1537 569 1571 In
590 1536 782 1572 bominum
805 1538 988 1572 mentibus
1009 1549 1097 1582 pen-

86 1593 173 1626 dent
187 1591 293 1625 multi
311 1603 468 1629 errores;
489 1597 523 1624 et
541 1591 683 1624 difficile
701 1597 753 1625 est
771 1590 913 1635 eligere,
933 1589 1098 1635 (Anna)
1124 1591 1126 1643 J

88 1645 187 1690 quod
201 1643 308 1678 simul
325 1649 359 1676 et
376 1643 414 1675 in
432 1655 600 1687 praesens
622 1644 758 1677 bonum
784 1643 848 1683 sit,
883 1648 917 1676 et
939 1643 977 1675 in
1003 1643 1098 1676 futu-

88 1708 182 1729 rum.
263 1694 357 1729 Nam
394 1694 626 1739 Tlepolemus
667 1695 780 1729 iratus
825 1694 1005 1728 interfecit
1039 1693 1099 1726 Li-
1124 1694 1126 1702 '

89 1747 293 1793 cymnium,
340 1745 566 1791 Electryonis
598 1746 732 1787 filium,
780 1746 911 1780 feriens
944 1752 1098 1790 sceptro.

88 1798 144 1833 Ira
169 1805 204 1832 et
226 1798 404 1843 sapientes
428 1798 562 1832 turbat.
631 1798 722 1831 Cum
752 1805 871 1832 autem
903 1798 1099 1832 sciscitatus

89 1857 180 1885 esset
199 1850 385 1884 oraculum
399 1877 408 1890 ,
438 1849 518 1894 (Ep.
532 1850 586 1895 2.)
609 1850 710 1884 iussit
726 1850 858 1894 Apollo
884 1849 1029 1883 classem
1059 1862 1100 1883 ex

87 1902 252 1937 Lernaeo
270 1903 390 1936 littore
407 1902 549 1935 mittere
566 1903 611 1935 ad
628 1902 782 1936 insulam
810 1913 979 1946 pascuam
991 1928 1000 1941 ‚
1038 1901 1099 1934 ubi

89 1955 172 1988 nive
189 1966 296 1988 aurea
313 1953 444 1998 rigavit
458 1954 586 1987 urbem
604 1953 759 1998 Iupiter,
789 1954 935 1998 quando
946 1952 1101 1986 Vulcani

89 2013 185 2047 arte,
211 2018 321 2040 aenea
338 2005 489 2050 bipenni
504 2005 623 2039 Pallas
646 2018 687 2039 ex
712 2005 843 2038 vertice
861 2003 956 2039 Iovis
982 2017 1100 2038 erum—
1126 2031 1127 2035 ,

89 2071 198 2104 pens,
225 2058 315 2091 adeo
334 2057 447 2091 altum
465 2057 654 2097 clamavit,
682 2064 721 2091 ut
737 2058 1003 2102 perterrefieret
1021 2069 1099 2090 coe-
1126 2071 1127 2107 ἐ

90 2111 165 2145 lum
181 2115 216 2143 et
239 2115 348 2143 terra.

193 2161 286 2206 (Str.
303 2160 357 2206 3.)
384 2159 489 2194 Tunc
499 2160 561 2194 Sol
579 2160 681 2194 iussit
697 2161 789 2195 filios
807 2173 890 2195 suos
908 2161 1099 2194 observare
1126 2191 1127 2209 ἢ

403 2218 443 2245 ut
466 2212 607 2245 Palladi
629 2225 729 2246 aram
756 2213 865 2257 primi
891 2213 1099 2251 conderent,
1126 2228 1127 2231 ¹

91 2272 131 2299 ut
147 2265 207 2310 pia
224 2277 324 2299 sacra
340 2265 517 2303 facerent,
546 2270 580 2297 et
594 2263 713 2298 Iovem
735 2265 939 2310 placarent,
969 2271 1003 2297 et
1018 2264 1099 2297 Pal-
1125 2276 1127 2306 ζ

92 2226 167 2247 rem
191 2214 348 2246 suturam
359 2239 369 2251 ,

92 2318 208 2351 ladem
236 2315 426 2351 hastatam.
491 2314 728 2351 Prometheus
753 2317 867 2350 adfert
891 2314 1099 2350 hominibus

91 2369 260 2403 virtutem
283 2375 317 2403 et
340 2368 532 2405 laetitiam3
574 2367 675 2412 (Ant.
693 2369 745 2413 3.)
774 2369 834 2402 sed
857 2375 978 2401 tamen
1001 2380 1098 2401 acce-

91 2421 145 2455 dit
162 2421 312 2455 obscura
331 2421 444 2454 nubes
461 2419 674 2461 oblivionis,
703 2427 736 2454 et
760 2427 894 2454 rectam
916 2421 1011 2453 viam
1038 2433 1098 2453 ne-
1124 2415 1126 2467 ζ

92 2472 272 2516 gotiorum
295 2473 410 2507 aufert
426 2485 466 2506 ex
484 2472 676 2505 mentibus.
729 2472 977 2506 Ascenderunt
1001 2472 1096 2506 enim
1124 2470 1125 2492 l

93 2525 137 2557 ad
156 2525 450 2563 sacrificandum,
478 2536 552 2557 non
570 2521 742 2558 habentes
766 2524 901 2568 ignem:
938 2526 1097 2571 dumque
1123 2529 1125 2561 l

93 2587 193 2608 aram
210 2576 346 2610 faciunt
364 2577 402 2609 in
420 2589 500 2610 arce
516 2576 592 2610 sine
610 2576 709 2620 igne,
737 2574 871 2620 Iupiter
886 2576 1018 2610 flavam
1037 2590 1097 2610 ne·
1123 2565 1125 2599 l

90 2627 213 2661 hulam
241 2629 440 2669 adducens,
481 2628 634 2662 multum
660 2628 739 2661 auri
763 2628 910 2672 depluit.
978 2629 1097 2664 Pallas
1122 2625 1125 2638 ²

92 2691 178 2712 vero
197 2679 295 2713 dedit
312 2678 392 2724 (Ep.
411 2680 465 2726 3.)
492 2692 615 2714 omnes
634 2677 824 2713 bominum
851 2686 964 2721 artes,
999 2687 1034 2715 et
1060 2682 1097 2714 in

92 2730 158 2764 viis
175 2729 294 2765 Rhodi
315 2738 417 2765 erant
435 2738 572 2766 statuae
592 2731 725 2766 similes
741 2731 997 2767 animantibus.
1051 2732 1095 2766 Et
1121 2713 1124 2746 l

724 103 1130 139 INTERPRETATIO
1165 103 1502 139 OLYMPIORUM
1540 104 1749 141 PIMJARI.

276 242 373 276 Deus
390 249 509 276 autem
536 240 625 276 haec
651 250 686 277 et
712 244 770 277 illa
795 244 945 277 feliciter
971 244 1098 288 guber·
1123 240 1127 298 j

218 293 252 327 O
270 294 456 339 Neptune,
487 295 532 328 da
554 294 586 328 ei
602 296 873 340 navigationem
901 296 978 331 sine
1004 297 1098 341 peri·
1124 305 1126 324 ³

1124 335 1126 392 f
1153 346 1246 392 piter
1274 354 1309 382 et
1341 348 1401 381 alii
1424 347 1487 382 Dii
1515 348 1774 383 distribuerent
1805 354 1956 389 terram,

1124 396 1126 404 ²
1153 399 1382 444 conspicuam
1406 400 1514 434 fuisse
1538 399 1710 434 Rhodum
1730 400 1768 433 in
1794 400 1905 439 mari,

1124 520 1126 538 ;
1152 515 1221 549 que
1245 504 1390 538 absente
1417 504 1498 538 Sole
1524 505 1622 537 nulla
1648 504 1680 538 ei
1703 517 1786 549 pars
1818 504 2089 542 ostenderetur,

1151 659 1274 699 cessit,

1122 743 1125 761 ὲ
1150 723 1228 744 ram
1257 723 1298 745 ex
1322 712 1455 751 fundo,
1492 712 1637 745 uberem
1665 710 1875 745 hominibus
1899 717 1934 744 et
1956 709 2163 755 pecudibus.

1123 843 1125 849 s
1151 827 1320 855 manum,
1367 822 1401 849 et
1425 816 1546 849 iurare
1570 828 1645 848 non
1669 816 1798 849 falsum
1822 815 2088 853 iuramentum,

1123 949 1125 955 .
1151 931 1271 952 aerem
1291 919 1359 953 sibi
1376 919 1564 965 propriam
1587 920 1678 954 fore.

281 1070 361 1116 (Ep.
383 1069 431 1117 1.)
458 1071 563 1106 Nunc
579 1083 663 1104 vero
686 1083 767 1104 cum
787 1068 923 1104 cithara
943 1077 977 1103 et
1001 1069 1096 1103 tibiis
1122 1088 1126 1158 Ι

1123 1161 1126 1210 l
1150 1178 1241 1213 nuit.

87 1233 300 1261 coronatum
328 1227 373 1260 ad
395 1224 576 1271 Alpheum
603 1227 768 1267 laudem,
807 1233 841 1260 et
863 1232 1003 1271 patrem
1026 1225 1098 1259 De-
1123 1211 1126 1298 i

86 1285 269 1323 magetum
282 1305 292 1318 ,
317 1276 520 1312 habitantes
537 1278 689 1312 insulam
708 1278 813 1312 Asiae
831 1291 944 1323 prope
964 1277 1098 1311 Embo-
1123 1302 1126 1341 ἱ

1124 1564 1125 1587 }
1151 1542 1311 1586 AOsslssd,

1124 1760 1127 1786 3
1152 1758 1247 1785 recte
1264 1752 1426 1786 ambulat
1445 1754 1481 1785 in
1503 1753 1557 1785 via
1579 1753 1683 1787 iusta.

1125 1810 1127 1849 J
1152 1801 1250 1837 hunc
1267 1810 1438 1848 paternae
1455 1811 1592 1839 mentes
1608 1805 1702 1838 bona
1723 1802 1932 1841 docuerint,
1959 1815 2004 1835 ne
2024 1801 2162 1834 occulta

2086 111 2162 146 202

1153 198 1231 225 erat
1264 204 1396 237 magna
1420 191 1547 237 gloria.
1620 192 1740 226 Maior
1765 199 1817 226 est
1843 193 2020 238 sapientia
2050 201 2084 228 et
2108 195 2161 228 in-

1153 251 1322 289 corrupta
1342 244 1435 284 eius,
1464 243 1527 290 qui
1543 243 1678 278 didicit.

1254 295 1390 337 >Dicunt
1416 302 1535 330 autem
1561 303 1698 330 veteres
1721 297 1967 338 narrationes,
2005 308 2085 330 cum
2106 294 2161 330 Iu-

1996 348 2162 381 nondum

1948 400 2007 434 sed
2045 397 2162 434 adhuc

1863 452 1956 497 (Str.
1971 451 2024 497 4.)
2055 451 2162 485 Cum-

2129 510 2162 536 et

1152 562 1275 599 postea
1295 556 1432 589 mentio
1456 556 1531 590 eius
1559 557 1610 589 rei
1634 557 1754 596 fieret,
1786 554 1924 600 Iupiter
1951 561 2163 588 retractatu-

1150 619 1212 641 rus
1239 614 1316 641 erat
1340 608 1580 642 sortitionem.
1643 608 1711 642 Sed
1735 607 1796 641 Sol
1819 608 1853 640 id
1878 606 1955 640 fieri
1979 618 2054 639 non
2079 618 2163 639 con-

1309 659 1430 694 dicens
1462 673 1498 694 se
1529 661 1649 693 videre
1674 660 1712 693 in
1734 660 1827 692 mari
1853 664 2068 692 crescentem
2094 664 2164 691 ter-

1152 451 1189 484 in
1205 452 1304 486 salsis
1327 452 1425 486 vadis
1447 453 1661 486 occultatam
1688 452 1808 486 fuisse.

1151 763 1250 808 (Ant.
1271 762 1324 809 4.)
1360 762 1464 798 Iussit
1490 763 1599 808 igitur
1627 763 1747 798 statim
1770 761 1949 796 Lachesin
1975 763 2163 795 extendere

2131 819 2165 846 et

1644 867 1809 901 emissam
1841 864 1935 899 hanc
1963 872 2099 898 terram
2126 865 2164 897 in

1733 918 1826 952 Huic
1854 918 1950 951 dicto
1975 917 2165 962 respondit

1150 977 1319 1012 eventus,
1362 978 1397 1005 et
1426 971 1643 1016 germinavit
1667 971 1704 1004 in
1730 970 1824 1004 mari
1848 968 1928 1014 (Ep.
1951 967 2005 1016 4.)
2034 969 2164 1009 insula,

1151 1023 1209 1057 cui
1233 1023 1295 1057 Sol
1319 1023 1541 1059 dominatur.
1610 1022 1663 1057 Ibi
1685 1021 1819 1056 Rhodo
1846 1022 1999 1061 mixtus,
2043 1021 2166 1066 genuit

1151 1081 1286 1120 septem
1310 1075 1421 1116 filios,
1457 1075 1633 1120 sapientia
1659 1075 1870 1109 excellentes
1895 1074 1991 1118 apud
2014 1080 2165 1113 veteres,

1151 1139 1307 1172 quorum
1334 1140 1427 1161 unus
1452 1127 1660 1168 Camirum,
1695 1126 1839 1161 lalisum
1863 1132 1898 1159 et
1921 1124 2080 1160 Lindum
2108 1137 2166 1169 ge·

1297 1179 1344 1212 Hi
1362 1179 1516 1214 insulam
1533 1181 1571 1213 in
1588 1186 1658 1214 tres
1675 1186 1795 1224 partes
1815 1178 2038 1217 diviserunt,
2067 1183 2102 1210 et
2119 1177 2164 1210 ab

1151 1230 1237 1275 ipsis
1255 1231 1388 1276 oppida
1407 1232 1595 1265 nominata
1620 1238 1714 1266 sunt.
1769 1230 1859 1275 (Str.
1879 1228 1932 1276 5.)
1959 1228 2011 1263 Ibi
2036 1229 2165 1263 libera-

1151 1283 1202 1316 tio
1222 1283 1437 1318 calamitatis
1458 1283 1672 1329 Tlepolemo
1687 1284 1780 1317 facta
1806 1289 1878 1322 est,
1906 1288 1941 1315 et
1959 1281 2165 1315 institutum

1151 1334 1365 1369 sacrificium
1393 1342 1426 1369 et
1450 1342 1650 1369 certamen:
1689 1335 1787 1369 cuius
1812 1333 1963 1367 floribus
1986 1333 2165 1377 Diagoras

1150 1386 1205 1420 bis
1223 1394 1417 1422 coronatus
1435 1394 1503 1427 est,
1532 1394 1565 1421 et
1583 1388 1619 1421 in
1638 1385 1774 1421 Isthmo
1794 1386 1878 1420 xicit
1894 1392 2042 1432 quater
2071 1391 2104 1419 et
2128 1384 2166 1416 in

1150 1438 1296 1473 Nemeis
1317 1446 1350 1472 et
1365 1438 1529 1473 Athenis.
1567 1440 1667 1485 (Ant.
1679 1438 1732 1484 5.)
1749 1438 1788 1472 In
1803 1438 1902 1482 Argo
1923 1438 2029 1471 etiam
2052 1449 2164 1471 aeneo

1124 1483 1277 1536 clypeo
1297 1492 1382 1525 don·
1386 1498 1452 1526 utus
1472 1498 1534 1525 est.
1594 1492 1625 1523 ἲ
1630 1492 1689 1525 icit
1706 1498 1739 1525 et
1758 1491 1795 1524 in
1812 1490 1987 1531 Arcadia,
2017 1487 2165 1527 Thebis,

1344 1550 1377 1577 et
1398 1543 1542 1577 Pellem
1567 1543 1654 1578 Ach
1650 1544 1743 1579 niem

1152 1595 1299 1629 alterius
1317 1608 1451 1629 nomen
1479 1596 1688 1641 inscriptum
1716 1601 1768 1628 est
1790 1593 1914 1639 lapidi.

1151 879 1230 901 cum
1256 865 1340 900 Iove
1366 867 1599 912 promittere,

1782 1550 1816 1576 et
1843 1542 1881 1575 in
1906 1541 2064 1586 Megaris
2090 1553 2164 1574 non

1969 1593 2001 1627 O
2016 1592 2167 1639 Iupiter,

1124 1650 1125 1686 j
1152 1645 1292 1680 honora
1320 1645 1415 1681 hunc
1440 1648 1632 1689 victorem,
1669 1648 1751 1693 (Ep.
1767 1645 1820 1691 5.)
1857 1647 1974 1691 daque
2002 1646 2034 1679 ei
2059 1657 2165 1679 vene-

1152 1700 1305 1732 randam
1322 1700 1475 1744 gratiam
1493 1703 1589 1745 apud
1608 1701 1702 1734 cives
1720 1705 1752 1732 et
1777 1699 1873 1744 apud
1894 1704 2033 1732 exteros
2045 1724 2053 1738 ,
2079 1697 2162 1743 quia

1737 1751 1795 1784 Tu
1823 1763 1903 1784 cum
1928 1751 2036 1790 scias,
2071 1761 2163 1794 quae

1153 1868 1275 1889 semen
1301 1856 1542 1891 Callianactis.
1613 1856 1731 1889 Habet
1759 1861 1793 1887 et
1814 1852 1967 1888 Rhodus
1991 1852 2163 1887 sacrificia

1153 1907 1397 1942 Eratidarum.
1463 1908 1533 1942 Sed
1565 1909 1683 1942 subito
1717 1906 1805 1939 alias
1839 1905 1899 1938 alii
1931 1906 2035 1939 ssatus
2072 1903 2161 1937 exci-

1154 1965 1288 1992 tantur.

1541 2070 1630 2109 Ode
1659 2070 1777 2112 Vlll.

1179 2145 1480 2178 Alcimedonli
1510 2145 1715 2189 παλαιστῇ,
1762 2145 2036 2178 Timostheni
2064 2155 2134 2176 ,Ἶα-

1332 2196 1483 2239 λαιστῇ,
1516 2195 1732 2228 1Uelesr'ue
1760 2193 1911 2240 ἀλείπτῃ
1926 2195 1982 2239 15).

1258 2277 1349 2320 (Str.
1372 2274 1421 2318 1.)
1451 2274 1484 2305 O
1508 2271 1676 2317 Olympia
1705 2281 1819 2306 mater
1843 2273 2098 2311 certaminum,
2128 2277 2162 2303 et

1153 2328 1299 2360 domina
1320 2325 1501 2364 veritatis,
1530 2324 1592 2356 tibi
1615 2331 1710 2359 vates
1731 2338 1772 2358 ex
1788 2326 1933 2358 flamina
1956 2324 2159 2356 dixinantes

1153 2381 1361 2424 explorant,
1407 2388 1451 2409 an
1477 2375 1612 2421 Iupiter
1636 2384 1735 2410 curet
1759 2374 1942 2415 homines,
1986 2385 2156 2418 magnum

1188 2509 1233 2536 15]
1255 2507 1301 2530 sic
1320 2507 1386 2530 haec
1402 2507 1459 2531 Ode
1480 2507 1613 2537 inscripta
1632 2510 1674 2531 est
1694 2508 1719 2531 ιἰι
1732 2507 1814 2531 Editt.
1830 2507 1914 2532 1338..
1936 2503 2008 2527 ¹563.
2028 2513 2061 2524 Σ
2078 2503 2155 2527 Pind.

1220 2542 1302 2566 Editt.
1318 2541 1445 2565 Francos.
1469 2542 1559 2568 154²..
1581 2543 1664 2566 Rasil.
1687 2543 1760 2566 1556.
1782 2545 1809 2564 et
1829 2541 1859 2563 fl.
1874 2539 1966 2569 steph.
1987 2538 2074 2567 1566..
2094 2538 2156 2568 qui-

1221 2579 1331 2601 buscum
1350 2577 1410 2600 fere
1432 2577 1560 2607 congruit
1581 2577 1683 2607 fleynii
1707 2575 1867 2604 inscriptio:
1900 2573 2156 2598 Alcimeannti

1218 2619 1310 2644 puero
1340 2612 1499 2636 luctatori.
1541 2614 1568 2636 et
1597 2613 1670 2636 Tim
1681 2613 1733 2636 ost
1747 2610 1831 2634 lieni
1863 2609 2023 2633 luctatori.
2060 2607 2156 2638 fratri

1219 2649 1298 2675 eius,
1317 2647 1349 2671 in
1367 2645 1498 2671 Nemeis.
1519 2648 1546 2671 et
1567 2647 1748 2671 Melesiae
1767 2645 1907 2674 uliltae.;
1933 2645 1961 2666 at
1982 2643 2009 2666 in
2024 2641 2155 2666 Boeckhii

1219 2685 1247 2705 et
1267 2681 1378 2712 Bergkii
1399 2681 1482 2706 Editt.
1510 2682 1550 2705 sic
1575 2683 1619 2705 est
1638 2681 1787 2709 inscripta:
1815 2661 1999 2710 Ἀλκιιέεδόντι
2018 2674 2120 2708 Αἰγινὴ
2124 2683 2152 2708 η

1218 2715 1297 2740 παιδὶ
1316 2715 1463 2749 παλαιστῇ,
1503 2717 1524 2740 -1
1535 2717 1568 2739 lc
1576 2717 1585 2740 i
1596 2715 1691 2740 medo
1702 2715 1755 2738 nti
1776 2701 1934 2745 Aeyinelne
1944 2719 2036 2743 puero
2056 2712 2154 2735 lucta-

1218 2753 1288 2777 tori.
