2341 2973
229 84 249 117 5
254 84 275 116 9

232 172 323 206 stitia
344 176 484 202 aeterna
509 171 557 199 est
583 163 754 196 vivificari
781 162 877 202 luce,
915 158 1088 205 sapientia
1116 164 1150 191 et
1174 157 1225 191 iu-

234 223 325 257 stitia
346 220 423 253 Dei.

237 274 348 307 officia
369 271 462 302 vitae
479 275 656 306 aeternae,
685 266 760 299 vult
776 266 812 298 in
831 265 880 298 eis
897 262 1053 297 exerceri
1068 261 1175 294 fidem
1194 267 1227 293 et

560 319 639 352 ideo
666 330 737 350 non
762 317 930 350 debemus
955 326 993 347 ea
1019 313 1227 346 conculcare

938 371 970 398 et
996 365 1054 397 alii
1084 363 1227 397 fanatici

236 322 516 358 invocationem:

237 383 269 409 et
293 377 466 411 lacerare,
506 371 593 404 sicut
620 369 894 412 Anabaptistae,

237 426 400 461 homines
422 422 567 456 faciunt.

337 475 494 509 lulianus
511 479 542 506 et
562 472 619 504 alii
639 471 739 503 multi
768 482 808 502 eo
833 468 1092 501 contenderunt
1110 466 1228 500 Eccle-

236 531 323 565 siam
345 540 416 560 non
437 524 643 557 antecellere
662 521 806 554 caeteris
824 519 1004 563 gentihus,
1034 519 1115 564 quia
1136 518 1228 551 vitae

238 585 423 626 praei-epta
458 577 510 608 vei
537 574 663 608 similia
694 573 746 604 vel
772 572 920 604 meliora
946 571 1110 614 legantur
1134 571 1228 614 apud

237 631 406 665 ethnicos.
477 626 569 662 Novi
602 625 779 670 quendam
805 622 998 655 Doctorem
1028 619 1229 665 theologiae

237 679 474 717 monachum,
518 677 576 722 qui
613 675 678 708 suit
714 675 947 707 concionator
983 672 1229 717 Studgardiae,

238 741 357 780 postea
387 730 567 773 amplexus
593 733 643 761 est
668 738 788 758 veram
811 725 1011 759 doctrinam
1032 723 1229 767 Evangelii,

239 794 271 819 et
298 786 384 816 bene
413 788 446 814 et
471 779 619 813 feliciter
643 778 763 811 docuit
787 777 823 810 in
852 776 986 809 ditione
1010 773 1230 808 Marcbionis

235 834 427 872 Badensis,
455 833 513 865 sed
536 836 674 863 tantum
703 836 787 862 tunc
809 834 890 861 ante
918 839 1031 860 annos
1046 826 1107 859 XL
1132 826 1230 870 igna-
1257 849 1258 852 η

239 905 295 926 ωδ
317 885 472 921 melioris
490 882 691 920 doctrinae,
718 880 868 918 dicebat,
896 875 1228 913 AristoteliSEthiffl
1257 882 1258 895 ἶ
1284 863 1420 895 monet,
1444 862 1480 888 ut
1500 868 1535 887 in
1552 856 1657 888 rebus
1673 855 1836 888 secundis
1853 865 1962 886 sunus
1978 854 2231 887 modestiores;

239 943 361 978 utilem
380 939 511 972 librum
531 946 604 968 esse
621 934 709 966 adeo
722 960 730 972 ,
747 938 805 972 ut,
825 930 962 964 etiamsi
980 929 1099 963 amissi
1118 935 1231 963 essent

238 994 318 1029 libri
337 986 586 1026 Ecclesiastici,
613 990 731 1030 posset
746 981 966 1027 Ecclesia1b)
985 981 1057 1025 regi
1076 993 1116 1014 ex
1133 980 1231 1013 libris

238 1044 460 1081 Ethicorum.
493 1038 575 1074 Non
593 1037 724 1071 sciebat
740 1034 930 1068 discrimen
946 1032 1049 1076 Legis
1067 1038 1100 1065 et
1116 1032 1231 1064 Evan-

238 1098 331 1143 gelii.
384 1093 477 1126 Haec
494 1090 603 1123 recito
625 1099 698 1120 non
721 1087 765 1119 ad
793 1084 1045 1118 contumeliam
1073 1082 1232 1121 alieuius⁷

238 1150 296 1184 sed
317 1152 355 1180 ut
374 1156 436 1177 vos
452 1142 691 1175 adolescentes
705 1138 821 1171 sciatis
834 1134 920 1170 haec
944 1134 1122 1178 exempla;
1151 1145 1232 1166 con·
1260 1161 1261 1177 ζ
1313 1163 1320 1169 ,
1490 1163 1497 1168 ,
1887 1163 1894 1168 ,

1260 1180 1261 1200 ς
1287 1170 1380 1196 wtae
1407 1163 1567 1207 partlbus
1591 1160 1717 1195 harum
1745 1168 1999 1195 sententiarum
2026 1173 2176 1204 magnus
2201 1172 2284 1193 usus

240 1197 454 1234 sideratione
480 1192 574 1226 enim
599 1190 842 1234 exemplorum
867 1186 980 1231 magis
1004 1184 1233 1219 consideretis

239 1247 446 1285 discrimina
463 1243 720 1278 doctrinarum.

342 1297 598 1339 Heidelbergae
616 1292 761 1338 quidam
777 1289 913 1323 Doctor
932 1286 1133 1332 theologiae
1151 1298 1234 1319 eon-
1261 1302 1262 1313 κ

241 1354 401 1387 cionatus
428 1354 478 1382 est
499 1347 629 1380 librum
654 1341 885 1380 Ethicorum,
930 1347 964 1373 et
991 1337 1146 1372 habebat
1167 1338 1234 1370 sre-
1261 1354 1263 1364 ι
1307 1369 1312 1373 ,
1502 1379 1508 1384 ¹
1539 1367 1545 1372 ,
1603 1379 1609 1385 '
1664 1366 1692 1384 ,ι
1901 1365 1908 1371 ,
1932 1365 1952 1371 ..
2176 1364 2182 1370 ,

242 1416 353 1451 quens
385 1398 626 1435 auditorium,
677 1392 977 1428 conveniebamus
1009 1402 1140 1434 magno
1170 1400 1236 1422 nu·
1261 1391 1262 1426 l
1289 1375 1423 1400 tionem
1440 1368 1483 1399 de
1501 1367 1619 1412 aliqua
1638 1372 1787 1405 vutute,
1816 1367 1858 1398 de
1877 1372 1989 1404 Vltus,
2016 1367 2060 1397 (le
2078 1377 2214 1408 poenis,
2243 1365 2285 1396 de

241 1467 358 1491 mero;
393 1451 420 1485 si
445 1453 593 1484 fortasse
616 1447 739 1480 suisset
763 1443 995 1478 concionatus
1010 1441 1163 1475 Paulum
1190 1440 1235 1472 ad
1262 1454 1263 1459 ¹

240 1508 446 1542 Romanos,
495 1510 724 1545 nequaquam
765 1494 1071 1532 convenissemus,
1120 1503 1235 1537 neque
1262 1494 1263 1523 ζ
1289 1482 1350 1504 nes
1368 1482 1404 1502 ¹¹¹
1422 1470 1585 1503 ‘heen‘lo'

1262 1535 1264 1553 ι
1290 1533 1357 1566 gna
1375 1522 1476 1565 copia
1494 1521 1618 1554 talium
1637 1520 1895 1554 sententiarum
1909 1545 1918 1557 ,
1947 1525 1980 1551 et
1998 1518 2214 1552 distribuant
2229 1530 2286 1551 eas

242 1559 298 1591 ille
316 1567 423 1591 unani
443 1552 619 1598 pagellam
637 1548 857 1591 intelligebat
874 1546 909 1578 in
925 1545 1052 1579 Paulo.

342 1604 563 1642 Noniinatim
582 1608 700 1635 autem
726 1602 880 1633 citantur
905 1609 922 1630 a
943 1595 1081 1630 Iuliano
1098 1592 1237 1638 Phocy—

241 1713 376 1745 eadem.
431 1707 591 1740 Fuerunt
607 1710 725 1737 autem
743 1699 925 1735 coaetanei
942 1699 1073 1732 Croeso
1086 1724 1094 1737 ,
1130 1696 1237 1741 Cyro,

241 1761 363 1797 soloni
382 1772 400 1793 a
418 1757 626 1793 reductione
642 1753 768 1800 populi
785 1765 826 1786 ex
844 1751 1030 1796 Babylone
1049 1755 1082 1782 et
1105 1748 1238 1782 instau-

241 1814 379 1848 ratione
396 1808 678 1853 Hierosolymae.

357 1861 580 1906 ‘respondent
596 1864 713 1892 autem
731 1855 844 1889 nostri
863 1852 1053 1896 scriptores
1071 1850 1154 1884 satis
1178 1849 1238 1882 sri-

243 1917 342 1961 gide,
383 1912 624 1957 antiquiorem
648 1920 721 1942 esse
743 1904 957 1943 Ecclesiam,
1003 1909 1037 1935 et
1064 1914 1081 1934 a
1108 1900 1239 1934 nostris

244 1966 432 2011 sumpsisse
448 1965 542 1996 bona
563 1965 751 2006 praecepta
768 1955 940 1991 ethnicos.
1000 1953 1068 1987 Sed
1093 1963 1239 1996 respon-

245 2019 399 2052 dendum
420 2021 514 2054 erat,
541 2013 672 2057 Legem
695 2009 829 2043 rationi
852 2012 976 2040 notam
1004 2017 1097 2043 esse,
1132 2003 1238 2035 aliam

245 2082 329 2103 vero
347 2079 419 2101 esse
437 2065 621 2110 propriam
638 2060 827 2104 Evangelii
847 2069 969 2091 vocem
984 2082 993 2096 ,
1021 2057 1063 2088 de
1084 2055 1170 2093 fide,
1198 2055 1240 2086 de

247 2120 419 2167 placanda
444 2117 495 2149 ira
514 2115 602 2154 Dei,
636 2115 678 2146 de
703 2111 857 2156 gratuita
883 2107 1092 2142 remissione
1119 2117 1241 2162 peeca-

248 2181 365 2205 torum
400 2175 445 2202 et‘
467 2168 508 2200 de
543 2166 614 2198 vita
646 2170 801 2196 aeterna.
868 2159 981 2194 Simul
1003 2159 1107 2191 (locet
1133 2162 1241 2189 etiam

248 2221 479 2266 Evangelium
492 2245 501 2257 ,
529 2216 607 2262 quis
625 2216 669 2249 sit
684 2226 766 2248 usus
780 2212 885 2256 Legis
903 2216 937 2244 et
958 2209 1051 2242 vitae
1075 2207 1242 2252 politicae

249 2283 282 2308 et
302 2270 562 2307 oeconomicae.

352 2323 441 2357 Cum
465 2319 552 2354 haec
581 2316 785 2351 discrimina
809 2312 1095 2358 conspiciuntur,
1130 2309 1242 2351 magis

252 2374 398 2419 intelligi
416 2377 553 2418 potest,
589 2368 682 2403 unde
709 2366 752 2399 sit
774 2364 860 2398 llaec
884 2362 1057 2408 sapientia
1085 2358 1243 2393 ethnico-
1268 2360 1271 2384 i

943 2414 1032 2448 Cum
1057 2418 1174 2446 autem
1200 2411 1244 2444 sit
1270 2443 1271 2449 ¹

252 2440 350 2467 rum,
378 2423 561 2471 quomodo
581 2432 619 2453 ea
638 2419 806 2451 utendum
830 2416 884 2449 sit.

255 2477 425 2522 particula
443 2474 566 2517 Legis,
593 2470 766 2504 reseratur
784 2468 826 2499 ad
844 2466 1062 2509 Decalogum
1075 2490 1084 2504 ,
1110 2469 1144 2496 et
1161 2474 1244 2495 con-

255 2530 409 2563 siderent
433 2526 609 2563 iuniores,
642 2532 733 2566 quae
758 2518 848 2551 dicta
873 2518 914 2549 ad
941 2528 1031 2561 quae
1056 2519 1244 2559 praecepta

255 2580 473 2615 reserantur,
501 2582 534 2609 et
553 2575 597 2607 ad
625 2584 711 2618 quas
735 2570 882 2603 virtutes
907 2573 1116 2610 congruant.

294 2693 342 2726 1¹»)
362 2695 453 2725 posset
472 2691 613 2719 Ecclesia]
634 2690 673 2713 sir:
692 2687 807 2718 scripsi3
833 2686 880 2710 Ed.
898 2684 969 2708 1560.
991 2688 1072 2713 posse
1085 2681 1246 2707 Ecclesiam.

818 73 941 109 PHIL.
975 71 1089 106 MEL.
1123 69 1325 105 SCRIPTA
1359 68 1698 105 PHILOLOGICA.

1176 2565 1244 2598 Die-

2228 70 2276 104 60

1279 156 1428 191 cessaria
1451 156 1545 189 enirn
1570 163 1620 190 est
1646 156 1817 190 virtutum
1844 155 2068 196 distributio,
2105 167 2195 202 quae
2220 167 2277 189 co-

476 217 573 249 Deus
591 214 741 248 coniecit
766 226 831 248 nos
859 213 894 245 in
918 213 982 246 ista
1008 210 1149 243 vincula
1172 209 1227 242 vel
1253 231 1255 252 i
1279 208 1398 242 minus
1424 220 1464 241 ex
1481 207 1659 251 Decalogo
1687 207 1823 241 institui
1849 213 1984 252 potest,
2019 214 2059 240 ut
2082 207 2118 240 in
2141 205 2276 240 Ethicis

1281 260 1422 304 copiose
1448 259 1531 292 dixi.
1601 258 1845 292 Nominantur
1873 265 1991 292 autem
2017 261 2185 305 γνῶμαι,
2222 259 2278 290 vel

1280 317 1467 356 praecepta
1487 312 1528 343 de
1548 309 1737 343 virtutibus
1751 338 1759 349 ,
1796 317 1829 342 et
1846 311 1888 342 de
1907 310 2010 342 rebus
2027 310 2130 343 bonis
2148 310 2278 353 eligen-

1281 363 1334 396 dis
1353 369 1385 395 et
1404 362 1506 395 malis
1524 361 1699 404 fugiendis
1712 388 1720 399 ,
1756 368 1810 393 nt:

1350 421 1454 446 Discite
1473 420 1605 444 iustitiam
1625 419 1735 451 moniti,
1764 421 1790 443 et
1809 425 1862 444 non
1882 425 2016 449 spernere
2036 418 2114 442 divos
2125 417 2158 449 2).

1281 466 1454 499 Diabolus
1471 464 1509 496 in
1528 464 1667 496 obsessa
1687 462 1834 495 muliere
1858 463 1945 495 dixit
1971 460 2066 495 hunc
2090 473 2163 494 esse
2189 462 2279 505 opti-

1282 529 1379 550 mum
1399 528 1539 549 versum
1558 515 1593 547 in
1613 513 1784 557 Virgilio,
1813 520 1846 546 et
1864 520 1913 547 est
1934 525 2069 546 verum.
2123 511 2228 545 Item:

1558 573 1613 596 Pax
1634 571 1736 602 optima
1755 577 1864 598 rerum,

1353 620 1428 648 Quas
1448 616 1549 641 homini
1568 616 1683 639 novisse
1701 615 1792 639 datum
1813 616 1871 645 est,
1897 620 1949 644 pax
1968 620 2022 638 una
2041 613 2184 643 triumphis

1351 659 1506 685 Innumeris
1526 659 1615 690 potior
1631 658 1663 689 ³).
2153 651 2155 653 ’

1282 704 1348 737 Vel
1374 710 1456 737 sunt
1480 703 1571 735 dieta
1599 703 1641 733 de
1667 701 1822 739 eventis,
1866 711 1957 745 quae
1981 712 2059 733 cum
2084 705 2177 732 recte
2205 711 2281 731 mo-

1283 762 1370 788 nent
1384 755 1547 787 vitandas
1565 766 1636 787 esse
1657 764 1789 797 poenas
1806 758 1899 784 recte
1915 752 2098 790 faciendo,
2125 757 2181 783 ut:

1352 814 1476 838 Fortuna
1495 819 1573 843 quem
1596 812 1705 836 nimium
1727 812 1819 838 fovet,
1846 811 1959 834 stultum
1978 807 2089 838 facist).

1353 916 1388 939 Et
1408 915 1505 938 Venus
1524 914 1552 938 in
1572 913 1662 944 vinis,
1688 913 1762 943 iguis
1781 913 1808 936 in
1828 912 1891 943 igne
1909 910 2019 942 furit5).

1285 965 1427 998 monet,
1453 970 1498 990 ne
1515 957 1792 1001 intemperantia
1811 957 2048 989 incendantur
2064 955 2240 988 libidines.

1390 1010 1437 1042 Ut
1451 1016 1569 1042 autem
1586 1009 1781 1042 necessaria
1801 1015 1849 1041 est
1876 1007 2061 1051 disciplina
2087 1013 2121 1039 et
2142 1007 2281 1039 frenum

1285 1061 1410 1105 Legis,
1435 1067 1469 1093 et
1487 1061 1582 1094 Deus
1608 1060 1876 1093 oeconomicam
1905 1066 1938 1092 et
1962 1058 2144 1103 politicam
2169 1058 2279 1090 vitam

1287 1112 1488 1151 ordinavit,
1530 1112 1707 1156 approbat
1732 1118 1766 1144 et
1788 1116 1990 1144 conservat:
2036 1110 2084 1142 ita
2112 1115 2146 1141 et
2169 1108 2205 1141 in
2230 1106 2284 1140 his

1288 1221 1350 1249 est.
1405 1215 1495 1247 Sunt
1510 1215 1604 1247 enim
1624 1225 1831 1246 communes
1855 1213 1998 1257 regulae
2022 1218 2056 1244 et
2081 1222 2284 1244 commone-

1286 1266 1458 1299 sactiones
1480 1266 1522 1297 de
1548 1265 1708 1297 moribus
1734 1271 1767 1296 et
1793 1265 1835 1296 de
1859 1263 1979 1296 multis
2008 1263 2208 1300 eventibus3
2253 1268 2285 1294 et

1289 1317 1370 1362 quia
1399 1328 1516 1349 sermo
1543 1317 1753 1360 plerumque
1778 1316 1930 1347 refertur
1953 1316 1997 1346 ad
2025 1325 2286 1346 commemora-

1289 1420 1433 1452 l'ortuna
1457 1424 1540 1457 etc.‚
1567 1423 1754 1451 sumantur
1779 1429 1819 1449 ex
1842 1414 1894 1449 bis
1919 1415 2021 1449 dictis
2045 1416 2286 1448 confirmatio-

1638 1469 1717 1502 Sint
1738 1469 1845 1512 igitur
1863 1467 2012 1500 studiosi
2029 1467 2192 1500 instructi
2212 1479 2287 1499 ma-

1290 1575 1327 1606 in
1344 1573 1466 1606 titulos
1486 1573 1656 1605 virtutum
1676 1577 1709 1604 et
1727 1571 1909 1603 vitiorum.
1946 1570 2173 1614 Experientia
2191 1570 2287 1602 enim

241 1660 320 1694 fidis
339 1665 371 1691 et
390 1653 612 1690 Theoonidis
629 1650 825 1687 sententiae
884 1660 1037 1693 quorum
1057 1652 1154 1680 aetas
1171 1645 1238 1678 suit
1263 1635 1264 1675 ᾗ
1289 1626 1500 1668 respondet,
1530 1621 1592 1656 has
1611 1621 1972 1655 commonefactiones
1990 1622 2158 1665 prodesse
2174 1622 2218 1653 ad
2235 1633 2287 1654 re-

496 1681 514 1699 o
838 1676 846 1689 Ὶ

1263 1677 1423 1720 *gendos
1460 1686 1576 1707 mores
1612 1675 1648 1706 in
1686 1673 1824 1706 naturis
1860 1684 1933 1704 non
1969 1672 2200 1711 monstrosis,

2250 1678 2290 1705 ut

1290 1727 1448 1770 Agrippa
1468 1726 1575 1765 dixit,
1603 1737 1639 1758 se
1657 1725 1805 1757 multum
1826 1725 1954 1756 debere
1969 1721 2051 1756 huie
2075 1723 2287 1757 sententiae:

1264 1802 1265 1809 1
1292 1778 1491 1811 Concordia
1525 1789 1655 1820 parvae
1686 1789 1742 1809 res
1772 1781 1951 1814 crescunt,
1993 1775 2171 1808 discordia
2205 1786 2288 1807 vero

1292 1830 1468 1862 maximae
1495 1828 1755 1873 dilabunturfi).
1825 1826 1869 1859 Et
1891 1838 1998 1859 sanae
2024 1832 2173 1858 naturae
2198 1826 2290 1858 mul-

1293 1887 1367 1914 tum
1385 1881 1606 1913 delectantur
1623 1879 1751 1912 talibus
1775 1877 1887 1910 dictis.
1948 1876 2031 1910 Fuit
2056 1877 2140 1909 olim
2167 1876 2290 1910 titulus

1292 1932 1374 1965 libri
1388 1930 1569 1978 Σώφρων
1581 1931 1624 1976 ⁷),
1653 1930 1711 1975 qui
1732 1928 1924 1962 sententias
1942 1927 2160 1961 continebat.
2186 1928 2290 1962 Hunc

1266 1989 1267 1992 ’
1294 1984 1341 2016 ita
1360 1985 1485 2016 crebro
1508 1983 1545 2014 in
1570 1982 1733 2014 manibus
1757 1978 1881 2012 habuit
1904 1979 2028 2018 Plato,
2063 1986 2103 2012 nt
2128 1980 2192 2013 sub
2218 1979 2290 2012 cnl-

1294 2035 1380 2067 citra
1400 2034 1435 2065 in
1452 2034 1543 2065 lecto
1565 2044 1644 2064 eum
1663 2031 1873 2070 collocaret,
1909 2030 1991 2075 quia
2016 2037 2097 2063 ante
2123 2042 2288 2064 somnum

1329 2152 1359 2183 2)
1380 2152 1459 2182 Vir-g.
1480 2152 1546 2175 Aen.
1564 2151 1614 2177 Vt,
1633 2150 1691 2174 620.

1329 2197 1360 2224 3)
1381 2195 1442 2219 Silii
1462 2194 1547 2217 Italici
1570 2194 1695 2218 Punicor.
1712 2194 1760 2219 ΧΙ,
1780 2193 1942 2218 595-597.
1962 2193 2012 2218 Ed.
2035 2193 2152 2218 Scllmid.

1329 2238 1359 2270 4)
1380 2238 1454 2261 Pubt.
1470 2237 1537 2267 Syri
1551 2238 1668 2260 sentent.
1682 2236 1740 2260 2:32.
1755 2237 1802 2260 Ed.
1815 2236 1906 2259 Miner
1925 2235 2059 2265 (Phaedri
2075 2236 2186 2261 fabulae
2200 2237 2292 2261 Aeso-

1365 2273 1442 2303 piae‚
1461 2271 1547 2296 Publii
1567 2271 1635 2301 syri
1653 2272 1824 2300 sententiae,
1844 2270 1970 2301 Dionysii
1989 2271 2103 2295 Catonis
2123 2271 2240 2295 disticha
2260 2271 2292 2295 de

1365 2307 1502 2335 moribus,
1528 2308 1642 2329 curante
1661 2306 1696 2330 10.
1718 2306 1799 2329 Petro
1819 2305 1937 2329 Mittere.
1964 2304 2052 2330 uei-ol.
2078 2304 2150 2329 1⁷53.
2177 2306 2227 2336 8.),

1330 2349 1361 2378 5)
1382 2350 1462 2375 Ovid.
1475 2349 1552 2373 Artis
1565 2350 1680 2372 amator.
1697 2349 1718 2375 1,
1731 2347 1807 2374 224..
1826 2348 1870 2371 uhi
1889 2349 1980 2371 antem
1998 2348 2059 2371 loco
2079 2346 2156 2378 furit
2170 2348 2196 2371 iu
2208 2347 2290 2372 Editt.

1365 2385 1511 2408 Burmann.
1531 2386 1558 2406 et
1579 2383 1683 2413 Bipont.
1705 2383 1807 2413 legitur
1830 2383 1898 2413 suit.

1331 2428 1362 2456 6)
1387 2427 1500 2450 sallust.
1522 2427 1654 2455 Iugurtha
1677 2427 1715 2449 10.

1331 2471 1362 2499 7)
1382 2471 1507 2499 sophron
1522 2471 1734 2499 Syracusanus,
1755 2467 1893 2497 Euripidis
1909 2467 2032 2497 aequalis
2043 2483 2050 2494 ,
2069 2466 2178 2496 scripsit
2193 2467 2292 2491 Dorica

1366 2505 1484 2528 dialecto
1505 2504 1602 2527 mimos
1623 2503 1649 2526 in
1668 2503 1744 2526 viros
1758 2504 1785 2525 et
1798 2501 1931 2530 seminas,
1951 2507 2064 2531 qnorum
2081 2501 2197 2525 tectione
2212 2501 2291 2525 Plato

1366 2538 1541 2569 philosophus
1560 2538 1628 2561 adeo
1649 2538 1802 2561 delectatus
1823 2536 1888 2565 suit,
1914 2537 1959 2563 ut,
1985 2536 2102 2559 testibus
2122 2536 2222 2565 suida,
2247 2536 2292 2559 in-

1367 2573 1464 2603 primis
1484 2572 1606 2602 Diogene
1625 2571 1736 2596 haertio
1758 2571 1802 2599 ΙΙΙ,
1826 2571 1863 2593 ts.
1888 2570 2022 2593 interdum
2042 2570 2125 2594 etiam
2144 2569 2178 2593 iis
2197 2570 2291 2594 indor-

1366 2608 1456 2632 miret.
1494 2607 1565 2630 Vide
1586 2605 1702 2630 Fabricii
1723 2605 1848 2628 Biblioth.
1868 2605 1991 2628 Graecae
2011 2604 2060 2629 Ed.
2075 2604 2121 2628 lv.
2140 2610 2196 2629 cur.
2216 2605 2290 2628 Har-

1367 2643 1417 2665 tes.
1438 2642 1500 2666 Vol.
1518 2641 1549 2664 11.
1571 2648 1594 2670 p.
1612 2641 1718 2669 49:1sq.
1745 2640 1771 2662 et
1798 2639 1884 2669 Pauly
1906 2639 2118 2669 fleat-Encyci.
2138 2639 2186 2662 des
2208 2639 2289 2668 class

1367 2677 1484 2700 Alton-tn.
1506 2676 1579 2699 Toni.
1595 2675 1627 2698 V.
1649 2682 1673 2704 p.
1685 2674 1717 2697 34
1733 2680 1773 2703 sq.
