2341 2973
191 102 266 140 519

190 190 402 225 lubilitatem
419 191 580 235 linguae,
608 192 756 237 quaein
782 199 926 226 oratore
951 194 1183 226 commenda-

190 250 261 277 tur.
314 243 422 286 Virga
441 243 527 276 item
547 243 723 287 significat
739 244 810 277 vim
830 244 1076 289 eloquentiae,
1112 256 1182 290 qua

189 294 396 327 alliciuntur
416 301 449 327 et
474 294 710 338 impelluntur
736 293 924 329 hominum
951 301 1106 333 mentes;
1132 301 1183 329 te-

189 358 320 389 gumen
353 346 477 390 capitis
509 347 775 380 simulationem
789 373 799 387 ,
847 359 955 392 quam
990 347 1108 380 fronte
1142 359 1184 380 ac

187 397 290 431 vultu
307 397 483 431 sustinent
498 396 663 431 homines
684 397 818 431 versuti
839 399 885 431 ad
908 399 1078 442 tegendas
1102 410 1183 431 ora-

187 448 296 482 tionis
311 449 480 483 fallacias.
515 449 670 494 Oportet
687 450 782 482 enim
799 449 960 482 fallacem
979 450 1015 482 iu
1030 450 1182 483 dicendo

186 506 319 534 tectum
338 507 372 533 et
391 507 534 534 cautum
556 513 640 535 csse.
694 500 731 534 Si
753 513 840 534 vero
861 501 981 535 fabula
1008 502 1183 535 referatur

186 552 231 585 ad
246 549 532 597 physiologiam,
560 551 691 597 exponi
707 552 841 596 poterit
864 552 901 585 in
926 550 1019 586 hanc
1043 559 1183 587 senten-

186 602 274 636 tiam
290 630 300 644 ,
325 610 364 637 ut
386 616 450 647 per
468 603 604 648 Argum
632 603 875 648 intelligamus
900 605 1040 638 coelum
1069 605 1185 638 stella-

186 660 284 694 tum,
321 654 376 688 cui
394 655 507 689 inesse
524 656 701 700 quaedam
722 655 856 700 species
875 656 1081 690 coelestium
1102 649 1185 689 031—

186 705 304 739 lorum
325 706 485 744 videtum
522 719 586 751 per
605 707 846 747 Mercurium,
880 708 1011 746 solem3
1048 720 1132 741 nam
1151 713 1185 740 et

186 756 406 797 Mercurius,
435 770 514 790 cum
532 759 577 792 sit
593 759 667 791 fere
685 759 750 792 sub
768 758 879 792 radiis
903 760 1098 799 solaribus,
1130 758 1184 791 in-

185 808 327 842 terdum
351 821 417 853 pro
444 809 522 853 ipso
548 811 621 844 sole
644 810 829 855 accipitur.
887 810 1036 844 Oriente
1064 816 1183 843 autem

185 860 258 894 sole
279 867 494 894 evanescunt
510 867 544 894 et
567 862 668 907 quasi
686 862 944 906 extinguuntur
961 862 1094 901 stellae,
1119 873 1185 905 per

186 923 276 956 quas
293 912 545 956 intelliguntur
560 913 646 957 Argi
665 914 814 948 lumina.
876 913 916 947 In
934 912 1026 946 hanc
1043 919 1184 946 senten-

187 962 273 995 tiam
291 964 437 1008 exponit
456 964 614 997 fabulam
631 964 799 999 Iovianus
814 966 1001 999 Pontanus
1025 963 1080 999 his
1105 976 1184 997 ver-

186 1014 300 1048 sibus:

736 1142 791 1176 In
828 1143 1036 1177 librum
1065 1141 1106 1176 ll.
1142 1142 1181 1175 M

480 1237 543 1270 De
577 1235 887 1272 Phaethonte.

288 1321 500 1363 Phaethon,
528 1322 798 1364 testeLuciano,
824 1322 1073 1367 fingiturSolis
1091 1323 1185 1357 filius

185 1373 355 1408 decidisse
373 1387 390 1408 e
420 1388 527 1409 curru
554 1381 726 1419 paterno,
762 1387 803 1408 eo
831 1376 928 1421 quod
956 1374 1185 1418 investigavit

185 1438 327 1460 cursum
355 1427 466 1467 Solis,
509 1433 796 1471 praeventusque
821 1433 938 1459 morte
964 1433 1076 1459 artem
1102 1426 1184 1459 reli-

185 1477 263 1523 quit
285 1478 545 1522 imperfectam.
606 1478 692 1512 Eius
719 1491 805 1511 vcro
828 1485 990 1523 tempore
1017 1479 1059 1511 de
1083 1478 1184 1511 coelo

185 1529 350 1573 delapsae
383 1537 466 1563 sunt
496 1530 683 1570 flammae,
729 1531 858 1575 quibus
892 1530 949 1575 (ut
974 1530 1184 1563 Aristoteles

184 1581 350 1614 meminit
368 1582 405 1613 in
423 1582 516 1614 libro
540 1583 583 1614 de
605 1582 759 1628 mundo)
785 1583 918 1615 multae
947 1582 1111 1625 regiones
1139 1581 1185 1613 ad

184 1631 416 1665 Occidentem
437 1639 579 1666 exustae
595 1639 689 1666 sunt.
750 1633 853 1666 Hanc
877 1634 922 1666 ob
948 1645 1089 1666 causam
1119 1633 1185 1664 fin-

184 1683 281 1727 gitur
312 1684 408 1717 orbis
446 1690 624 1717 terrarum
653 1697 694 1717 eo
719 1696 863 1718 currum
891 1690 1018 1727 agente
1043 1684 1183 1716 inflam-

183 1741 314 1768 matus.

285 1803 422 1836 Fabula
441 1804 485 1835 ad
511 1815 629 1837 mores
655 1803 766 1836 relata
794 1803 963 1848 exprimit
988 1802 1182 1847 imaginem

182 1854 365 1888 ambitiosi
386 1861 419 1887 et
435 1855 617 1887 temerarii
635 1855 827 1899 principis,
855 1856 916 1901 qui
935 1855 1049 1899 gloria
1072 1861 1105 1888 et
1125 1868 1183 1888 cu-

182 1906 333 1950 piditate
350 1907 450 1950 regni
468 1907 651 1947 incensus,
681 1908 814 1950 cogitat
831 1907 1018 1947 sublimia,
1049 1913 1083 1940 ct
1099 1919 1183 1940 con-

183 1958 270 2002 cipit
292 1956 437 1990 aethera
461 1965 593 1993 mente.
655 1957 695 1991 ln
718 1959 949 1993 describenda
974 1956 1040 1992 hac
1062 1959 1181 1992 fabula

183 2008 336 2042 Ovidius
354 2010 443 2042 inire
462 2017 581 2043 servat
597 2012 780 2045 decorum.
823 2011 957 2045 Narrat
974 2008 1183 2043 Phaethon-

182 2068 255 2094 tem
289 2073 362 2094 esse
396 2060 513 2095 adhuc
544 2076 716 2106 puerum,
760 2063 815 2096 cui
848 2069 997 2108 propter
1028 2069 1181 2095 aetatem

182 2111 275 2145 nihil
292 2112 411 2146 minus
430 2115 638 2155 conveniat,
668 2128 777 2160 quam
803 2127 924 2148 rerum
952 2114 1182 2147 administra—

182 2165 254 2203 tio;
296 2170 407 2209 utque
433 2167 595 2199 ostendat
620 2179 771 2210 pucros,
815 2164 884 2200 hoc
911 2172 980 2206 est,
1016 2163 1182 2199 homines

182 2216 413 2256 ambitiosos,
442 2217 502 2261 qui
531 2218 666 2250 nullam
692 2231 811 2252 rerum
838 2217 1094 2262 experientiam
1120 2215 1182 2249 ha-

181 2269 286 2309 bent,
314 2268 434 2312 potius
453 2269 678 2311 repellendos
698 2283 716 2302 a
740 2269 990 2314 gubernaculis
1011 2269 1182 2313 reipubli-

183 2332 264 2359 cae,
307 2332 416 2365 quam
448 2319 689 2354 admittendos
719 2334 811 2363 esse,
854 2321 956 2364 fingit
979 2320 1097 2353 Solem
1127 2318 1182 2354 his

185 2371 302 2404 verbis
322 2369 506 2403 dehortari
527 2369 790 2412 Phaethontem
813 2373 908 2418 (Vss.
926 2371 975 2406 54
991 2372 1078 2417 sq.):

235 2434 370 2475 Mayme
382 2435 486 2474 petis,
505 2433 699 2473 Phaethon,
728 2439 758 2466 e!
774 2446 858 2479 (piae
875 2446 940 2466 non
960 2434 1089 2466 viribus
1105 2434 1182 2466 istis

236 2485 387 2517 Munera
403 2486 621 2525 conveniunt,
648 2496 707 2517 nee
722 2489 789 2517 lam
808 2486 997 2527 puerilibus
1014 2486 1128 2517 annis.

182 2542 233 2576 Ac
259 2544 430 2588 quoniam
465 2551 600 2578 constal
631 2544 979 2576 administrationem
1007 2556 1080 2577 esse
1104 2555 1179 2576 rem

184 2595 365 2633 divinam,
401 2608 465 2627 nec
492 2596 634 2629 evenire
661 2596 828 2629 omnihus
850 2596 1017 2635 feliciter,
1060 2595 1179 2628 subdit

186 2646 264 2689 (vs.
283 2644 344 2680 56.
349 2650 379 2692 ):

235 2708 320 2741 Sors
337 2712 395 2742 lua
413 2710 586 2749 mortalis,
617 2721 680 2742 non
699 2713 747 2742 est
765 2708 923 2744 mortale.
953 2710 1037 2748 qam!
1051 2713 1156 2749 optas.
1202 2685 1207 2733 l

770 104 895 141 PHIL.
927 104 1040 141 MEL.
1077 104 1282 140 SCRIPTA
1316 105 1658 142 PHILOLOGICA.

2162 102 2238 141 520

1343 191 1414 222 Quin
1434 192 1463 216 et
1478 191 1644 216 Mercurium
1663 192 1768 216 mutato
1787 190 1896 215 nomIne
1916 190 2009 215 dicunt

1340 236 1446 266 Argum
1463 235 1614 260 somnifero
1631 235 1734 259 victum
1743 233 1778 266 ³⁹)
1798 234 1938 258 stravisse
1957 234 2078 259 caduceo

1341 279 1499 303 Insomnem
1520 280 1682 310 centumque
1703 280 1799 303 oculos
1819 284 1852 303 ae
1871 278 1977 302 lumina
1995 279 2103 302 centum

1341 320 1526 352 Pandentem,
1554 322 1581 344 et
1600 321 1699 345 niveae
1718 322 1878 345 servantem
1897 326 2000 351 pascua
2017 325 2129 345 vaccae.

1339 364 1434 394 Argus
1453 363 1527 387 enim
1544 364 1652 388 coelum
1670 365 1729 395 est,
1754 364 1902 395 vigilantia
1920 363 2024 388 lumina
2039 364 2164 388 flammae

1341 406 1492 430 Aetheriae
1511 408 1538 430 et
1557 407 1636 431 vario
1659 407 1781 431 labentia
1801 407 1894 431 sidera
1911 407 2028 438 mundo,

1341 450 1417 478 Quae
1437 449 1540 479 passim
1559 450 1644 473 multa
1664 450 1814 474 sublustris
1835 450 1925 474 noctis
1946 449 1974 473 in
1992 450 2091 474 umbra

1341 493 1503 523 collucent,
1529 493 1578 517 sed
1596 498 1659 517 mox
1677 492 1786 517 Phoebo
1806 493 1948 518 exoriente
1966 494 2109 524 perempta

1343 537 1465 566 Torpent
1484 536 1545 560 luce
1564 541 1652 565 nova,
1679 537 1706 559 et
1725 536 1852 559 candenti
1871 536 1997 566 lampade
2017 535 2090 560 victa

1344 579 1539 612 Enioriuntur,
1565 580 1592 603 et
1610 579 1728 603 obscuro
1747 578 1901 603 conduntur
1921 579 2050 611 Olympo.

1467 649 1637 695 Syrinx
1664 649 1708 681 in
1736 648 2015 696 fistulam‘ffl).

1341 718 1478 751 Fabula
1497 719 1539 751 de
1557 717 1707 763 Syringe
1723 724 1757 751 et
1770 717 1870 751 Pane
1887 718 1933 750 ad
1952 715 2141 750 historiam
2158 729 2239 762 per-

1239 769 1349 810 fluet,
1379 776 1501 815 estque
1523 771 1672 803 conficta
1693 782 1733 803 ex
1750 769 1924 803 allusione
1941 768 2112 803 nominis.
2161 769 2239 802 Pan

1239 821 1334 853 enim
1352 821 1506 855 fistulam
1525 821 1664 865 primus
1679 821 1836 862 invenit,
1866 827 1900 854 et
1916 816 2051 868 σύριγξ
2065 820 2241 867 significat

1238 872 1408 906 fistulam.

1272 985 1319 1017 39)
1338 985 1454 1015 victum]
1474 984 1515 1008 sic
1534 984 1620 1008 Editt.
1637 984 1731 1015 1555.;
1759 983 1809 1008 Ed.
1827 983 1902 1007 1559.
1921 982 2023 1007 fictum.

1272 1029 1319 1059 40)
1339 1028 1418 1053 Ovid.
1438 1029 1503 1052 Met.
1524 1028 1546 1059 1,
1566 1027 1618 1051 689
1632 1034 1692 1058 sqq.

1210 1138 1697 1185 ’tamorphoseom

1237 1236 1292 1269 Ad
1305 1233 1392 1268 haec
1410 1247 1518 1281 quam
1536 1233 1688 1266 difficilis
1704 1239 1738 1266 et
1753 1232 1952 1276 periculosa
1964 1231 2010 1264 sit
2020 1229 2238 1274 reipublicae

1238 1287 1471 1333 gubernatio,
1497 1285 1674 1329 significat
1686 1311 1695 1325 ,
1724 1296 1804 1317 cum
1822 1284 1873 1316 ait
1891 1281 2212 1329 (Vss.63—67.):

1289 1349 1411 1381 Ardua
1429 1348 1544 1390 prima
1562 1347 1616 1378 via
1633 1349 1701 1385 est,
1729 1349 1761 1378 et
1776 1356 1840 1389 qua
1858 1345 1920 1377 vix·
1938 1354 2036 1376 mane
2053 1347 2202 1376 recentes

1290 1397 1533 1445 Euhenum-³¹¹)
1550 1399 1643 1442 equi.-
1673 1397 1779 1429 medio
1795 1400 1843 1428 est
1858 1396 2028 1427 altissima
2044 1393 2148 1433 coelo,

1291 1452 1385 1484 Unde
1401 1462 1495 1482 mare
1511 1454 1541 1482 ei
1558 1454 1671 1481 terras
1693 1448 1758 1489 ipsi
1774 1447 1858 1479 milei
1874 1456 1971 1487 saepe
1987 1446 2099 1477 videre

1288 1504 1344 1536 Sit
1361 1503 1463 1534 timor
1474 1526 1483 1540 ,
1512 1505 1542 1532 e!
1557 1500 1680 1542 Juwida
1697 1498 1846 1540 trepidat
1859 1496 2047 1539 formidine
2059 1495 2186 1538 peetus.

1294 1554 1363 1586 Ula·
1368 1565 1419 1585 ma
1434 1564 1542 1595 prona
1561 1553 1613 1583 ria
1629 1554 1677 1582 es!
1691 1555 1722 1582 ei
1738 1553 1807 1591 eyes
1824 1549 2053 1581 moderamine
2070 1552 2173 1581 certo.

1237 1612 1381 1646 Etenim
1420 1611 1626 1657 quicunque
1659 1609 1838 1642 accedunt
1873 1608 1920 1640 ad
1962 1606 2238 1651 rempublicam,

1238 1665 1342 1697 initio
1360 1664 1398 1696 in
1414 1675 1564 1707 magnas
1591 1661 1816 1694 difficultates
1841 1659 2044 1692 incurrunt.
2096 1656 2238 1692 Deinde

1238 1729 1310 1762 quo
1327 1715 1575 1750 sublimiorem
1596 1714 1747 1757 gradum
1767 1711 1953 1750 obtinent,
1986 1721 2132 1755 quoque
2159 1709 2238 1743 diu-

1237 1769 1306 1801 tius
1323 1768 1544 1811 gubernant,
1574 1778 1615 1798 eo
1633 1764 1772 1797 maiora
1789 1763 1966 1797 sustinent
1980 1761 2160 1807 pericula;
2185 1767 2238 1795 at-

1238 1832 1306 1865 que
1332 1819 1566 1863 experiuntur
1590 1815 1683 1849 nihil
1710 1815 1874 1849 omnium
1906 1826 2028 1847 rerum
2059 1810 2238 1846 humana-

1237 1884 1317 1905 rum
1347 1883 1420 1905 esse
1446 1869 1646 1909 difficilius,
1690 1879 1799 1913 quam
1823 1877 1947 1910 gerere
1972 1864 2236 1908 magistratum.

1238 1924 1424 1968 Quantum
1457 1934 1544 1955 vero
1576 1920 1755 1959 invidiae,
1799 1924 1934 1957 metus,
1970 1915 2171 1950 calumniae
2195 1926 2237 1949 ac

1237 1974 1454 2009 discriminis
1471 1973 1732 2018 expectandum
1758 1970 1804 2004 sit
1827 1968 1994 2002 omnihus
2016 1966 2235 2012 reipublicae

1237 2025 1557 2071 gubernatoribus,
1585 2023 1692 2057 etiam
1713 2020 1859 2066 optimis
1878 2027 1912 2054 et
1934 2018 2235 2065 prudentissimis,

1237 2080 1430 2119 admonet,
1458 2090 1538 2111 cum
1557 2076 1606 2109 ait
1626 2073 1703 2119 (Vs.
1721 2071 1933 2118 76—83.):

1288 2141 1449 2173 Forsitan
1463 2143 1493 2171 et
1510 2138 1599 2169 lucos
1617 2136 1689 2168 illic
1708 2135 1869 2179 urbesque
1883 2134 2034 2166 Deorum

1290 2192 1462 2232 concipies
1472 2181 1516 2231 v“'·')
1536 2189 1668 2225 (mimo,
1696 2187 1901 2231 delubraque
1917 2186 2005 2218 ditia
2022 2184 2122 2216 donis
2213 2220 2220 2225 ·

1288 2246 1389 2276 Esse.-
1414 2252 1475 2283 μοι·
1492 2237 1638 2273 insidias
1655 2240 1720 2271 uer
1736 2243 1803 2277 est,
1829 2237 2023 2282 formasque
2037 2233 2206 2277 ferarum.

1290 2298 1394 2338 thue
1410 2293 1498 2324 viam
1514 2295 1646 2329 lenem,
1677 2290 1830 2334 melleque
1845 2299 1960 2321 errore
1976 2287 2130 2320 traharis
2139 2310 2151 2325 ,

1286 2348 1356 2378 Per
1370 2350 1482 2377 lamen
1502 2343 1635 2374 adversi
1648 2342 1824 2384 yrmliere's
1840 2351 1967 2373 cornua
1987 2338 2097 2372 Tauri

1285 2396 1553 2439 Haemoniosque
1569 2405 1688 2432 arcus,
1713 2393 1913 2436 violentique
1931 2401 1992 2423 ora
2008 2389 2135 2422 Leonis

1286 2450 1460 2491 Suet-aque
1476 2447 1621 2478 circuilu
1637 2449 1831 2477 eeu-ramem
1848 2442 1988 2475 brachia
2005 2441 2100 2482 lonyo

1285 2500 1461 2540 Scorpion,
1479 2502 1576 2542 alque
1586 2497 1688 2529 aliter
1697 2499 1886 2528 cea-mmmm
1904 2492 2043 2525 brachia
2052 2492 2231 2524 Cancrum.

1267 2610 1314 2637 41]
1336 2608 1501 2633 Enitunlur
1519 2619 1553 2623 —
1574 2605 1631 2638 Sit]
1658 2604 1698 2629 sic
1723 2604 1807 2628 Editt.
1833 2603 1923 2632 1555„
1952 2601 2043 2631 {5594
2081 2598 2159 2624 ovid.
2181 2598 2230 2623 Ed.

1303 2643 1410 2667 Mitscli.
1432 2643 1598 2667 Enitanlar
1615 2655 1650 2659 —
1670 2641 1728 2665 Fit.

1266 2686 1314 2718 42)
1337 2687 1462 2711 Deorum
1483 2683 1649 2717 Concipies]
1670 2684 1709 2707 sic
1728 2683 1812 2707 Editt.
1833 2682 1925 2711 1555,
1952 2682 2043 2712 1559.;
2074 2678 2154 2706 ovid.
2178 2677 2230 2704 Ed.

1302 2721 1409 2745 Mitsch.
1429 2722 1599 2752 fluimusque,
1625 2718 1787 2745 concipias.
