2341 2973
183 106 258 144 259

184 190 419 236 Amphitryo,
468 197 501 223 et
528 191 699 234 angulum
722 191 887 237 Minyae,
931 199 965 224 et
992 191 1185 225 Eleusinen

186 255 310 276 nemus
330 240 488 281 Cereris,
517 248 551 275 et
571 241 756 275 Euboeam
784 250 931 287 propter
955 242 1123 276 victorias
1146 242 1185 274 in

187 306 311 333 cursu,
363 295 462 334 (Ant.
487 290 538 334 4.)
573 300 607 326 et
642 299 740 326 tuum
771 294 889 327 lucum
920 293 1116 327 Protesilae
1147 293 1185 325 in

186 343 370 378 Thessalia
397 355 609 378 annumero.
681 343 749 377 Sed
776 343 901 389 hymni
926 344 1082 378 brevitas
1110 355 1185 377 non

190 395 353 428 concedit
370 407 494 428 omnes
512 395 680 428 victorias
696 395 872 428 Herodoti
890 395 1052 429 recitare.
1081 395 1184 428 Certe

187 458 290 491 saepe
310 453 425 479 tacere
442 447 521 491 plus
539 447 642 479 affert
658 447 804 490 gratiae.
859 446 938 490 (Ep.
955 446 1005 489 4.)
1034 446 1183 479 Utinam

187 498 251 532 alis
268 497 454 531 Pieridum
473 498 597 537 elatus,
626 503 660 529 et
680 510 721 530 ex
738 496 876 541 Pythiis
898 504 988 531 etex
1005 497 1184 543 Olympiis

187 561 297 582 mauu
315 549 465 592 stipatus
482 548 590 581 ramis
604 547 633 587 3)
663 549 759 581 oleae
777 546 953 582 honorem
975 547 1109 583 Thebis
1134 549 1184 581 af-

186 601 290 634 feras.
344 599 381 633 Si
405 599 484 644 quis
506 599 602 632 intus
626 600 715 632 clam
744 600 887 634 divitias
914 606 1122 641 coacervat,
1151 605 1185 632 et

188 651 347 684 incidens
369 650 405 682 in
425 651 513 684 alios
534 649 673 684 deridet
698 663 779 691 eos,
808 664 881 684 non
907 652 1058 696 cogitat,
1086 651 1183 697 quod

187 702 344 734 animam
362 701 436 735 sine
455 701 568 745 gloria
586 701 733 735 Plutoni
753 704 899 747 pendat.

593 801 683 842 Ode
717 803 772 844 11.

401 878 651 910 Xenocrate·
678 878 903 920 Ayre'yentino
925 874 965 923 ²).

292 952 383 998 (Str.
405 952 454 998 1.)
483 952 647 993 Veteres,
682 953 743 999 qui
762 953 947 987 Musarum
971 953 1184 987 conscende-

188 1011 273 1039 runt
304 1017 469 1044 currum,
515 1011 675 1038 tenentes
708 1002 902 1045 citharam,
937 1005 1038 1038 facilc
1065 1004 1184 1038 dulces

188 1055 342 1101 pueriles
366 1053 520 1100 hymnos
539 1055 731 1095 miserunt,
759 1056 788 1089 si
814 1056 892 1100 quis
916 1057 1096 1089 formosus
1120 1053 1184 1088 ha-

188 1108 267 1140 buit
283 1112 460 1140 maturam
481 1113 633 1140 aetatem
652 1118 800 1151 procam
819 1107 980 1141 Veneris.
1015 1106 1115 1151 (Ant.
1133 1105 1184 1152 1.)

190 1158 293 1191 Tunc
316 1157 411 1191 enim
435 1157 539 1191 Musa
566 1170 640 1191 nou
667 1164 743 1191 erat
761 1170 888 1198 avara,
919 1170 984 1191 nec
1002 1169 1185 1191 mercena-

187 1209 259 1247 ria;
284 1221 350 1243 nec
367 1209 615 1242 vendebantur
631 1206 894 1254 Terpsichorae
910 1209 1110 1242 cantilenae
1125 1210 1184 1242 de—

191 1266 399 1304 argentatae
423 1260 541 1294 facies.
584 1260 688 1294 Nunc
709 1272 795 1293 vero
813 1261 916 1294 Musa
936 1261 1099 1294 concedit
1113 1272 1185 1295 ser-

189 1323 273 1344 vare
297 1311 429 1345 dictum
456 1311 581 1355 Argivi
603 1311 690 1352 viti,
720 1313 817 1357 quod
839 1312 1001 1356 proxime
1025 1313 1070 1345 ad
1093 1312 1185 1345 veri-

190 1369 299 1396 tatem
324 1363 475 1395 accedit:
513 1362 593 1408 (Ep.
613 1363 662 1408 1.)
688 1363 886 1403 Pecuniae,
922 1363 1094 1408 pecuniae
1119 1362 1185 1395 vir.

190 1413 248 1447 Sic
273 1413 361 1447 dixit
386 1414 616 1448 facultatibus
645 1421 679 1447 et
701 1414 824 1448 amicis
847 1415 1049 1449 destitutus.
1116 1413 1186 1447 Sed

190 1465 263 1510 ipse
281 1464 422 1510 sapiens
441 1478 487 1499 es.
532 1464 616 1499 Non
632 1465 753 1510 ignota
771 1472 890 1500 autem
909 1477 997 1499 cano
1010 1464 1039 1512 5)
1053 1492 1062 1506 ,
1090 1464 1186 1498 vide-

188 1517 269 1550 licet
285 1514 469 1550 Isthmiam
487 1524 688 1563 equestrem
704 1517 892 1550 victoriam
904 1544 913 1558 ,
942 1529 1049 1563 quam
1069 1517 1187 1549 Xeno-

192 1568 281 1601 crati
299 1568 487 1613 Neptunus
514 1581 555 1601 ex
572 1569 707 1602 Dorico
732 1568 815 1613 apio
838 1569 956 1609 misit,
984 1568 1095 1602 comis
1113 1567 1187 1601 eius

193 1631 384 1660 coronam,
429 1621 584 1662 (Sana.)
610 1618 793 1653 honorans
825 1626 1026 1665 equestrem
1055 1619 1186 1659 virum,

188 1672 312 1705 lumen
328 1670 660 1714 Agrigentinorum.
698 1671 737 1704 In
758 1671 855 1704 Crisa
876 1684 956 1705 eum
972 1670 1062 1703 vidit
1077 1670 1187 1715 Apol-

189 1723 244 1763 lo,
278 1728 312 1755 et
335 1722 525 1755 victoriam
553 1722 584 1755 ei
614 1722 730 1762 dedit,
771 1728 805 1755 et
829 1722 878 1755 ibi
907 1722 1186 1755 accommodatis

192 1773 325 1807 Gratiis
353 1772 479 1807 Atticis
510 1771 683 1814 Athenis,
725 1786 799 1806 non
833 1773 1010 1807 accusavit
1040 1773 1186 1817 aurigae

189 1826 307 1858 laxam
332 1837 499 1865 manum,
536 1823 636 1870 (Ant.
655 1827 707 1870 2.)
735 1837 841 1870 quam
859 1822 1099 1860 Nicomachus
1124 1837 1186 1869 op-

189 1882 345 1921 portune
371 1876 482 1920 agitat
507 1877 675 1910 omnibus
698 1874 859 1910 habenis.
912 1876 1016 1910 Hunc
1035 1882 1069 1909 et
1083 1888 1186 1920 prae-

192 1939 298 1961 cones
330 1927 511 1973 Olympici
550 1935 751 1968 noverunt,
793 1927 981 1962 sacrificuli
1018 1926 1112 1962 Iovis
1149 1927 1186 1960 in

190 1978 312 2018 Elide,
340 1979 401 2025 qui
420 1991 501 2013 eum
517 1977 742 2025 hospitaliter
759 1986 973 2024 exceperunt
994 1979 1111 2013 aureis
1129 1991 1186 2023 ge-

191 2030 328 2070 nubus,
364 2030 716 2077 appropinquantem
739 2031 921 2064 'Victoriae
953 2033 1031 2075 (Ep.
1046 2031 1100 2078 2.)
1122 2042 1186 2075 per

176 2082 293 2116 'suam
316 2087 471 2121 terram,
499 2095 606 2128 quam
633 2082 825 2116 nominant
841 2081 933 2117 lovis
952 2095 1098 2123 nemus,
1124 2081 1186 2115 ubi

194 2133 258 2166 filii
280 2133 507 2166 Aenesidemi
544 2134 807 2169 immortalibus
835 2132 1035 2168 honoribus
1070 2132 1187 2166 affecti

193 2190 288 2218 sunt.
315 2184 399 2219 Non
419 2184 513 2217 enim
532 2186 631 2220 vobis
648 2186 790 2229 ignotae
809 2192 893 2220 sunt
911 2186 1017 2219 aedes
1033 2183 1186 2231 hymno-

192 2247 271 2269 rum
296 2242 329 2269 et
346 2235 565 2276 carminum,
595 2250 614 2269 o
632 2236 870 2283 Thrasybulo.
919 2237 1012 2283 (Str.
1023 2236 1074 2278 3.)
1103 2236 1187 2271 Non

194 2298 320 2332 aspera
346 2287 401 2320 via
433 2293 484 2320 est
512 2299 638 2321 canere
667 2289 789 2323 laudes
813 2289 993 2322 clarorum
1013 2288 1187 2323 virorum.

192 2337 270 2383 Ego
289 2337 396 2382 igitur
413 2344 483 2371 tam
503 2340 628 2383 procul
646 2339 794 2373 iaculari
817 2352 1020 2375 sermonem
1047 2346 1187 2384 potero,

224 2474 256 2505 3)
275 2474 376 2504 ramis]
395 2473 435 2499 sic
453 2473 501 2498 1⁴:11.
518 2472 610 2503 1558.;
639 2472 690 2498 Ed.
710 2471 784 2497 1563.
802 2477 905 2497 ramus.

227 2525 257 2557 4)
284 2528 362 2551 lianc
388 2526 466 2552 odae
490 2524 696 2556 Inscriptionem
723 2524 848 2548 exhibent
873 2524 956 2549 Editt.
974 2523 1069 2553 1558,
1096 2523 1189 2552 1563.;

261 2563 289 2585 et
314 2562 391 2585 Pind.
418 2561 502 2585 Editt.
530 2560 660 2585 Francos.
687 2560 782 2589 ¹542.,
817 2559 1009 2589 nasit.1556.,
1042 2560 1076 2585 fl.
1096 2558 1188 2588 steph.

263 2595 341 2621 1586.
359 2598 442 2626 atque
465 2595 566 2626 fleynii
587 2595 719 2624 interpr.;
746 2594 772 2617 in
792 2593 921 2617 Boeckhii
940 2595 1030 2618 autem
1050 2594 1078 2617 et
1097 2594 1186 2623 Berg-

261 2629 300 2653 kii
318 2630 401 2653 Editt.
424 2630 518 2654 addita.
537 2631 579 2654 est
599 2635 652 2653 vox
672 2625 792 2661 ἅρματι,
811 2634 910 2652 curruv

226 2679 256 2713 5)
289 2679 371 2712 cano]
391 2681 432 2705 sic
449 2682 499 2707 Ed.
517 2682 590 2706 ¹558.
611 2683 660 2711 (z
673 2680 749 2705 Pind.
770 2675 883 2707 (Ξείδιυ);
916 2680 964 2704 Ed.
989 2680 1065 2705 156³.
1092 2679 1188 2704 mendo

263 2717 390 2747 typogr.:
409 2721 487 2741 cana.

779 105 901 141 PHIL.
932 105 1043 140 MEL.
1073 104 1274 141 SCRIPTA
1301 105 1638 141 PHILOLOGICA.

2159 110 2235 146 260

1239 199 1414 239 quantum
1441 192 1658 226 Xenocrates
1688 197 1845 225 caeteros
1874 191 2060 226 dulcedine
2091 206 2235 228 morum

1239 250 1396 288 superat.
1441 242 1507 277 Est
1525 244 1619 276 enim
1637 243 1862 276 venerandus
1880 242 2014 277 civibus
2027 270 2036 284 ,
2074 246 2235 287 (Anna.)

1239 301 1274 328 et
1290 295 1327 327 in
1344 294 1490 328 Graecis
1507 294 1741 328 conventibus
1762 293 1939 339 equestria
1963 296 2158 329 certamina
2175 308 2231 329 re-

1239 346 1307 390 git,
1344 352 1378 379 et
1409 357 1533 379 omnes
1563 345 1723 378 Deorum
1754 346 1861 379 festos
1890 344 1964 378 dies
1996 346 2234 390 amplectitur,

1239 408 1303 429 nec
1322 409 1482 441 unquam
1502 396 1578 429 vela
1600 396 1717 429 aufert
1733 394 1934 440 hospitibus
1952 398 2107 430 secundo
2126 404 2233 431 vento

1241 447 1527 481 advenientibus.
1576 445 1616 479 In
1635 453 1767 480 aestate
1784 449 1929 491 navigat
1943 448 1987 479 ad
2002 445 2147 482 Phasim
2161 475 2170 488 ,
2197 448 2234 481 in

1238 496 1365 543 hyeme
1391 499 1436 531 ad
1452 498 1586 532 Nilum.
1643 499 1720 540 (Ep.
1739 496 1790 544 3.)
1818 497 1891 531 Nec
1908 510 2015 539 vero,
2040 499 2124 544 quia
2142 499 2234 532 invi-

1238 550 1295 582 dia
1317 551 1449 594 pendet
1465 549 1503 582 in
1519 548 1649 582 animis
1667 546 1855 581 hominum
1869 574 1878 588 ,
1909 555 2097 593 paternam
2123 550 2234 584 virtu-

1238 607 1308 634 tem
1325 601 1427 635 sileat
1445 600 1622 647 quispiam
1636 626 1645 640 ,
1678 612 1743 633 nec
1766 597 1940 644 hymnos,
1969 601 2052 646 quia
2070 613 2145 634 non
2161 607 2234 634 tar-

1239 653 1302 686 dos
1325 653 1403 686 feci.
1471 652 1568 685 Haec
1598 650 1726 691 dicito,
1768 663 1848 683 cum
1875 652 2014 686 veneris
2046 653 2091 686 ad
2113 664 2232 686 meum

1238 703 1449 736 familiarem
1472 702 1663 747 hospitem.

1634 793 1725 835 Ode
1754 794 1829 835 ΙΙΙ.

1520 869 1676 902 Meliss
1687 880 1704 900 ο
1736 869 1891 901 Thebano
1906 866 1949 913 6).

1342 946 1432 987 (Str.
1449 946 1497 985 1.)
1527 944 1564 978 Si
1583 945 1661 990 quis
1677 942 1865 978 hominum
1883 945 2088 978 fortunatus
2104 943 2177 978 sive
2195 944 2233 977 in

1238 995 1403 1039 gloriosis
1428 997 1703 1037 certaminibus,
1742 996 1815 1030 sive
1848 996 1886 1028 iu
1908 995 2062 1035 divitiis,
2104 995 2234 1028 retinet

1238 1047 1276 1078 in
1301 1047 1422 1079 animo
1450 1048 1670 1091 petulantem
1693 1047 1915 1080 saturitatem
1933 1047 1984 1093 ⁷),
2028 1045 2156 1090 dignus
2182 1052 2233 1079 est

1239 1097 1369 1130 civium
1394 1099 1570 1133 laudibus.
1633 1098 1666 1131 Ο
1689 1096 1844 1142 Iupiter,
1881 1110 1922 1131 ex
1947 1103 1979 1130 le
2014 1097 2233 1131 comitantur

1239 1160 1389 1192 maguae
1409 1149 1570 1189 virtutes,
1592 1155 1626 1182 et
1643 1149 1841 1182 durabilior
1862 1155 1913 1182 est
1932 1148 2081 1182 felicitas
2098 1160 2237 1188 eorum,

1240 1200 1302 1245 qui
1318 1201 1439 1234 sutura
1457 1206 1596 1234 curant.
1650 1200 1832 1233 Perversis
1850 1211 1935 1232 vero
1954 1199 2134 1232 mentibus
2160 1211 2236 1232 non

1240 1252 1339 1284 omni
1359 1258 1518 1296 tempore
1535 1252 1633 1284 adest
1649 1251 1780 1284 florens
1796 1250 2026 1295 prosperitas.
2069 1252 2169 1293 (Ant.
2189 1250 2237 1293 1.)

1239 1302 1351 1335 Decet
1368 1310 1485 1336 autem
1503 1303 1631 1342 bonos,
1649 1300 1884 1335 honestorum
1907 1313 2056 1346 operum
2074 1300 2236 1346 praemia

1241 1354 1432 1394 celebrare,
1461 1360 1495 1386 et
1512 1359 1698 1386 canentem
1717 1353 1931 1386 amabilibus
1945 1352 2080 1385 Gratiis
2097 1352 2237 1386 afferre.

1241 1404 1356 1438 Habet
1386 1411 1504 1438 autem
1531 1404 1694 1438 Melissus
1727 1409 1860 1437 sortem
1891 1403 2046 1436 duorum
2075 1402 2239 1436 certami-

1242 1469 1327 1489 num
1341 1483 1350 1496 ‚
1379 1468 1449 1501 qua
1467 1468 1528 1489 cor
1547 1457 1591 1489 ad
1609 1455 1749 1489 dulcem
1767 1454 1940 1488 laetitiam
1958 1453 2078 1488 flectit.
2130 1454 2239 1488 Acce-

1241 1508 1294 1552 pit
1311 1519 1482 1540 coronam
1502 1507 1538 1540 in
1553 1504 1678 1541 Isthmi
1697 1506 1807 1547 valle,
1834 1505 1963 1539 deinde
1987 1505 2026 1538 in
2050 1511 2156 1550 prato
2168 1504 2238 1540 Ne-

1241 1570 1360 1597 meae,
1402 1558 1547 1592 ornavit
1570 1555 1713 1592 Thebas
1741 1557 1935 1602 praeconio
1978 1558 2057 1600 (Ep.
2081 1557 2130 1599 1.)
2155 1568 2239 1601 pro-

1242 1616 1321 1654 pter
1347 1609 1536 1643 victoriam
1566 1615 1787 1655 equestrem,
1830 1621 1895 1642 nec
1918 1608 2113 1641 dedecorat
2136 1619 2240 1652 gene-

1240 1661 1289 1695 ris
1322 1661 1505 1695 virtutem.
1582 1660 1686 1694 Scitis
1730 1660 1825 1693 enim
1861 1658 2050 1704 Cleonymi
2086 1658 2239 1704 gloriam

1242 1719 1398 1746 veterem
1426 1713 1463 1745 in
1488 1724 1615 1752 curru,
1643 1718 1678 1745 et
1701 1718 1866 1745 materno
1882 1723 2012 1755 genere
2029 1722 2049 1743 a
2065 1708 2240 1744 Labdaci-

1241 1764 1294 1797 dis
1327 1763 1519 1808 participes
1550 1763 1760 1796 divitiarum
1793 1763 2015 1797 excellebant
2045 1761 2239 1808 quadrigis.

1239 1816 1349 1849 Aetas
1365 1821 1484 1848 autem
1498 1815 1724 1848 revolutione
1740 1814 1881 1848 dierum
1899 1814 1970 1847 alia
1993 1813 2080 1848 alias
2105 1819 2239 1852 mutat;

1239 1868 1301 1901 sed
1317 1866 1478 1900 Deorum
1494 1866 1556 1900 filii
1574 1872 1655 1900 sunt
1673 1865 1965 1900 invulnerabiles.

1640 1959 1729 2000 Ode
1761 1957 1838 2000 lV.

1540 2035 1657 2067 Eidem
1691 2035 1759 2068 Me
1770 2034 1849 2067 less
1859 2044 1877 2066 ο
1893 2032 1935 2075 S).

1344 2113 1453 2154 (Odae
1470 2109 1528 2145 Ill.
1554 2113 1629 2145 Sir.
1645 2113 1697 2153 2.)
1729 2110 1819 2144 Sunt
1840 2106 1949 2150 mihi,
1976 2107 2055 2142 Deo
2078 2107 2238 2149 iuvante,

1241 2163 1375 2197 multae
1414 2162 1491 2195 viae
1532 2162 1687 2208 ubique,
1732 2174 1752 2194 o
1787 2161 1941 2195 Melisse.
2014 2159 2238 2194 Facultatem

1275 2263 1306 2297 6)
1326 2263 1371 2303 Sie
1388 2263 1455 2305 haec
1470 2262 1528 2309 Ode
1548 2259 1673 2303 “UE‘mt‘
1688 2259 1872 2319 waffagggss.
1892 2260 1938 2318 fist
1949 2257 2147 2318 irtiscgiqtggein
2160 2256 2238 2317 3:⁵1:ss

1310 2298 1430 2358 Ξεᾱῐηξῖοέ
1440 2296 2039 2361 ¹iiiiiiiiiig,liziiifflt’eyiiitisinterpr..’11111i4131'51'13s3
2058 2327 2087 2352 in
2107 2298 2238 2352 &ozenna

1311 2369 1339 2393 et
1358 2366 1471 2397 nei-giiii
1487 2366 1573 2390 Editt.
1592 2364 1774 2398 παγκρατίῳ,
1792 2363 1958 2396 pancratio.

1275 2418 1307 2452 7)
1327 2418 1497 2450 petulantem
1515 2415 1706 2446 saturitatem]
1726 2415 1767 2440 sic
1787 2416 1836 2440 Ed.
1853 2414 1946 2445 ¹563.;
1975 2412 2025 2438 Ed.
2043 2411 2121 2438 1558.
2139 2413 2238 2451 fluxam

1310 2452 1500 2483 saturitatcm3
1532 2452 1610 2476 Pind.
1636 2450 1721 2481 αἰανῆ
1751 2448 1852 2482 κόρον,
1877 2455 1948 2481 quae
1972 2448 2059 2473 verba
2083 2447 2238 2472 noeckhms

1310 2488 1523 2518 interpretatur:
1543 2487 1688 2511 molestam
1708 2485 1895 2510 insolentiam.

1274 2540 1305 2573 8)
1327 2540 1372 2587 §ic
1390 2539 1457 2563 haec
1478 2538 1536 2578 φάο
1556 2538 1582 2561 ἰιι
1602 2536 1685 2562 Editt.
1703 2536 1794 2580 1:358„
1816 2535 1894 2593 15,Βὲἐ
1911 2532 1985 2592 ettiu
2005 2532 2093 2592 Ejlit}i
2105 2531 2235 2590 Frapqgf.

1310 2574 1405 2640 issss-'f
1414 2573 1630 2638 ὶιῗέοῗῐιῃιῖιὸῗξιῖ
1647 2571 1872 2631 ali‘iiibtssgiihiili’n
1891 2574 2050 2634 {engadii
2063 2573 2236 2627 Etiiit'i'iuiec

1310 2651 1371 2668 cum
1390 2641 1566 2672 praecedenti
1593 2642 1620 2665 in
1639 2646 1720 2664 unam
1740 2641 1781 2664 est
1798 2639 1959 2669 coniuncta,
1979 2637 2148 2674 quapropter
2167 2639 2236 2673 quq.-

1308 2681 1371 2702 tuor
1399 2677 1457 2701 eins
1484 2676 1620 2706 strophae
1648 2681 1708 2699 cum
1734 2672 1926 2703 Antistrophis
1953 2672 2112 2703 Epodisque
2136 2675 2164 2694 m
2188 2669 2234 2692 lus

1307 2713 1390 2737 Editt.
1403 2711 1530 2743 signatae
1544 2712 1623 2735 sunt:
1643 2709 1718 2734 Odae
1734 2709 1778 2733 ul.
1798 2708 1945 2739 strophae,
1960 2708 2034 2739 Ant„
2052 2706 2102 2737 Ep.
2119 2702 2215 2730 2-5-
