2341 2973
169 111 237 144 771
774 106 896 141 PHIL.
933 107 1046 143 MEL.
1083 109 1285 145 SCRIPTA
1320 108 1656 144 PHILOLOGlCA.
2142 111 2216 148 772

218 195 300 231 Non
320 194 441 228 odiose
463 194 594 227 latrare
614 193 783 239 iocosque.
801 193 956 228 comicos
1231 213 1233 215 ·
1267 194 1492 241 Vertuntque
1511 201 1584 228 tota
1603 206 1711 239 regna
1726 221 1735 235 ,
1764 208 1854 241 quos
1872 195 2059 232 coherceat

218 248 274 281 Ab
290 245 523 279 amarulentis
539 245 669 291 satyris
689 245 918 289 auspicarier.
1267 246 1383 288 Deus,
1413 247 1583 292 piamque
1602 246 1779 280 Ecclesiae
1797 259 1919 292 pacem
1939 260 2022 282 suae

219 299 254 331 Si
272 298 350 343 quis
369 297 533 331 caninam
551 296 747 330 meditatur
762 296 967 329 facundiam
980 322 989 337 ‚
1268 297 1360 338 Det,
1387 295 1692 343 sycophantarum
1710 299 1904 343 peremptis
1921 300 2100 342 coetibus,

217 349 263 382 Et
279 348 451 394 dicere¹⁷)
469 360 510 381 ac
527 348 652 382 audire
671 348 745 381 vult
764 346 924 380 convicia
937 373 947 387 ‚
1270 349 1315 382 Et
1336 350 1498 383 omnium
1519 349 1686 383 incendat
1703 357 1888 394 regentum
1908 357 2052 395 pectora
2067 378 2077 392 ,

216 401 398 434 Concedat
415 397 498 433 hInc
513 401 557 434 ad
572 399 725 445 Cynicos
738 425 746 439 ,
775 398 804 432 si
820 398 949 438 libeat,
975 408 1101 431 novos.
1270 400 1320 434 Ut
1337 401 1523 434 veritatem
1544 401 1712 434 traditam
1733 402 1904 436 divinitus

218 452 293 487 Nae
312 452 339 486 is
355 453 445 486 bene
465 452 631 497 lauteque
649 450 862 494 accipietur,
890 447 1060 482 arbitror.
1270 451 1317 485 Et
1333 452 1410 485 iura
1430 452 1674 498 iustitiamque
1692 451 1769 486 Deo
1787 460 1923 497 gratam
1945 453 2075 487 colant.

217 503 293 548 Ego
311 502 379 537 huc
401 503 506 536 venio
519 529 528 543 ,
557 502 708 535 indicem
727 508 767 535 ut
785 512 939 534 coronae
952 527 961 540 ,
989 500 1147 533 fabulam
1271 503 1339 537 Sed
1357 515 1465 538 cessm
1519 504 1623 538 Nunc
1642 503 1898 537 Terentianam
1917 505 2074 538 fabulam

218 555 362 590 Adferri
380 555 548 588 bellulam
560 553 605 599 ¹⁸)
623 552 853 598 lepidamque
870 551 1034 585 Terentii
1271 555 1402 589 Audite
1415 582 1424 595 ,
1452 568 1583 601 quaeso
1596 582 1605 595 ,
1632 568 1711 588 cum
1731 556 1904 590 modestia
1918 583 1927 597 ,
1954 562 1994 589 ut
2012 557 2123 590 decet.

217 608 249 639 A
267 606 385 651 pueris
401 605 539 651 aliquot
554 603 828 638 Phormionem.
881 603 984 638 Nunc
1002 609 1106 647 peto,

220 658 287 698 Ut,
316 658 377 703 qui
399 656 525 691 studiis
544 657 686 696 favent,
714 656 889 700 bonisque
908 654 1054 695 litteris,
1246 655 1430 692 Scholia
1468 663 1509 690 et
1542 658 1707 702 Argum
1720 665 1823 691 enta
1866 658 1912 692 in
1948 659 2189 704 prologum

220 709 379 742 Faveant
395 714 428 742 et
445 708 576 741 actioni
592 719 790 753 puerorum
813 706 907 740 rudi.
1470 709 1774 756 singulasque
1811 722 1939 744 scena
1952 722 1981 745 s.

221 803 348 836 Alius
375 800 602 845 Prologus
636 799 681 833 in
708 797 1114 843 Phormionemffl).
1623 787 1811 832 Prologus.
2094 819 2096 821 ,

225 879 332 912 Vobis
350 878 499 911 salutem
518 883 641 911 noster
659 874 715 910 hic
733 883 834 921 optat
853 873 1001 915 chorus,
1324 853 1384 914 ,γε’
1401 856 1436 889 2⁰
1472 853 1689 913 Retrahere]
1726 855 1998 913 Recriminmfo‘
2104 852 2163 888 νε·
2181 851 2218 888 5·

222 930 296 975 Qui
313 936 408 964 veste
424 929 588 975 quamvis
607 928 743 962 scenica
760 928 798 960 in
816 925 997 961 theatrum
1015 926 1132 967 venit,
1225 908 1334 940 Tema
1359 902 1458 952 esse‘]
1500 906 1688 940 Accusano
1723 920 1741 939 ἃ
1775 907 1866 952 ΞὟῙΟ
1891 907 1972 941 lew·
2098 905 2160 940 VS·
2183 905 2219 939 6·

1223 959 1310 998 Quia
1338 955 1533 1004 nusquam]
1559 957 1813 992 Accusatorem
1850 964 2033 992 accusatus
2065 963 2220 992 accusat.

1221 1008 1281 1043 Vs.
1301 1009 1360 1043 13.
1394 1011 1492 1043 Vetus
1507 1011 1538 1043 εἰ
1559 1007 1686 1056 poem]
1715 1009 1913 1054 Occupatio
1939 1015 2081 1044 excusat
2102 1020 2221 1043 neces-

1222 1060 1376 1095 sitatem.
1470 1060 1528 1094 Vs.
1546 1060 1607 1095 25.
1637 1060 2026 1106 Epidicazomenon21).]
2053 1059 2220 1105 Epidica-

1223 1124 1413 1152 zomenos,
1442 1124 1549 1156 agens
1572 1114 1615 1145 de
1639 1113 1861 1157 possessione
1885 1113 1938 1146 rei
1963 1124 2025 1147 seu
2049 1111 2222 1145 vindicia-

1223 1176 1316 1198 rum.
1378 1163 1602 1208 Epidicasia,
1648 1164 1689 1198 lis
1722 1165 1972 1200 vindiciarum.
2077 1162 2138 1198 Vs.
2159 1161 2222 1199 26.

1224 1213 1490 1263 Phormionem]
1532 1213 1734 1249 Phormion
1765 1216 1979 1261 tegiculum‚
2021 1226 2093 1261 quo
2122 1213 2224 1259 pavi-

1224 1274 1384 1301 mentum
1409 1267 1631 1301 insternitur.
1700 1267 1787 1301 Inde
1812 1266 1986 1301 Phormio
2009 1266 2137 1301 servile
2158 1277 2224 1299 no-

1224 1330 1318 1353 men.
1421 1318 1481 1353 Vs.
1502 1319 1562 1353 33.
1592 1320 1696 1360 Quem
1719 1317 1875 1367 actoris]
1904 1319 1974 1353 Per
1988 1316 2057 1354 hoc
2074 1322 2225 1363 apparet

1224 1370 1402 1416 Hecyram
1422 1377 1504 1403 ante
1522 1370 1783 1404 Phormionem
1803 1378 1932 1405 actam.

221 982 359 1015 Mentes
378 988 498 1014 tamen
516 991 706 1025 moresque
723 985 837 1013 castos
857 985 891 1011 et
907 978 986 1022 pios
1192 974 1197 1048 Ι

223 1033 387 1073 Retinet,
414 1031 603 1077 Deumque
622 1031 698 1063 vult
714 1030 800 1064 iocis
819 1036 853 1063 et
870 1029 970 1063 seriis
1193 1049 1197 1055 ·

222 1085 353 1118 Adesse
366 1111 374 1124 ,
404 1095 509 1129 quem
527 1094 738 1127 precamur,
766 1088 805 1115 ut
823 1093 889 1115 nos
906 1086 1090 1126 protegat,

223 1137 418 1181 Servetque
439 1134 651 1167 litterariam
672 1132 946 1178 rempublicam.

222 1188 315 1223 Nam
336 1187 433 1233 quod
450 1186 605 1219 didicere
623 1185 779 1224 fabulas,
808 1196 896 1230 quas
915 1181 1103 1223 exhibent,

224 1240 381 1273 Honesta
401 1250 504 1271 causa
523 1243 594 1277 est,
621 1243 660 1270 ut
678 1235 801 1269 Latini
818 1236 921 1280 copia

222 1289 405 1325 Sermonis
423 1287 666 1334 hauriaturw)
685 1300 725 1321 ex
746 1285 800 1321 his
818 1287 989 1321 fontibus.

223 1343 314 1376 Huic
334 1354 395 1375 vos
414 1341 532 1375 studio
550 1341 670 1373 favere
688 1339 842 1372 maxime
860 1339 962 1372 decet
974 1365 983 1379 ‚

222 1394 267 1428 Et
283 1394 389 1428 rebus
405 1393 489 1438 ipsis
505 1392 640 1426 utilitas
658 1397 693 1424 et
709 1391 822 1435 gratia

226 1446 352 1491 Ingens
372 1445 481 1484 inest,
508 1443 682 1488 imagines
701 1442 794 1475 vitae
813 1440 976 1475 omnium

221 1498 426 1542 pinguntur
446 1496 483 1528 in
500 1494 663 1529 Terentii
680 1493 875 1527 comoediis
887 1519 896 1533 ‚

226 1550 327 1595 Quae
344 1548 520 1592 singulos,
549 1546 664 1592 qualis
681 1547 804 1579 deceat
822 1543 1040 1583 moderatio,

227 1601 395 1647 Qualisve
411 1600 448 1632 in
469 1598 609 1632 actione
629 1597 803 1641 dignitas,
829 1601 990 1628 mouent.

225 1652 416 1697 Leporque
433 1649 564 1683 mixtus
580 1655 651 1688 est,
678 1649 838 1693 salesque
855 1645 1017 1685 candidi,

227 1704 297 1749 Qui
316 1702 491 1737 suavitate
512 1700 713 1733 orationem
731 1698 923 1737 condiunt,

226 1755 273 1790 Et
292 1766 395 1799 saepe
414 1758 502 1786 tecte
521 1756 751 1784 commonent
764 1776 772 1789 ,
800 1750 896 1795 quod
915 1747 1068 1792 expedit.

232 1806 366 1840 Dixisse
384 1805 567 1850 quondam
585 1803 697 1835 fertur
714 1801 830 1834 Attica
849 1800 992 1839 civitas,

229 1859 341 1893 Natos
359 1854 553 1889 Menandri
571 1853 696 1887 comici
716 1852 854 1897 lepidos
870 1851 959 1886 sales

229 1910 290 1943 llla
309 1921 349 1942 ex
368 1908 449 1942 salis
464 1918 590 1951 spuma
614 1905 733 1938 Venus
750 1915 841 1950 quae
864 1903 995 1935 dicitur

230 1961 361 1995 Exorta
376 1986 384 2000 ,
413 1958 568 2003 primum
588 1969 629 1990 ex
646 1956 792 1990 Oceano
813 1967 893 1988 cum
912 1953 1058 1999 prodiit.

230 2012 268 2046 ld
290 2010 489 2057 praedicari
505 2015 539 2042 et
558 2010 600 2042 de
619 2007 782 2041 Terentii
800 2006 887 2039 iocis

231 2064 462 2110 Quamquam
482 2060 721 2095 severioribus
740 2057 959 2093 conceditur.

232 2115 336 2151 Nunc
354 2111 611 2147 Phormionem
630 2118 773 2144 acturus
789 2116 840 2144 est
855 2114 977 2142 noster
999 2103 1129 2140 chorus
1141 2131 1150 2145 ‚

233 2167 305 2212 Qui
323 2165 468 2211 praebet
485 2164 520 2196 in
538 2161 605 2196 hoc
624 2162 789 2196 innoxios
807 2159 949 2194 theatro
969 2158 1078 2192 iocos.

234 2219 301 2253 Sed
320 2215 558 2251 Phormiones
580 2221 682 2255 sunt,
710 2213 862 2258 opinor,
890 2210 1036 2256 plurimi

234 2270 324 2309 Alii,
352 2268 423 2303 suis
441 2267 500 2313 qui
525 2264 768 2311 sycophantiis
784 2269 931 2298 movent
943 2289 952 2303 ,
1203 2270 1206 2297 ι

1461 1456 1571 1490 Actus
1590 1455 1615 1489 Ι.
1644 1456 1757 1489 Scena
1776 1455 1801 1488 Ι.
1826 1455 1975 1498 Argum.

1328 1523 1451 1558 Davus
1468 1524 1588 1558 exiens
1605 1523 1691 1557 dicit
1714 1523 1853 1556 adferre
1865 1549 1875 1563 ,
1903 1534 2013 1568 quam
2030 1521 2137 1555 debet
2152 1520 2226 1554 Ge-

1225 1581 1282 1608 tae
1306 1576 1515 1620 pecuniam;
1560 1581 1593 1608 et
1617 1573 1703 1608 haec
1729 1585 1883 1618 persona
1910 1579 2008 1607 extra
2035 1583 2225 1616 argumen-

1227 1633 1301 1660 tum
1331 1626 1532 1666 inducitur,
1573 1626 1628 1659 cui
1658 1638 1733 1659 rem
1768 1632 1902 1669 gestam
1935 1630 2148 1658 narraturus
2174 1629 2227 1658 est

1227 1678 1329 1712 Geta.

1330 1728 1389 1763 Vs.
1404 1730 1435 1762 1.
1455 1730 1597 1763 Amicus
1613 1726 1793 1776 summus]
1812 1727 1934 1761 Davus
1951 1725 2010 1760 hic
2028 1724 2225 1771 prostatica

1228 1792 1381 1825 persona
1415 1787 1485 1821 est,
1529 1779 1621 1814 nihil
1657 1782 1702 1813 ad
1733 1785 1985 1824 argumentum
2017 1777 2226 1811 comoediae

1199 1836 1203 1859 δ
1228 1839 1402 1877 spectans.
1507 1831 1567 1867 Vs.
1585 1833 1645 1867 11.
1681 1834 1722 1865 ld
1746 1832 1805 1866 illa
1833 1827 2058 1876 universum]
2086 1828 2226 1862 Incom-

1201 1899 1203 1905 ¹
1229 1885 1335 1917 moda
1354 1885 1398 1917 ab
1417 1896 1540 1918 uxore.
1628 1883 1689 1918 Vs.
1709 1884 1767 1917 13.
1797 1885 1950 1918 ferietur
1965 1878 2133 1928 munere]
2160 1879 2227 1912 Fe-

1229 1937 1321 1970 ritur
1339 1948 1487 1969 munere
1504 1947 1579 1969 non
1597 1935 1658 1982 qui
1676 1935 1822 1979 recipit,
1849 1935 1908 1968 sed
1928 1934 1989 1979 qui
2007 1934 2086 1972 dat,
2124 1943 2226 1977 prae-

1230 1988 1350 2022 sertim
1374 1987 1518 2022 invitus.

1464 2073 1573 2107 Actus
1591 2071 1615 2107 l.
1644 2071 1756 2105 Sceua
1776 2070 1817 2106 ll.
1845 2072 1995 2116 Argum.

1334 2143 1422 2177 Geta
1441 2148 1587 2181 narrat,
1620 2153 1691 2186 quo
1715 2140 1786 2174 sint
1808 2139 1958 2185 profecti
1984 2151 2085 2174 senes
2102 2138 2225 2173 Demi-

1231 2193 1303 2241 pho
1330 2201 1364 2228 ct
1388 2191 1576 2227 Chremes:
1614 2205 1683 2238 qua
1708 2192 1893 2226 occasione
1921 2191 2079 2236 coeperit
2102 2203 2225 2225 amare

1230 2244 1469 2290 Demiphonis
1486 2244 1578 2279 filius
1594 2242 1768 2290 Antipho.

1333 2297 1392 2331 Vs.
1416 2298 1446 2330 1.
1479 2298 1617 2331 Praesto
1645 2294 1724 2344 est]
1748 2296 1869 2331 Davus
1885 2296 2077 2342 prostatica
2102 2305 2225 2340 perso-

1231 2361 1274 2382 na
1288 2375 1297 2389 ‚
1325 2349 1379 2382 cui
1398 2348 1486 2382 Geta
1507 2349 1653 2392 exponit
1669 2348 1891 2382 occasionem
1911 2348 2063 2382 fabulae.
2114 2345 2176 2379 VS.
2188 2345 2225 2379 6.

1203 2350 1206 2365 l

223 2394 266 2423 17)
287 2394 393 2423 dicere]
412 2393 453 2417 sic
466 2391 578 2422 Prologi
597 2391 678 2421 aliq..
698 2392 760 2415 Mel.
777 2391 843 2420 Opp.
861 2389 945 2414 nasu.
959 2387 1008 2418 V.,
1027 2386 1177 2412 Grathus.:

254 2429 363 2452 Terent.
382 2428 466 2452 Editt.
483 2427 556 2450 15⁴0.
578 2427 624 2455 B.,
646 2426 735 2456 15⁴3„
759 2426 849 2454 1543,
871 2425 945 2447 1551,
965 2423 1074 2446 ducere.
1231 2402 1273 2436 sa·
1289 2402 1364 2446 quis
1380 2402 1459 2446 quid
1476 2400 1610 2444 reddin]
1638 2400 1790 2434 Gemina
1809 2399 2030 2445 perturbatio
2049 2411 2067 2432 a
2083 2397 2224 2442 cupitis.

224 2471 268 2502 is)
290 2469 429 2502 neilulam]
458 2469 541 2494 Editt.
560 2469 634 2492 ¹540.
650 2469 694 2497 3.,
715 2468 787 2491 1543.
802 2484 809 2497 ‚
831 2467 916 2496 1548„
938 2465 1011 2490 1551,
1031 2465 1176 2494 corrupte:
1204 2473 1206 2478 =
1232 2452 1290 2485 Vs.
1313 2453 1366 2485 10.
1404 2454 1506 2486 Cuius
1522 2457 1556 2486 tu
1573 2450 1706 2499 fidem]
1742 2452 2002 2495 Argumentum
2027 2463 2045 2484 a
2073 2448 2224 2482 maiore.

256 2506 380 2552 ¹³⁸¹¹¹J³m·
414 2547 418 2551 ι
627 2546 633 2550 ,
921 2544 926 2548 ⁴
1045 2542 1050 2547 ⁸
1152 2541 1157 2546 ¹
1231 2503 1290 2536 Vs.
1311 2504 1368 2536 13.
1412 2506 1514 2537 Senis
1539 2507 1665 2545 nostri,
1703 2504 1824 2548 Dae-ef}
1863 2503 1976 2536 Mirae
2004 2499 2224 2535 narrationis

224 2550 268 2577 19)
291 2549 339 2571 liic
356 2550 454 2571 ternus
472 2547 606 2575 Prologus
626 2553 651 2570 m
673 2545 786 2569 eandem
805 2544 972 2568 comoediam
991 2543 1132 2566 exhibetur
1151 2547 1177 2564 in
1204 2545 1207 2558 ³
1415 2556 1420 2561 .
1624 2557 1630 2561 .
1827 2556 1833 2561 .

257 2582 384 2611 Prologis
407 2583 512 2611 aliquot
539 2581 717 2611 (insen-imus:
755 2579 861 2606 „Alius
884 2578 1017 2607 Prologus
1043 2577 1069 2600 in
1090 2575 1177 2599 Phor-
1232 2558 1485 2599 c⁰¹¹¹lffl¹¹d¹¹¹¹¹¹
1525 2568 1586 2600 {¹⁰¹⁵
1624 2563 1955 2599 ¹¹¹¹⁰r¹'⁰g³¹¹¹⁰¹¹¹'¹'¹·
2076 2551 2137 2586 VS·
2159 2551 2224 2586 28'

257 2618 370 2640 inionem
396 2616 464 2640 Phil.
494 2613 682 2642 Mela11t11.³‘),
719 2614 858 2637 vincentii
886 2613 993 2636 collect.
1013 2611 1176 2641 Epigramm.
1233 2636 1267 2640 m
1311 2636 1315 2638 ⁷
1403 2636 1436 2639 ,-

256 2652 318 2674 Mel.
339 2654 366 2675 et
384 2651 411 2674 in
430 2651 479 2674 hoc
499 2651 578 2680 Corp.
598 2650 719 2673 Reform.
740 2649 775 2673 X.
1203 2658 1206 2679 ρ

222 2695 270 2721 20)
294 2692 447 2725 hauriatur]
469 2693 508 2717 sic
528 2693 639 2720 Prologi
658 2693 739 2723 aliq,
767 2692 909 2721 Vincent.;
941 2689 1022 2719 corp.
1043 2688 1102 2713 Res.
1124 2688 1176 2712 Xcz
1204 2688 1206 2690 ’
1265 2682 1313 2714 21)
1335 2684 1613 2714 Epidicazomenon]
1634 2683 1674 2707 sic
1698 2683 1763 2708 illae
1783 2683 1883 2713 Editti3
1902 2682 1949 2707 Ed.
1970 2681 2062 2707 Vollb.
2083 2677 2223 2711 Epidica-

257 2730 442 2753 exhauriatur.
1204 2726 1205 2744 1
1302 2725 1445 2744 :vo-nzenen.
