2341 2973
210 95 286 133 507

208 184 407 218 bonitatem
446 177 657 217 hominum,
702 181 779 209 tum
814 179 964 219 propter
998 171 1207 205 facilitatem

209 237 323 269 victus
347 246 386 266 ac
412 228 709 276 tranquillitatem
725 227 831 260 vitae.

819 85 943 121 PHlL.
978 83 1091 120 MEL.
1128 83 1332 120 SCRIPTA
1365 82 1702 121 PHILOLOGICA.

884 224 998 258 Primi
1025 224 1119 257 enim
1144 221 1208 256 lio·
1233 208 1236 273 Ι

2187 86 2260 124 508

1261 169 1461 211 Antonius,
1487 177 1521 204 et
1535 171 1565 205 si
1583 171 1645 218 qui
1663 170 1724 204 alii
1742 170 1877 205 viribus
1895 171 1967 205 suis
1991 172 2093 213 freti,
2128 173 2259 208 iniusta

1261 228 1296 255 et
1317 222 1453 255 nefaria
1473 222 1565 256 bella
1582 229 1777 257 moverunt
1797 223 1968 257 adversus
1989 225 2261 269 rempublicam.

209 288 324 320 mines
342 291 374 317 et
393 289 522 316 natura
546 286 649 314 erant
671 276 951 324 praestantiores
977 282 1084 321 atque
1109 275 1207 307 viva-
1233 276 1236 316 Ῑ
1260 271 1504 307 perhibentur
1520 274 1615 308 enim
1635 274 1805 319 Gigantes
1821 275 1930 308 tantis
1947 281 2093 321 tamque
2112 289 2260 322 praeva-

210 339 343 376 ciores,
371 347 480 381 quam
499 345 595 367 nunc
613 337 714 370 sunt;
743 336 777 364 et
788 328 962 373 sapientia
976 327 1207 367 excellebant,
1233 317 1235 363 l
1261 325 1342 359 lidis
1360 325 1467 359 fuisse
1485 326 1642 367 viribus,
1676 333 1716 360 ut
1740 327 1787 361 ad

208 390 244 422 id
264 389 361 434 quod
378 386 540 419 indicant
554 383 676 417 variae
694 388 788 415 artes
805 381 848 413 ab
866 380 935 414 illis
951 380 1137 418 inventam
1174 386 1208 412 et

208 441 266 486 pie
279 467 288 480 ‚
330 440 440 477 iuste,
481 441 796 480 temperanterque
821 432 1010 471 vivebant,
1053 444 1205 477 cumque

208 492 313 525 initio
331 497 365 524 et
382 502 442 522 aer
459 487 638 522 salubrior
656 491 766 524 esset,
804 490 837 516 et
860 490 955 516 terra
981 483 1206 523 foecundior,

207 556 282 577 non
300 543 417 577 solum
437 540 519 586 quia
540 544 669 571 natura
686 535 838 580 propior
855 541 933 568 erat
953 535 1106 579 origini,
1145 536 1206 568 sed

208 596 315 629 etiam
336 593 418 639 quia
437 591 554 624 minus
571 595 647 622 erat
665 588 838 621 scelerum
851 613 860 627 ,
888 587 1002 621 victus
1025 587 1126 619 facile
1146 598 1207 631 pa-

206 648 375 684 rabatur,
403 643 465 688 qui
482 653 577 675 nunc
596 640 706 673 multa
724 639 860 672 cultura
882 645 916 671 et
934 650 1065 683 magno
1083 639 1206 671 labore
1232 648 1235 682 ζ

209 697 414 744 quaeritur:
452 704 649 737 omnesque
674 697 715 724 ut
739 696 842 724 erant
862 690 987 730 liberi,
1021 691 1069 723 ita
1100 702 1205 723 nemo

206 750 372 782 laborum
391 744 646 783 sollicitudine,
673 754 781 775 nemo
801 754 909 786 opum
929 741 1124 786 cupiditate
1145 753 1207 773 an-

206 801 368 845 gebatur.
404 798 496 830 Hinc
516 795 603 829 boni
621 793 787 828 homines
805 795 902 837 apud
913 791 1148 826 Theocritum
1162 791 1207 838 ¹3)

200 848 368 899 γρύσειοι
387 847 589 895 ἄνδρεςἊ),
617 846 715 880 aurei
734 845 801 878 viri
818 845 997 878 dicuntur.
1025 844 1070 877 Et
1081 844 1207 877 Socra-

206 889 256 937 t’es
275 902 370 947 apud
381 901 571 934 Platonem
591 899 627 930 in
638 896 875 943 Cratylo¹⁴⁸):
905 896 941 929 Si
959 895 1038 941 quis
1054 895 1206 941 (inquit)

204 967 302 988 nunc
319 966 360 986 ex
378 951 509 985 nostris
527 952 643 984 bonus
663 949 727 989 sit,
751 961 844 981 anne
866 954 968 992 putes
987 946 1083 981 hunc
1107 947 1205 980 aurei

206 1006 345 1051 generis
369 1005 412 1037 ab
429 1003 588 1036 Hesiodo
616 999 822 1035 aestimari?
876 1000 928 1033 Ac
953 999 1095 1032 videtur
1118 996 1207 1031 haec

1233 720 1235 732 h

1232 744 1235 758 l

1232 763 1235 795 l

1234 691 1235 699 ¹
1260 699 1386 732 pares,

1813 328 2096 373 oppugnandum
2121 330 2261 366 coelum

1261 377 1453 412 altissimos
1469 384 1610 412 :nantes
1629 375 1788 414 humeris
1805 381 1877 415 suis
1894 381 2168 425 comportarint.
2210 384 2261 417 Ac

1261 441 1484 475 quamquam
1515 430 1575 462 alii
1611 443 1755 476 quoque
1780 432 1925 465 infimae
1949 434 2055 467 sortis
2082 431 2262 475 homines,

1261 481 1323 526 qui
1349 481 1404 514 vel
1430 482 1467 514 in
1493 482 1674 526 republica
1701 484 1871 518 adversus
1896 484 1989 528 leges
2012 485 2179 519 seditiose
2206 492 2261 520 tu-

1260 532 1506 574 multuantur,
1534 534 1589 566 vel
1606 533 1750 578 impuro
1767 547 1828 567 ore
1845 536 2006 569 convicia
2027 536 2064 569 in
2080 537 2261 582 principes

1233 595 1234 602 ¹
1261 591 1454 625 evomunt,
1496 586 1533 617 in
1560 585 1756 629 Gigantum
1782 598 1934 620 numero
1970 586 2127 622 habendi
2159 595 2259 623 sunt:

1262 642 1383 669 tamen
1409 636 1472 682 qui
1498 649 1573 669 non
1597 634 1731 670 habent
1754 637 1846 671 vires
1872 640 2052 682 gestandis
2077 641 2261 675 montibus

1441 688 1499 721 vix
1534 688 1730 732 Gigantum
1766 690 1951 723 fraterculi
1994 691 2064 724 dici
2098 699 2260 736 possunt.

1260 739 1344 773 Non
1373 740 1523 773 dubium
1556 746 1608 774 est
1640 747 1758 774 autem
1793 741 1952 774 fabulam
1986 741 2024 774 in
2059 742 2145 776 istos
2176 755 2260 776 con-

1260 791 1378 823 fictam
1412 803 1506 831 esse,
1548 792 1752 838 quicunque
1787 794 1956 827 adversus
1987 793 2081 838 leges
2115 806 2155 828 ac
2186 806 2260 828 ma-

1232 843 1234 847 ’
1261 842 1448 885 gistratum
1466 855 1565 876 arma
1582 851 1745 883 sumunt;
1781 856 1864 877 nam
1886 857 1965 878 cum
1987 845 2158 880 divinitus
2177 858 2260 880 con-

204 1058 325 1091 fabula
349 1057 391 1089 de
419 1061 575 1100 quatuor
602 1052 776 1085 aetatibus
801 1058 885 1084 nata
910 1064 951 1084 ex
968 1050 1128 1083 Danielis
1153 1048 1208 1082 hi-
1233 1065 1235 1075 ι

205 1110 315 1144 storia
336 1108 377 1140 de
396 1107 455 1139 illa
478 1112 594 1139 statua
619 1104 656 1136 in
681 1115 810 1137 somno
836 1115 853 1135 a
882 1103 968 1146 rege*
990 1101 1140 1148 visam),
1169 1102 1207 1134 in

205 1173 275 1207 qua
300 1158 416 1204 prima
443 1153 656 1190 monarchia
686 1154 848 1200 pingitur
879 1166 1008 1194 aurea,
1051 1154 1205 1188 secunda

204 1218 394 1256 argentea,
438 1209 542 1242 tertia
567 1219 698 1247 aenea,
743 1213 871 1252 quarta
905 1207 1039 1239 ferrea:
1084 1212 1206 1251 estque

204 1263 418 1302 verisimile,
454 1259 548 1295 lianc
572 1260 688 1305 ipsam
713 1256 903 1292 historiam
928 1257 1073 1291 Graecis
1099 1257 1205 1291 fuisse

204 1328 280 1349 non
323 1314 506 1359 ignotam,
555 1317 681 1356 utpote
718 1310 780 1356 qui
813 1310 965 1344 multum
998 1308 1206 1343 commercii

205 1368 290 1401 olim
307 1379 387 1399 cum
403 1363 588 1410 Aegyptiis
607 1361 825 1396 habuerunt.

338 1460 569 1493 Saturnus
598 1457 762 1491 missus
792 1456 837 1489 in
865 1456 1076 1489 Tartara.

256 1537 316 1571 Vs.
344 1537 426 1570 113.
469 1538 650 1581 Postquam
676 1537 830 1569 Saturno
852 1535 1026 1567 tenebrosa
1052 1535 1085 1565 in
1117 1535 1206 1566 Tur-

616 1592 693 1620 iaru
718 1588 831 1619 misso.

296 1655 445 1690 Occasio
462 1654 605 1687 fabulae
622 1655 665 1686 de
681 1653 837 1686 Saturno
856 1651 966 1685 misso
986 1652 1022 1684 in
1034 1651 1204 1691 Tartara,

204 1715 346 1753 sumpta
366 1713 417 1740 est
435 1719 476 1739 ex
492 1705 738 1750 profunditate
757 1704 861 1737 aeris.
915 1703 1091 1737 Saturnus
1109 1703 1204 1737 enim

205 1766 374 1794 movetur
406 1758 569 1791 omnium
595 1757 823 1801 planetarum
850 1761 1047 1795 extremus,
1084 1761 1204 1800 estque

203 1811 410 1856 longissime
428 1810 615 1843 submotus
631 1820 649 1840 a
669 1814 785 1845 terra;
815 1813 848 1839 et
864 1806 988 1850 ingens
1014 1806 1104 1840 coeli
1127 1805 1206 1839 alti-

205 1865 293 1898 tudo
327 1861 531 1906 appellatur
554 1859 742 1893 Tartarus.
811 1858 885 1892 Nec
909 1858 1012 1891 facile
1042 1858 1205 1891 animad-

204 1915 358 1948 vertitur
388 1913 483 1947 illius
514 1917 654 1952 motus,
696 1923 776 1944 cum
815 1910 890 1954 ipse
916 1909 954 1942 in
980 1910 1202 1943 conficiendo

204 1979 310 2000 cursu
327 1966 374 1998 ita
398 1963 515 2008 segnis
537 1963 582 1997 sit
606 1975 646 1996 ac
669 1963 812 2002 tardus,
846 1967 886 1995 ut
911 1961 1013 2007 quasi
1035 1968 1129 1996 stare
1154 1961 1204 1993 vi-

204 2020 348 2051 deatur:
377 2017 472 2050 unde
497 2015 604 2048 etiam
627 2014 774 2059 fingitur
797 2025 870 2047 esse
896 2012 934 2046 in
959 2013 1204 2058 compedibus,

205 2076 245 2104 ut
262 2069 369 2103 refert
387 2067 568 2101 Lucianus
588 2067 625 2099 in
645 2066 765 2099 libello
786 2066 829 2098 de
845 2065 1064 2110 Astrologia.

516 2151 577 2185 De
606 2150 900 2196 Gigantibus.

259 2231 319 2265 Vs.
345 2229 427 2265 152.
469 2229 653 2272 Affectasse
680 2229 799 2272 serunt
822 2241 962 2271 reytmm
989 2229 1124 2261 coeleste
1143 2230 1205 2262 Ge·-

639 2286 771 2324 ycentes.

311 2337 612 2386 Gigantomachia
632 2347 749 2384 potest
769 2339 1035 2373 accommodari
1057 2340 1102 2372 ad
1121 2350 1205 2372 con-

209 2394 444 2440 spirationem
483 2390 673 2425 hominum
702 2391 740 2423 in
777 2392 960 2437 republica
989 2397 1204 2436 praepoten-

209 2454 302 2480 tum:
330 2445 452 2492 quales
470 2444 555 2478 olim
574 2442 840 2488 sueruntSylla,
868 2443 1019 2484 Marius,
1037 2442 1204 2482 Catilina,

247 2587 293 2614 13)
313 2585 448 2609 ’Ῑῐιεοετίῐ.
469 2584 551 2614 Ιᾱ)·11.
571 2583 633 2608 ΧΗ.
656 2583 695 2606 16.

246 2630 292 2657 14)
314 2624 437 2659 χρύσηοι
455 2624 567 2658 ἄνδρες]
587 2627 653 2649 haec
669 2626 753 2649 verba
766 2631 808 2656 gr.
822 2625 848 2648 iu
863 2626 911 2649 Ed,
925 2627 999 2653 1559,
1015 2629 1077 2651 sunt
1093 2627 1202 2651 omissa.

247 2671 310 2702 14³)
332 2671 402 2695 Piat.
424 2677 484 2700 opp.
506 2671 546 2695 ed.
568 2671 601 2695 Η.
621 2669 713 2700 steph.
734 2670 762 2694 Τ.
781 2669 800 2693 1.
820 2677 845 2700 p.
859 2669 918 2693 ³98.
935 2676 959 2694 a.

247 2716 292 2743 15)
313 2716 379 2738 Dan⁴
396 2715 422 2745 2,
444 2714 473 2738 31
495 2722 553 2745 sqq.

1234 1099 1235 1110 ³
1260 1098 1485 1143 religionem.

1260 893 1455 927 stituantur
1486 896 1725 939 respublicae,
1771 896 1858 941 quid
1882 903 1934 930 est
1958 897 2054 930 aliud
2077 898 2261 932 adversari

1260 945 1397 988 legibus
1423 951 1456 978 et
1479 947 1725 990 magistratui,
1763 959 1871 992 quam
1898 948 1967 992 ipsi
1982 948 2084 982 Deo?
2137 949 2262 983 Potest

1261 997 1368 1029 etiam
1392 998 1660 1031 accommodari
1677 1000 1720 1031 ad
1741 996 1859 1033 hostes
1876 998 2078 1040 Ecclesiae,
2111 1001 2173 1046 qui
2199 1006 2261 1034 aut

1260 1047 1349 1080 falsa
1368 1049 1531 1081 doctrina
1543 1076 1552 1089 ,
1581 1056 1641 1082 aut
1658 1050 1694 1081 vi
1713 1056 1890 1083 conantur
1904 1050 2118 1084 labefactare
2135 1064 2259 1085 veram

1555 1100 1683 1133 Sacrae
1711 1101 1851 1134 litterae
1878 1102 1973 1135 enim
1999 1108 2175 1136 testantur
2199 1102 2261 1137 Gi-

1261 1157 1384 1194 gantes
1401 1151 1507 1185 fuisse
1525 1149 1690 1186 homines
1709 1165 1726 1185 a
1746 1165 1832 1185 vero
1849 1152 1917 1186 Dei
1937 1154 2034 1187 cultu
2057 1160 2091 1187 et
2115 1166 2133 1187 a
2160 1154 2261 1188 iusti-

1260 1203 1308 1235 tia
1326 1202 1475 1237 alienos.
1529 1203 1592 1249 Est
1609 1204 1718 1247 igitur
1735 1204 1772 1237 in
1791 1201 1858 1237 hac
1873 1205 1993 1239 fabula
2009 1205 2147 1239 coelum
2160 1232 2170 1247 ‚
2204 1205 2260 1239 vel

1260 1255 1479 1298 respublica,
1516 1256 1569 1288 vel
1594 1254 1770 1294 Ecclesia;
1813 1254 1948 1300 lupiter
1973 1265 2162 1301 supremus
2185 1269 2261 1289 ma-

1259 1305 1446 1349 gistratus;
1484 1306 1676 1350 Gigantes,
1711 1307 1767 1340 vel
1784 1307 1878 1341 cives
1895 1308 2076 1348 seditiosi,
2103 1309 2159 1341 vel
2176 1306 2260 1341 hae-

1259 1357 1381 1397 retici,
1410 1358 1466 1391 vel
1481 1359 1646 1402 tyranni,
1681 1359 1744 1404 qui
1767 1370 1896 1393 manus
1921 1359 2081 1393 inserunt
2106 1359 2193 1403 piis,
2226 1365 2260 1392 et

1259 1408 1391 1443 iniusta
1411 1410 1595 1448 sanciunt;
1631 1417 1772 1443 montes
1799 1411 1842 1443 ad
1869 1410 2154 1455 oppugnandum
2181 1422 2259 1443 coe-

1259 1460 1333 1494 lum
1365 1461 1543 1505 congesti,
1580 1468 1728 1495 conatus
1758 1461 1960 1502 temerarii,
2003 1467 2037 1494 et
2069 1461 2259 1506 opiniones

1259 1511 1410 1556 impiae;
1439 1512 1575 1545 fulmen
1594 1512 1708 1552 Iovis,
1726 1512 1858 1546 -divina
1877 1513 1979 1547 ultio.
2021 1512 2115 1547 Nam
2134 1525 2259 1547 omnes

1259 1563 1461 1607 puniuntur
1477 1563 1661 1604 divinitus,
1679 1576 1719 1597 ac
1730 1564 1878 1608 perinde
1890 1564 2110 1608 utGigantes
2125 1562 2260 1598 babent

1259 1615 1376 1648 tristes
1395 1615 1524 1656 exitus,
1553 1616 1758 1661 quicunque
1776 1622 1900 1648 contra
1915 1615 2074 1659 legitima
2092 1615 2259 1660 imperia,

1260 1667 1389 1712 quibus
1406 1667 1555 1700 subiecti
1586 1679 1658 1701 esse
1681 1667 1828 1707 debent,
1864 1679 1964 1700 arma
1990 1667 2158 1711 capiunt,
2197 1673 2260 1701 aut

1260 1718 1321 1763 qui
1354 1718 1471 1751 delere
1501 1717 1698 1752 Ecclesiam
1732 1725 1930 1758 conantur,
1972 1718 2064 1752 sicut
2095 1719 2257 1763 exempla

1260 1769 1455 1809 Catilinae,
1483 1769 1608 1810 Bruti,
1637 1770 1769 1811 Cassii,
1799 1769 2017 1804 Diocletiani
2044 1776 2078 1803 et
2100 1770 2255 1804 aliorum

1261 1821 1468 1854 ostendunt.

1360 1872 1411 1906 Ut
1427 1884 1512 1906 vero
1530 1879 1656 1917 poetae
1681 1873 1768 1907 tales
1791 1879 1936 1918 tamque
1962 1872 2118 1906 nefarios
2143 1870 2259 1905 bomi-

1259 1936 1320 1958 nes
1339 1925 1604 1958 detestarentur
1630 1931 1804 1970 tanquam
1831 1930 2014 1964 monstra,
2043 1924 2260 1957 affinxerunt

1259 1976 1475 2020 Gigantibus
1492 1977 1599 2020 pedes
1616 1976 1805 2020 anguinos.
1858 1974 1958 2010 Nihil
1983 1982 2035 2010 est
2058 1976 2154 2009 enim
2183 1981 2259 2008 tam

1259 2028 1429 2068 immane,
1452 2034 1525 2061 tam
1543 2033 1800 2067 monstrosum,
1823 2039 1930 2072 quam
1949 2027 2259 2068 adversusDeum,

1261 2080 1431 2113 adversus
1448 2079 1616 2124 pietatem
1630 2105 1639 2119 ,
1669 2080 1838 2113 adversus
1855 2079 2126 2124 magistratum,
2151 2080 2259 2122 leges,

1260 2131 1314 2166 ius
1340 2138 1374 2164 et
1398 2143 1574 2176 aequum,
1609 2130 1744 2176 aliquid
1770 2130 1902 2165 moliri.
1964 2128 2168 2165 Ioachimus
2193 2129 2259 2163 Ca-

1259 2182 1456 2223 merarIus,
1485 2182 1540 2215 vir
1559 2182 1659 2215 omni
1683 2183 1846 2215 doctrina
1873 2182 2054 2223 eruditus,
2082 2181 2258 2226 anguinos

1259 2235 1454 2279 Gigantum
1472 2235 1580 2278 pedes
1599 2234 1746 2279 exponit
1764 2235 1807 2268 de
1832 2234 2007 2279 improbis
2031 2233 2257 2274 consiliariis,

1260 2297 1414 2332 quorum
1433 2285 1530 2330 turpi
1548 2286 1808 2320 sustentatione
1831 2286 1976 2332 tyranni
1997 2293 2170 2332 tanquam
2196 2297 2257 2330 pe-

1259 2338 1362 2372 dibus
1385 2336 1562 2372 nituntur.

1360 2388 1467 2422 Extat
1485 2388 1603 2423 Iacobi
1619 2389 1778 2423 Sadoleti
1803 2389 1894 2424 liber
1918 2390 1962 2424 de
1984 2389 2150 2424 laudibus
2176 2385 2256 2433 phi-

1258 2437 1464 2485 losophiae,
1507 2443 1567 2487 qui
1599 2441 1861 2488 inscribiturffi)
1887 2440 2074 2475 Phaedrus
2084 2440 2152 2487 ¹⁷),
2193 2440 2255 2474 ubi

1295 2592 1340 2625 16)
1361 2593 1404 2623 qui
1425 2591 1598 2625 inscribitur]
1619 2593 1658 2617 sic
1677 2594 1752 2617 recte
1769 2592 1816 2616 Ed.
1832 2592 1961 2624 1555.1›.;
1987 2592 2072 2617 Editt.
2092 2593 2167 2617 1555.
2181 2598 2207 2618 a.
2226 2594 2253 2617 et

1330 2629 1406 2652 1559.
1426 2629 1510 2652 maie:
1537 2628 1600 2658 quin
1619 2628 1756 2652 scribitur.

1295 2680 1342 2706 17)
1364 2679 1412 2703 nic
1427 2679 1548 2702 Sadoleti
1569 2678 1626 2709 (12.
1643 2679 1692 2703 lui.
1709 2678 1783 2703 1477.
1803 2678 1937 2702 Modenae
1952 2678 2027 2709 nati,
2048 2679 2087 2702 18.
2100 2679 2161 2704 Oct.
2176 2677 2250 2703 ¹547.

1327 2715 1430 2739 nomae
1449 2714 1566 2741 mortui)
1588 2715 1656 2737 liber
1676 2713 1826 2743 inscriptus
1847 2713 2012 2744 „Phaedrus
2029 2720 2052 2737 ⁵.
2073 2713 2106 2737 de
2125 2712 2250 2737 laudibus
