2341 2973
223 100 269 135 75
797 87 920 122 PHlL.
956 84 1068 119 MEL.
1103 81 1306 117 SCRIPTA
1342 80 1677 116 PHILOLOGICA.
2213 81 2260 115 76
2305 98 2310 99 ⁷

224 184 415 223 humanius
439 187 473 214 et
494 177 642 213 fidelius.
702 174 833 210 Omnia
856 179 939 208 sunt
964 177 1040 204 acta
1065 169 1216 203 fideliter

226 241 262 273 in
278 236 408 283 pactis,
434 238 473 265 ut
488 227 675 275 pulchrum
696 234 747 261 est
765 225 966 270 exemplum
980 220 1217 266 simplicitatis

226 286 458 325 Germanicae
473 294 547 315 non
562 278 852 314 vetustissimum.
905 273 1060 320 Quando
1081 271 1219 306 obsedit

228 344 423 384 imperator
440 333 625 368 Conradus
635 331 680 376 5³¹)
704 327 921 373 Guelphum,
956 326 1082 358 ducem
1103 322 1218 356 Bava-

229 393 320 430 riae,
364 394 398 420 et
421 387 457 418 in
483 384 616 429 oppido
641 382 861 425 Qeinssburg„
905 389 996 423 quae
1025 382 1076 408 est
1103 375 1217 420 patria

227 437 516 482 Oecolampndii,
545 447 622 468 cum
645 433 688 467 sit
713 432 889 465 munitum
915 428 1108 473 oppidum,
1142 437 1219 458 mu—

227 495 331 527 lieres
347 494 528 535 peterent,
555 493 593 519 ut
609 486 728 517 liceret
745 482 922 516 discedere
939 492 1017 512 curn
1039 478 1080 511 iis
1095 477 1220 521 {rebus,

231 556 319 591 quas
345 543 440 586 ipsae
464 545 599 583 gestare
624 540 783 579 possent:
819 530 989 565 concessit
1014 530 1220 573 imperator,

232 595 329 629 dedit
345 593 393 626 eis
411 591 514 624 fidem
535 587 727 632 publicum,
754 585 804 619 cin
821 582 943 618 &deit
979 581 1147 614 Mulieres
1165 590 1221 622 ge-

231 651 369 681 starunt
393 654 474 676 suos
502 640 608 679 viros,
630 635 870 669 nobilissimos
886 632 1050 666 homines
1067 638 1100 664 et
1120 629 1222 663 nobi-

230 697 361 731 lissima
382 703 543 736 corpora.
596 688 742 721 Dictum
769 692 820 719 est
843 683 1070 729 imperatori,
1086 681 1222 714 -mulie-

230 762 287 782 res
305 746 446 780 eludere
463 748 577 786 pacta.
618 739 818 783 Imperator
835 743 918 769 tunc
935 736 1058 768 audito
1075 731 1222 766 consilio

232 807 303 832 tam
324 793 469 842 pulchre
487 793 660 837 cogitato,
689 789 880 822 delectatus
896 793 946 820 est
968 787 1033 820 ista
1058 782 1223 817 humani-

232 857 323 889 tate,
350 854 384 880 et
405 844 526 884 iussit,
559 849 597 876 ut
621 845 807 886 portarent
829 839 864 870 in
892 850 995 871 suum
1017 834 1223 869 tentorium.

232 902 338 935 Facta
364 904 413 931 est
438 908 526 940 pax,
561 900 595 927 et
618 891 739 937 pransi
763 896 864 929 sunt,
903 895 937 921 et
961 888 1149 921 discessum
1175 891 1225 918 est

235 965 312 986 cum
328 951 422 983 bona
442 959 539 991 pace.
592 943 666 977 Iam
682 941 846 976 homines
864 952 937 973 non
955 945 1036 973 sunt
1053 938 1152 970 tales.

334 1007 395 1041 Vs.
420 1004 480 1039 54.
518 1002 560 1038 οὐ
585 1000 692 1041 δίκας
715 998 852 1046 ᾔδεσαν
876 995 1014 1044 νόμους
1035 1010 1072 1030 τε
1083 993 1158 1041 5')]
1187 993 1226 1027 Id

237 1068 305 1100 cst,
332 1070 405 1092 non
422 1055 629 1099 litigabant,
656 1064 731 1085 non
748 1050 951 1089 certabant,
978 1049 1037 1081 sed
1062 1048 1153 1079 circa
1177 1046 1226 1078 la-

236 1120 324 1150 tera,
340 1115 453 1143 costas
469 1105 698 1140 conferebant
716 1102 823 1147 pelles
840 1111 1042 1144 caprarum.
1081 1096 1148 1130 Iste
1161 1096 1228 1129 suit

238 1161 380 1196 vestitus
399 1159 568 1193 Graecus.

336 1220 396 1254 Vs.
419 1217 479 1252 56.
530 1214 766 1249 Possidebant
801 1211 926 1244 urbem
960 1207 1160 1242 habitantes
1192 1206 1228 1238 in

237 1272 350 1315 agris,
377 1269 468 1303 villis
485 1264 589 1313 suis.]
613 1265 793 1297 Vivebant
810 1262 903 1294 inter
919 1273 954 1295 se
971 1260 1127 1305 placide,
1155 1258 1229 1291 sine

239 1323 430 1368 cupiditate
445 1317 618 1357 nocendi,
646 1316 736 1350 sicut
751 1313 858 1346 cervi.

340 1380 401 1414 Vs.
420 1379 481 1413 57.
516 1378 620 1412 Nunc
642 1380 725 1409 sunt
746 1368 987 1417 praestantes]
1017 1375 1055 1401 ut
1079 1367 1233 1400 Alcibia-

240 1437 309 1468 des.
362 1431 445 1465 Non
461 1434 566 1462 vocat
582 1422 755 1474 ἀγαθοὺς
772 1423 894 1460 iustos,
922 1422 981 1454 sed
1000 1424 1233 1464 praestantes,

240 1485 454 1521 eminentes,
479 1479 636 1517 nobiles,
662 1476 751 1510 sicut
767 1471 917 1506 Athenis
940 1472 1007 1505 [uit
1021 1470 1234 1508 Alcibiades,

242 1541 295 1573 bet
311 1535 369 1580 bat
384 1535 487 1568 etmass
508 1531 628 1576 gotten.

344 1593 413 1637 Qui
432 1598 550 1625 autem
570 1594 674 1622 antea
693 1587 837 1620 fuerunt
854 1578 1095 1628 praestantes]
1116 1586 1155 1613 ut
1173 1579 1236 1613 Ni-

245 1649 333 1685 cias,
362 1646 419 1687 bat
438 1642 579 1685 &thenis
595 1638 697 1684 nicht&
714 1637 834 1683 gotten.

345 1703 405 1736 Vs.
428 1700 544 1745 585⁶)
583 1696 688 1731 Oculi
716 1695 899 1729 seniorum
929 1688 1237 1724 vehementissime

246 1756 496 1792 offenduntur,
539 1748 683 1795 quando
708 1746 830 1779 vident
850 1754 981 1776 novam
1008 1741 1159 1786 speciem
1185 1740 1238 1771 in-

246 1817 386 1841 currere
419 1804 457 1836 in
488 1805 736 1844 conspectum,
782 1807 872 1841 quae
904 1793 1035 1837 species
1066 1792 1239 1835 significat

248 1856 483 1891 mutationem
504 1863 645 1885 morum
659 1877 667 1890 ,
695 1855 735 1881 ut
753 1848 788 1880 in
807 1848 955 1879 incesso.

347 1915 406 1947 Vs.
422 1912 481 1947 59.
508 1910 699 1954 Decipiunt
714 1909 869 1941 ridentes
885 1911 1007 1937 contra
1027 1915 1062 1936 se
1081 1898 1238 1946 mutum]

249 1968 347 2002 Alter
360 1966 450 1998 ridet
468 1964 504 1996 in
521 1962 665 1996 alterius
682 1958 896 1997 calamitate,
923 1962 962 1989 ut
972 1960 1052 1988 sunt
1072 1950 1239 1998 ἐπιχειρέ-

253 2029 376 2057 κακοι,
412 2016 447 2047 id
473 2021 541 2053 cst,
582 2014 760 2045 laetantur
789 2009 941 2041 aliorum
967 2005 1240 2041 calamimtibus,

253 2075 303 2103 est
322 2068 453 2100 malum
470 2065 608 2097 vitium.
662 2061 835 2095 Diabolus
852 2065 902 2093 est
918 2057 996 2090 talis
1009 2084 1017 2096 ,
1051 2055 1105 2089 cui
1133 2053 1241 2098 gratis

254 2120 358 2153 etiam
380 2118 494 2161 placet
520 2126 666 2153 nocere,
702 2112 763 2145 ubi
784 2111 881 2144 nulla
906 2107 1070 2153 pervenit
1094 2107 1137 2139 ad
1161 2117 1239 2138 eum

253 2170 398 2204 utilitas.
444 2166 596 2200 Perinde
612 2164 712 2202 facit,
740 2169 779 2196 ut
797 2160 907 2194 homo
927 2160 1092 2192 robustus
1111 2167 1242 2199 vagans

256 2233 317 2266 per
345 2220 518 2264 plateam,
554 2223 586 2248 et
610 2215 731 2247 videns
754 2214 916 2246 ludentes
942 2221 1092 2253 pueros,
1129 2214 1162 2240 et
1185 2206 1242 2238 ille

254 2273 471 2316 dispergeret
488 2267 603 2313 pueris
625 2266 805 2298 cerebrum
829 2263 866 2295 in
892 2261 968 2299 via,
1004 2266 1037 2292 ct
1061 2258 1244 2291 conculca-

255 2329 309 2356 ret
325 2321 472 2367 pedIbus
491 2325 554 2352 etc.
606 2316 662 2349 Sic
678 2315 840 2348 diabolus
858 2311 972 2357 perdit
995 2310 1165 2343 miserum
1189 2320 1245 2352 ge—

258 2387 322 2408 nus
340 2371 558 2409 humanum,
580 2374 613 2400 et
628 2364 717 2399 nihil
735 2364 895 2409 pervenit
913 2363 955 2395 ad
973 2374 1053 2395 eum
1071 2359 1245 2398 utilitatis,

259 2426 319 2459 sed
336 2429 475 2456 tantum
494 2420 577 2454 odio
593 2417 659 2451 Dei
679 2423 713 2450 et
733 2416 795 2449 filii
813 2415 879 2448 Dei
902 2413 1004 2453 facit,
1040 2419 1073 2445 et
1096 2410 1164 2444 boc
1188 2411 1246 2443 de-

292 2541 341 2569 54)
360 2537 503 2564 conradus
521 2533 568 2558 111.
589 2538 614 2557 a.
630 2530 704 2555 1140.
723 2530 793 2553 hanc
809 2528 902 2551 urbem
922 2526 1035 2551 obsedit.

294 2583 342 2612 55)
362 2579 391 2603 οὐ
412 2593 441 2596 -—
464 2576 564 2608 νόμους
584 2575 627 2603 τε]
646 2574 685 2596 sic
704 2572 751 2596 Ed.
772 2571 875 2609 ¹²:3⁶⁰*1
895 2570 965 2599 apud
985 2570 1102 2599 Theogn.
1122 2569 1188 2591 haec
1206 2567 1247 2590 le-

328 2616 442 2647 guntur:
471 2611 532 2635 οὔτε
551 2609 627 2635 δίκας
644 2605 748 2640 ᾔδεσαν
767 2611 825 2627 own
847 2611 956 2635 νομους,

295 2658 342 2688 56)
362 2655 509 2686 sequentia
527 2652 651 2682 spectant
670 2649 703 2673 ad
721 2648 803 2671 verba
823 2653 864 2669 vs.
878 2646 936 2669 58.:
963 2645 1087 2674 quisnam
1107 2645 1172 2668 haec
1191 2644 1247 2666 ser.-

330 2693 371 2715 ret
392 2684 566 2719 respiciens?

1268 169 1328 202 bet
1345 168 1448 202 nobis
1471 180 1544 202 esse
1567 167 1824 208 consolationi,
1857 167 1990 201 debetis
2012 165 2081 201 hoc
2105 166 2260 212 cogitare

1270 220 1306 253 in
1326 220 1534 266 quotidiana
1553 219 1769 264 precatione.
1802 218 1878 264 Ego
1893 230 1997 263 saepe
2012 218 2141 262 cogito,
2165 218 2261 264 quia,

1271 272 1299 306 si
1316 279 1454 306 tantum
1473 271 1556 304 odio
1573 271 1636 303 filii
1649 271 1718 304 Dei
1734 270 1836 311 facit,
1864 282 1947 315 ergo
1963 269 2055 303 filius
2069 269 2137 302 Dei
2155 269 2261 302 etiam

1271 336 1335 357 nos
1356 336 1397 357 eo
1415 323 1527 367 magis
1544 322 1711 356 defendit.

1372 382 1433 416 Vs.
1450 383 1510 416 50.
1537 381 1620 420 Non
1636 381 1784 415 scientes
1800 379 2004 414 discrimina
2026 380 2205 414 bonorum
2230 385 2264 412 et

1275 432 1485 480 malorum]
1524 432 1585 466 Illa
1611 439 1662 466 est
1687 432 1829 478 querela
1855 431 2016 465 omnium
2041 437 2264 475 temporum;

1274 486 1333 519 sed
1352 491 1472 518 tamen
1492 484 1560 517 alia
1584 491 1746 528 tempora
1771 488 1854 516 sunt
1877 482 1954 516 aliis
1980 482 2091 525 magis
2114 481 2265 526 placida.

1276 536 1430 581 Quando
1445 542 1564 569 motae
1577 541 1660 570 sunt
1673 534 1905 578 respublicae,
1920 533 2031 567 multa
2048 533 2131 566 vitia
2149 545 2266 566 erum-

1276 595 1383 632 punt,
1412 586 1576 620 homines
1597 586 1715 619 minus
1734 582 1915 618 coherceri
1934 590 2094 629 possunt.
2152 583 2266 618 Disci-

1276 640 1373 683 plina
1392 639 1516 672 melius
1534 637 1668 682 regitur
1686 637 1723 669 in
1738 636 1917 680 republica
1933 641 2072 680 pacata.

1379 698 1537 742 Septimo
1564 697 1621 730 die
1644 696 1722 730 Iulii
1746 701 1945 740 pugnatum
1967 701 2019 728 est
2042 695 2087 727 ad
2112 691 2267 727 Chaero-

1277 749 1459 793 neam57),
1486 755 1520 782 et
1537 747 1644 781 hodie
1659 753 1741 781 sunt
1761 747 1847 780 anni
1866 746 1983 787 1888,
2019 746 2164 790 quando
2187 750 2270 778 sunt

1278 801 1361 834 victi
1371 799 1603 833 Athenienses
1616 811 1747 842 magno
1764 798 1920 842 proelio;
1948 804 2024 831 tum
2043 795 2178 829 dimisit
2187 793 2270 828 Phi-

1277 852 1395 896 lippus
1414 852 1572 895 captivos
1588 851 1662 884 sine
1680 849 1794 894 pretio
1812 849 1867 882 vel
1884 847 2185 892 compensatione,
2205 845 2271 879 suit

1280 904 1487 936 moderatus
1507 903 1543 934 in
1559 902 1622 935 ista
1642 901 1789 934 victoria
1801 927 1810 940 ,
1839 907 1958 933 tamen
1974 899 2048 943 ipse
2067 897 2134 931 fuit
2150 908 2272 941 super-

1280 956 1364 995 bus,
1398 954 1487 988 sicut
1513 966 1587 986 non
1608 959 1725 997 potest
1750 952 1891 996 penitus
1914 950 2085 984 occultari
2108 947 2176 981 hoc
2199 960 2272 980 ma-

1281 1007 1353 1039 lum
1367 1032 1376 1044 ,
1403 1005 1517 1037 voluit
1533 1004 1599 1037 coli
1622 1016 1688 1048 pro
1703 1003 1799 1041 Deo;
1834 1008 1958 1047 postea
1984 1007 2035 1035 cst
2058 1000 2274 1037 interfectus,

1281 1057 1370 1090 vixit
1393 1055 1532 1088 circiter
1562 1061 1728 1089 semestre
1762 1060 1842 1098 post
1871 1053 1975 1087 istam
2011 1050 2199 1084 victoriam
2215 1048 2275 1093 5⁸).

1282 1109 1374 1141 Ante
1393 1105 1525 1140 Clu-isti
1540 1106 1762 1139 nativitatem
1781 1111 1865 1139 sunt
1881 1104 1967 1136 anni
1985 1103 2070 1137 338.

1385 1165 1444 1199 Vs.
1468 1165 1529 1199 61.
1560 1163 1721 1210 ΙἉηὸἑνα
1748 1160 1898 1210 τῶνδε.]
1926 1162 2000 1197 1111.
2026 1163 2277 1205 Praeceptum,

1283 1216 1450 1260 fugienda
1483 1216 1631 1250 societas
1661 1214 1892 1248 factiosorum
1918 1211 2105 1247 hominum
2134 1218 2168 1245 et
2200 1223 2278 1256 per-

1285 1270 1451 1301 fidorum.

1389 1325 1466 1359 Vss.
1483 1327 1528 1359 61
1542 1323 1661 1359 -65,
1688 1325 1877 1358 Neminem
1897 1323 2026 1357 horum
2047 1323 2278 1356 factiosorum

1285 1377 1392 1410 facito
1412 1377 1564 1409 amicum
1583 1388 1624 1408 ex
1641 1376 1781 1415 animo,
1809 1381 1956 1420 propter
1979 1373 2115 1407 nullam
2138 1385 2281 1407 causam

1289 1435 1350 1461 aut
1365 1428 1576 1465 utilitatem,
1603 1428 1663 1459 sed
1680 1427 1832 1460 videaris
1857 1426 2024 1459 omnibus
2048 1424 2169 1468 lingua
2195 1425 2282 1458 ami-

1290 1492 1349 1513 cus
1367 1492 1438 1513 esse
1450 1506 1458 1517 ,
1486 1479 1633 1512 misceas
1649 1479 1832 1522 negotium
1851 1490 1930 1511 cum
1946 1476 2045 1509 nullo
2069 1476 2207 1509 nullum
2232 1488 2283 1510 se-

1290 1529 1417 1578 rium.]
1437 1529 1501 1563 Est
1511 1541 1700 1563 commune
1711 1535 1954 1573 praeceptum,
1971 1528 2068 1573 quod
2084 1533 2136 1560 est
2151 1528 2187 1559 in
2199 1528 2284 1561 scri-

1290 1590 1395 1627 ptura
1411 1581 1441 1601 53
1451 1582 1500 1627 a):
1529 1581 1612 1614 Non
1629 1581 1823 1625 quemlibet
1846 1580 2053 1612 introducas
2069 1579 2106 1610 in
2124 1579 2284 1612 domum³

1290 1632 1430 1668 Adhibe
1454 1633 1551 1676 prius
1575 1632 1897 1665 considerationem
1925 1636 1958 1663 et
1981 1630 2182 1663 cautionem
2197 1656 2206 1669 ,
2240 1641 2284 1661 ne

1291 1684 1484 1728 impliceris
1500 1683 1592 1716 illius
1609 1683 1710 1716 malis
1727 1683 1879 1725 negotiis
1890 1708 1899 1721 ,
1924 1687 1958 1714 et
1974 1687 2012 1713 tu
2028 1681 2134 1714 simul
2149 1692 2285 1724 pereas.

1293 1736 1363 1780 Qui
1384 1741 1479 1768 amat
1498 1734 1695 1778 periculum
1709 1761 1717 1773 ,
1746 1733 1875 1777 peribit
1890 1733 1928 1765 in
1944 1732 2017 1764 illo.
2077 1731 2151 1776 Qui
2173 1731 2286 1774 tangit

1291 1788 1427 1832 picem,
1454 1786 1682 1831 inquinatur,
1709 1782 1949 1828 Salomon59).
1993 1782 2149 1827 Quintus
2166 1782 2288 1816 scribit

1294 1840 1338 1871 ad
1371 1839 1517 1871 fratrem
1554 1836 1761 1869 Ciceronem
1777 1835 1841 1878 60);
1891 1832 2075 1878 ΝΙὲμνησο
2108 1831 2287 1873 ἀπιστεῖν,

1293 1892 1412 1924 ταῦτα
1427 1887 1555 1933 ἄρθρα
1571 1889 1732 1933 φρενῶν.
1791 1885 1881 1918 Illud
1907 1890 2087 1916 memento
2112 1895 2184 1917 esse
2208 1895 2288 1916 ner-

1294 1953 1356 1973 vos
1382 1946 1416 1973 et
1438 1945 1535 1972 artus
1560 1937 1773 1981 sapientiae,
1812 1933 1907 1981 νῆφε
1932 1932 1995 1969 καὶ
2018 1933 2186 1979 μέμνησο
2209 1933 2288 1968 ἀπι-

1295 1992 1413 2031 στεῖν,
1442 1991 1560 2024 ταῦτα
1579 1988 1708 2034 ἄρθρα
1725 1989 1886 2033 φρενῶν.
1928 1984 2075 2019 Sobrius
2094 1991 2168 2018 esto
2181 2012 2190 2024 ,
2215 1997 2290 2017 me·-

1294 2048 1416 2074 mento
1435 2041 1607 2079 diffidere,
1634 2037 1668 2070 bi
1697 2044 1777 2072 sunt
1804 2044 1899 2070 artus
1918 2036 2065 2076 mentis,
2089 2038 2210 2070 ταῦτα
2226 2035 2290 2081 ἄρ-

1294 2093 1373 2138 θρα
1391 2093 1553 2137 φρενῶν.

1386 2141 1665 2175 Franckt'ordifw
1684 2139 1754 2172 vidi
1775 2141 1809 2171 in
1828 2139 1962 2182 pariete
1981 2138 2153 2182 virginem
2172 2144 2291 2171 texen-

1298 2201 1367 2226 tem
1387 2205 1557 2226 coronam
1575 2204 1614 2223 ex
1632 2190 1739 2223 herba
1754 2217 1762 2230 ‚
1791 2203 1898 2235 quam
1915 2202 1998 2223 sane
2017 2202 2185 2223 vocamus
2198 2188 2291 2221 Teu-

1332 2303 1380 2330 5⁷)
1399 2301 1556 2330 Philippus,
1585 2300 1763 2323 Macedonum
1789 2305 1853 2327 rex,
1886 2298 2070 2322 Athenienses
2098 2297 2292 2327 Thebanosque

1368 2337 1403 2360 ad
1422 2335 1610 2360 Chaeroneam
1628 2334 1691 2357 vicit
1710 2340 1733 2357 a.
1748 2334 1805 2357 33⁸.
1825 2339 1850 2357 a.
1865 2333 1928 2357 Chr.
1956 2331 2014 2363 (01.
2030 2331 2090 2362 CX,
2108 2331 2149 2360 ³.)
2174 2332 2292 2362 septimo

1368 2370 1412 2394 die
1430 2368 1531 2393 mensis
1549 2368 1649 2397 Attici,
1674 2367 1716 2398 qui
1737 2366 1933 2397 Metageitnion
1950 2365 2113 2391 nominatur.

1334 2413 1381 2445 58)
1402 2411 1542 2441 Philippus
1559 2416 1584 2434 a.
1598 2411 1657 2434 336.
1677 2416 1702 2435 a.
1722 2411 1785 2434 Chr.
1807 2408 1864 2440 (01.
1883 2409 1955 2439 CXI,
1974 2409 2012 2437 1.)
2031 2414 2048 2432 a
2066 2408 2220 2439 Pausania,
2244 2414 2292 2432 sa-

1370 2447 1486 2471 tellitum
1506 2445 1681 2471 centurione,
1708 2444 1870 2468 interfectus
1890 2445 1941 2466 est.

1334 2490 1408 2518 5822)
1432 2487 1654 2513 Ecclesiasticus
1677 2487 1718 2516 11,
1737 2486 1780 2512 31.

1335 2532 1382 2563 59)
1403 2533 1552 2560 Utrumque
1571 2530 1669 2553 dictum
1690 2529 1792 2559 tegitur
1811 2528 1836 2552 in
1857 2527 2054 2551 Ecclesiastico
2073 2528 2099 2557 3,
2117 2527 2159 2551 27.
2189 2527 2231 2557 ¹³,
2252 2528 2273 2551 1.

1335 2576 1383 2604 60)
1405 2576 1528 2601 sequens
1548 2571 1700 2600 Epicharmi
1721 2576 1818 2593 versus
1839 2575 1890 2592 non
1912 2569 1937 2592 in
1958 2570 1989 2598 Q.
2008 2569 2167 2596 Ciceronis,
2197 2568 2247 2591 sed
2266 2567 2292 2591 in

1371 2609 1406 2631 M.
1427 2606 1569 2629 Ciceronis
1589 2606 1706 2635 epistota
1724 2605 1757 2627 ani
1779 2603 1894 2626 Atticum
1914 2603 1934 2631 1,
1957 2604 1997 2631 19,
2016 2603 2040 2626 8.
2079 2603 2125 2626 Ed.
2146 2601 2232 2627 Oreil.
2252 2602 2294 2625 sic

1371 2642 1488 2669 tegitur:

1396 2674 1478 2706 Νᾱφε
1498 2672 1544 2696 καὶ
1563 2671 1691 2705 ,uisuram-⁴
1712 2669 1851 2696 ἀπιστεῖν·
1884 2669 1976 2702 ἄρθρα
1996 2670 2082 2695 ταῦτα
2103 2669 2154 2695 τᾶν
2173 2668 2294 2702 φρενῶν.
