2341 2973
202 125 276 160 403

205 211 317 244 ciores
350 220 449 247 vere,
490 215 609 241 tamen
640 221 714 241 non
748 207 882 242 habent
913 215 1005 242 certa

207 319 335 346 cuntur
352 309 484 344 habere
504 318 594 344 stata
613 319 788 355 tempora.

203 473 272 499 rat.

207 517 316 550 oculis
340 515 429 559 pulli
447 515 695 554 commissum,
724 521 830 560 atque
856 514 891 547 id
919 515 979 548 ubi
1003 521 1125 559 postea
1151 515 1201 546 vi-

207 569 276 608 dit,
304 566 535 610 praecipitem
555 578 628 599 sese
650 566 692 598 de
710 578 798 609 rupe
817 566 973 606 dedisse,
1002 573 1066 600 etc.

308 617 369 651 Vs.
391 617 474 651 137.
508 617 649 661 Rapiat]
687 617 768 662 quia
796 617 895 650 arida
924 630 1076 663 corpora
1101 616 1203 650 citius
1229 642 1232 662 4

208 670 355 714 rapiunt
370 667 573 701 humorem.

308 720 367 753 Vs.
385 720 469 753 138.
496 720 646 764 Rursus]
673 719 829 764 Quando
848 726 930 753 sunt
951 732 1063 766 equae
1087 719 1204 763 gravi-

208 774 292 813 dae,
316 778 399 805 tunc
415 772 604 815 diligenter
624 772 803 804 curandae
820 777 913 804 sunt.

309 822 370 857 Vs.
391 822 475 857 146.
505 825 567 856 Est
584 819 688 868 lucos]
715 821 768 854 De
789 821 951 862 insectis,
978 832 1070 866 quae
1096 831 1206 865 equos

209 881 386 922 pungunt.

312 925 373 960 Vs.
392 925 476 960 147.
503 925 693 969 Plurimus]
721 923 756 957 id
773 931 842 963 est,
866 923 1020 968 plurima
1040 923 1208 963 volucris,
1232 921 1235 973 <¹
1263 942 1296 969 et
1311 936 1443 970 usitato
1462 936 1608 980 pabulo.

213 978 343 1014 scilicet
363 978 548 1011 insectuin.
655 972 864 1022 Alburnum]
892 975 929 1008 in
946 974 1118 1009 Lucania.

765 122 887 156 PHIL.
924 121 1037 156 MEL.
1072 120 1274 155 SCRIPTA
1308 117 1647 155 PHILOLOGICA.

1043 214 1077 240 et
1106 213 1196 240 stata
1222 220 1225 246 t

206 270 366 305 tempora
393 260 524 299 coitus,
563 267 596 293 et
619 261 686 294 soli
710 261 790 305 equi
812 268 844 293 et
862 259 1025 293 homines
1049 270 1123 291 non
1146 258 1198 290 di·
1224 264 1225 279 ³

842 311 983 342 Laudat
1002 310 1107 344 etiam
1125 309 1198 353 Op-
1224 309 1226 347 ἶ

206 364 332 408 pianus
357 375 486 407 equos,
514 364 610 408 quod
636 363 786 396 incestos
814 367 847 393 et
870 361 1012 395 illicitos
1032 361 1199 394 concubi·
1224 355 1227 369 ³

207 422 260 448 tus
276 414 433 458 fugiant,
462 420 495 447 et
515 415 714 456 exemplum
735 418 862 444 notatu
888 413 1037 456 dignum
1064 423 1200 445 memo-

342 464 438 498 Dicit
462 466 597 508 pullum
627 463 806 508 quendam
831 475 910 496 cum
936 470 1051 497 matre
1075 463 1201 497 clausis
1226 475 1229 483 ³

1231 744 1233 771 3
1259 731 1341 757 sunt
1364 724 1466 756 facile
1489 734 1560 756 una
1579 721 1725 755 versari.

1232 773 1234 806 ἶ
1260 776 1373 809 victus
1397 781 1531 808 taurus.

2173 121 2250 158 404

1351 205 1411 239 Vs.
1431 205 1519 241 209.
1556 208 1624 240 Sed
1657 218 1723 239 non
1750 206 1819 239 ulla
1845 205 1967 251 mayis]
2008 206 2116 240 Aliud
2150 219 2253 252 prae-

1252 263 1414 301 ceptum,
1447 257 1483 289 in
1513 257 1611 289 omni
1644 270 1771 301 genere
1791 259 1967 301 pecudum
1994 258 2208 292 abstinentia
2233 271 2253 292 a

1251 307 1410 346 Venere,
1437 308 1628 340 confirmat
1653 308 1759 344 vires.

1356 358 1417 392 Vs.
1437 357 1523 394 215.
1558 357 1722 406 ridendo]
1750 360 1872 399 idest,
1897 371 1976 392 cum
2000 341 2151 394 videtur.

1358 409 1417 443 Vs.
1437 411 1524 445 220.
1548 408 1623 457 IIIi]
1652 410 1766 444 Tauri
1790 411 1999 443 dimicantes
2024 411 2068 444 de
2093 412 2254 446 iuvenca.

1253 460 1316 494 Est
1342 459 1490 505 pulchra
1523 461 1715 506 descriptio
1748 469 1935 495 taurorum
1965 463 2178 496 certantium
2202 463 2256 496 in-

1227 508 1229 550 ⁴]
1256 519 1309 545 ter
1332 525 1380 546 se.

1360 571 1419 604 YS·
1438 572 1525 607 228.
1554 570 1730 614 Excessit]
1756 579 1821 610 pro
1837 567 1985 601 excedit.

1361 623 1420 656 Ys.
1436 622 1523 658 229.
1557 624 1655 653 Vires
1673 618 1824 662 exercet]
1853 618 1929 651 Hoc
1947 624 1999 652 est
2017 619 2188 652 usitatum
2212 619 2256 652 de

1257 673 1370 706 bobus
1389 672 1582 710 rivalibus,
1610 670 1705 704 scitis
1719 697 1728 710 ,
1758 671 1855 715 quod
1877 670 2058 704 discordes
2076 682 2151 703 non
2176 682 2257 714 pos-

1830 718 1996 768 Exercet]
2021 722 2172 761 scilicet,
2198 722 2256 755 ille

1363 833 1422 867 Vs.
1441 834 1528 869 230.
1556 833 1723 877 lustrato]
1746 832 1780 865 id
1801 839 1870 872 est,
1899 845 1973 865 non
1989 838 2113 866 strato.

1362 883 1422 918 Vs.
1439 885 1524 920 231.
1543 886 1731 918 Fraudibus
1747 885 1908 929 hirsutis]
1925 883 1959 917 id
1979 890 2042 923 est,
2060 896 2135 917 non
2151 884 2260 918 foeno

1715 932 1848 982 Carice]
1877 935 2004 976 Carix,
2029 934 2158 977 Riedt,
2185 948 2260 969 cre-

1234 975 1237 985 .

270 1033 276 1039 1
408 1030 414 1035 ,
747 1027 753 1033 ‚
1234 994 1237 1023 ἶ
1262 988 1327 1021 scit
1344 988 1380 1020 in
1399 988 1486 1021 locis
1507 987 1723 1031 palustribus
1744 994 1776 1020 et
1794 987 1992 1021 uliuinosis.

211 1031 326 1074 Aszlo]
355 1028 472 1062 Asilus
492 1028 645 1067 Graece,
673 1027 801 1060 Latine
820 1033 977 1067 oestrus,
1007 1039 1074 1072 eyn
1092 1028 1210 1059 brem-
1235 1035 1238 1068 ζ
1847 1016 1865 1031 ⁰

1365 1038 1425 1073 Vs.
1442 1039 1529 1074 232.
1558 1041 1600 1072 Et
1620 1035 1744 1085 tentat]
1771 1037 1925 1072 Pulchra
1943 1036 2196 1084 hypotyposis,
2224 1038 2260 1071 id

211 1097 270 1123 SC,
305 1083 342 1114 id
369 1087 439 1120 ‘³⁵1’
473 1080 542 1113 lass
566 1080 621 1112 ‘he
647 1079 812 1123 gr³ffi⁴¹d³¹⁵
835 1090 945 1124 equas
968 1077 1069 1111 nieht
1096 1076 1211 1122 gehen
1235 1071 1239 1129 l;
1265 1096 1334 1130 est,
1363 1091 1465 1124 discit
1480 1102 1612 1134 magno
1630 1090 1767 1133 impetu
1783 1091 1924 1123 vibrare
1943 1102 2091 1124 cornua.

212 1141 318 1168 unter
334 1132 391 1165 die
409 1137 558 1164 oestros.

314 1183 376 1218 Vs.
398 1180 483 1218 152.
511 1181 684 1226 BIonstro]
713 1181 856 1215 Oestro.

313 1235 375 1270 Vs.
394 1234 479 1269 156.
506 1235 586 1270 Sole
613 1230 743 1280 reeens]
779 1233 812 1265 id
837 1239 904 1274 est,
939 1231 1088 1266 meridie
1113 1231 1211 1278 quie-

215 1295 334 1328 scant,
362 1299 468 1321 mane
489 1293 666 1332 quaerant
685 1285 829 1329 pabula.

316 1339 378 1374 Vs.
398 1336 481 1373 157.
510 1341 591 1372 Post
602 1338 754 1381 partum]
783 1336 836 1369 De
853 1335 958 1381 pullis
977 1342 1177 1369 taurorum.

317 1391 379 1426 Vs.
406 1389 491 1425 159.
534 1385 758 1435 submittere]
793 1388 830 1421 id
857 1394 928 1428 est,
964 1387 1142 1421 destinare
1168 1387 1212 1420 ad

216 1443 517 1493 procreationem.

316 1495 377 1530 Vs.
400 1494 485 1529 163.
512 1495 568 1529 Ad
585 1492 750 1536 studium]
782 1491 885 1526 Artes
906 1504 982 1524 non
1004 1498 1087 1525 sunt
1111 1490 1214 1524 abso-

216 1552 312 1585 lutae
348 1553 500 1586 natura,
540 1547 601 1580 scd
637 1556 777 1578 neeesse
812 1550 864 1577 est
895 1544 1062 1576 accedere
1097 1553 1214 1576 assue-

215 1601 408 1636 factionem
421 1625 430 1638 ‚
457 1597 683 1641 disciplinam
701 1602 735 1628 et
751 1595 967 1633 doctrinam,
995 1593 1135 1627 etiamsi
1151 1605 1215 1625 na-

217 1661 298 1688 tura
331 1650 462 1683 indidit
493 1649 671 1693 impetus,
713 1653 833 1679 tamen
866 1646 917 1678 illi
952 1645 1106 1690 impetus
1141 1656 1215 1677 non

218 1710 302 1741 sunt
329 1708 434 1735 artes.

318 1753 379 1787 Vs.
398 1752 483 1787 164.
515 1751 661 1792 Vitulos]
691 1750 811 1787 idest,
839 1748 968 1792 pullos.

319 1805 381 1839 Vs.
399 1803 484 1838 174.
518 1799 670 1848 Interea]
699 1801 735 1833 id
760 1806 832 1840 est,
859 1800 1013 1844 pecudes
1035 1809 1108 1830 non

221 1858 373 1893 alendae
390 1862 530 1888 tantum
549 1853 648 1886 tenui
667 1852 812 1895 pabulo.

322 1907 384 1941 Vs.
411 1904 496 1940 175.
546 1901 683 1951 Vescas]
720 1904 755 1936 id
787 1909 856 1942 est,
899 1901 1088 1946 insipidas;
1132 1912 1216 1933 nam

223 1973 364 1995 vescum
385 1965 455 1997 est,
481 1958 578 2004 quod
597 1969 675 1989 cuin
696 1955 838 1988 fastidio
857 1954 986 1987 editur.

326 2010 386 2044 Vs.
405 2010 489 2043 176.
518 2008 650 2052 Foetae]
678 2007 712 2039 id
732 2013 802 2045 est,
831 2005 1011 2049 gravidae.

325 2061 386 2096 Vs.
406 2061 490 2095 177.
525 2062 625 2095 More
644 2055 798 2105 patrum]
835 2058 870 2091 id
898 2063 970 2096 est,
1003 2055 1094 2089 sicut
1121 2053 1219 2095 prius

224 2124 344 2163 patres
362 2113 569 2154 mulgebant
587 2121 723 2142 vaccas.

325 2165 386 2199 Vs.
408 2164 491 2198 180.
521 2162 679 2196 Flumina
705 2158 826 2205 Pisae]
855 2160 890 2192 id
917 2164 989 2196 cst,
1018 2156 1046 2190 si
1070 2154 1121 2187 vis
1149 2164 1222 2185 ccr-

228 2227 305 2254 tare
320 2217 358 2249 in
374 2214 572 2259 Olympicis
593 2211 860 2245 certaminibus.

329 2266 486 2302 Vs.182.
512 2265 668 2305 Primus]
685 2264 717 2295 id
731 2269 800 2301 est,
820 2260 976 2305 primum
998 2255 1222 2291 assuefacias.

330 2319 391 2353 Vs.
410 2318 495 2352 183.
524 2311 722 2361 Lituosque]
748 2314 783 2347 id
804 2319 875 2353 est,
901 2311 1016 2344 tubas.

328 2371 390 2405 Vs.
410 2368 495 2403 186.
524 2363 685 2412 Plausae]
715 2367 836 2404 idest,
864 2373 1072 2407 percussae,
1099 2359 1136 2392 id
1161 2364 1224 2398 est,

230 2424 350 2460 statim
366 2420 517 2463 incipiat
535 2416 650 2451 adbuc
674 2428 806 2449 recens.

330 2474 392 2507 Vs.
415 2470 500 2506 196.
542 2468 682 2515 Aquilo]
725 2466 826 2500 Scitis
867 2477 939 2498 esse
979 2467 1223 2497 serenatorem

232 2524 327 2559 hunc
347 2530 514 2561 ventum,
543 2527 664 2565 estque
688 2519 828 2562 elegans
855 2514 1090 2560 coinparatiO.

334 2575 395 2610 Vs.
413 2575 500 2610 202.
524 2572 612 2617 Elei]
638 2571 673 2604 id
689 2576 751 2610 est,
775 2569 811 2601 in
831 2566 1084 2601 certaminibus
1101 2563 1226 2608 Olym-

232 2628 332 2674 picis.

334 2678 395 2713 γε.
420 2676 508 2713 204.
544 2673 687 2718 Esseda]
722 2670 789 2705 Die
813 2669 958 2703 kleinen
977 2663 1141 2712 leychten
1156 2663 1228 2697 rol-

235 2741 374 2775 wegen.

1134 1804 1215 1831 sunt
1242 1807 1245 1835 ι
1343 1827 1350 1833 ,

1243 1838 1246 1860 ι
1272 1827 1423 1860 cubitus.

1366 1141 1425 1176 Vs.
1443 1143 1530 1177 233.
1572 1143 1708 1187 Ventos]
1736 1142 1887 1181 scilicet,
1926 1141 2009 1187 quia
2046 1153 2119 1174 non
2154 1138 2263 1174 habet

1237 1218 1238 1221 ,
1268 1200 1567 1227 concertatorem.

1368 1253 1429 1286 Vs.
1457 1253 1544 1288 236.
1580 1249 1761 1299 Oblitum]
1786 1252 1918 1286 scilicet
1943 1250 2074 1296 prioris
2100 1249 2265 1285 certami-

1267 1304 1341 1345 nis,
1370 1305 1426 1338 x‘el
1444 1305 1512 1337 iani
1534 1303 1779 1345 defatigatum.

1369 1355 1430 1389 Vs.
1459 1355 1547 1391 237.
1596 1351 1748 1401 Fluctus]
1796 1352 2061 1397 Amplificatio,
2103 1352 2265 1396 ingentes

1268 1408 1443 1453 procellas
1464 1407 1604 1440 confert
1627 1406 1669 1438 ad
1690 1405 1784 1438 tauri
1803 1405 1990 1449 impetum.

1370 1458 1431 1493 Vs.
1457 1459 1544 1494 238.
1583 1457 1721 1501 Trahit]
1754 1456 1852 1489 Sicut
1876 1455 2023 1494 fluctus,
2058 1452 2121 1499 qui
2145 1465 2265 1488 secum

1269 1523 1309 1544 ex
1327 1510 1419 1543 mari
1436 1522 1606 1553 magnam
1625 1508 1696 1540 vim
1714 1519 1890 1553 aquarum
1910 1504 2033 1539 trahit.

1368 1568 1429 1603 Vs.
1446 1569 1533 1605 242.
1559 1570 1663 1603 Omne
1680 1566 1775 1612 adeo]
1793 1565 1910 1600 Locus
1927 1563 2127 1598 communis
2142 1563 2185 1596 de
2201 1562 2267 1595 im-

1269 1628 1353 1666 petu
1372 1634 1434 1655 seu
1461 1620 1634 1660 stimulis,
1666 1619 1703 1652 in
1728 1619 1895 1652 omnibus
1917 1616 2039 1650 bestiis
2067 1616 2113 1648 ad
2138 1626 2267 1648 concu-

1269 1674 1396 1707 bitum.

1374 1723 1433 1757 Vs,
1451 1722 1537 1758 244.
1561 1721 1672 1771 Idem]
1697 1720 1829 1755 Similis
1847 1727 1898 1754 cst
1915 1721 2016 1754 furor
2034 1719 2071 1751 in
2088 1717 2267 1751 omnihus.

1376 1775 1435 1809 Vs.
1452 1774 1540 1811 245.
1568 1774 1745 1818 Tempore]
1773 1774 1918 1819 quando
1944 1778 1996 1806 cst
2020 1777 2161 1815 tempus
2185 1780 2270 1802 con-

1372 1885 1536 1921 Ys.249.
1565 1887 1639 1919 Heu
1661 1885 1765 1926 male]
1797 1884 1831 1916 id
1861 1889 1930 1923 est,
1963 1882 2065 1915 valde
2093 1879 2270 1925 periculo—

1274 1953 1349 1974 sum
1370 1945 1454 1970 tunc
1471 1938 1586 1970 facere
1606 1938 1672 1969 iter
1690 1941 1838 1980 propter
1854 1934 2026 1970 imputa...
2043 1931 2253 1964 boetiorum.

1375 1987 1436 2018 Ns.
1453 1987 1540 2018 258.
1565 1983 1653 2023 Quid
1673 1975 1816 2025 iuvenis]
1846 1979 1887 2011 de
1908 1976 2128 2011 bominibus.

1379 2044 1438 2078 Vs.
1458 2043 1546 2079 260.
1573 2044 1681 2076 Serus
1700 2040 1810 2084 freta]
1842 2038 1979 2072 Alludit
2004 2038 2048 2070 ad
2081 2034 2271 2071 historiam

1275 2099 1317 2131 de
1336 2096 1517 2134 Leandro,
1541 2093 1601 2139 qui
1619 2092 1743 2125 solitus
1761 2097 1812 2124 cst
1829 2096 1937 2123 noctu
1955 2095 2080 2122 natare
2104 2098 2169 2132 per
2188 2085 2272 2119 Hel-

1276 2151 1477 2193 lespontum
1498 2146 1541 2178 ad
1557 2156 1656 2178 suani
1679 2142 1843 2175 amicam.
1897 2141 1960 2175 Est
1976 2146 2092 2173 autem
2118 2139 2168 2172 ibi
2193 2136 2272 2170 lati-

1277 2203 1363 2234 tudo
1383 2195 1605 2241 Hellesponti
1627 2192 1672 2228 15
1686 2194 1899 2234 stadiorum,
1923 2194 1986 2226 das
2005 2192 2047 2226 ist
2063 2188 2157 2224 noch
2174 2186 2273 2222 nicht

1277 2253 1335 2286 ein
1352 2250 1458 2284 balbe
1477 2248 1590 2293 meyle
1608 2259 1718 2290 wegs.

1379 2300 1439 2335 Vs.
1457 2300 1543 2336 261.
1570 2293 1798 2344 Reclamant]
1821 2296 1856 2330 id
1877 2303 1949 2337 est,
1973 2306 2048 2328 non
2064 2291 2192 2327 metuit
2207 2301 2274 2324 un-

1278 2356 1340 2388 das
1366 2359 1400 2386 et
1418 2351 1613 2397 procellas,
1644 2362 1718 2383 non
1736 2349 1888 2391 cogitat,
1911 2352 2086 2393 quantum
2109 2343 2273 2376 dolorem

1279 2406 1349 2440 sint
1364 2405 1395 2449 ⁹)
1421 2402 1599 2447 accepturi
1619 2407 1796 2446 parentes.

1382 2454 1539 2490 Vs.264.
1568 2450 1717 2500 Lync-es]
1745 2452 1835 2485 Sunt
1852 2450 2022 2495 quiddam
2040 2445 2198 2480 medium
2221 2443 2275 2476 in-

1282 2514 1334 2541 ter
1352 2508 1455 2550 lupos
1475 2514 1508 2539 et
1526 2507 1657 2539 leones.

1385 2558 1444 2593 Vs.
1461 2558 1549 2593 267.
1579 2553 1715 2603 Glauci]
1743 2553 1805 2587 Illa
1824 2559 1875 2586 est
1891 2551 2024 2590 sabula,
2052 2549 2150 2596 quod
2166 2546 2276 2582 Glau-

1283 2623 1342 2644 cus
1359 2611 1498 2655 paverit
1514 2622 1596 2643 suos
1614 2621 1724 2654 equos
1744 2603 1909 2639 humanis
1929 2603 2113 2642 carnibus,
2140 2605 2174 2634 ct
2194 2608 2275 2631 cum

1316 2730 1346 2761 9)
1367 2730 1437 2758 sint]
1457 2730 1505 2754 Ed.
1525 2729 1599 2753 ¹524.
1619 2728 1691 2751 sunt.
