2341 2973
184 116 254 153 135

180 204 324 250 poenis,
357 203 447 238 sicut
479 203 585 237 etiam
609 203 767 238 Ecclesia
802 205 955 238 multum
994 209 1176 237 exercetur
1201 212 1204 230 ¹
1229 205 1395 251 poenae.)

180 256 424 302 praesentibus
451 255 588 300 poenis.
640 256 673 289 A
696 256 855 289 Domino
881 255 1103 294 iudicamur,
1131 265 1177 287 ne

182 321 261 342 cum
288 306 355 341 hoc
371 308 506 340 mundo
532 309 746 341 damnemur
774 314 837 341 etc.
891 306 1027 340 Omnes
1054 317 1178 340 sumus

180 359 419 403 negligentes,
448 359 531 404 quia
554 359 717 392 videmus
743 372 803 393 eos
823 370 897 391 non
921 358 1039 392 subito
1058 355 1179 390 horri—
1204 355 1205 359 ’

182 411 300 443 biliter
323 410 501 454 extingui,
530 410 590 456 qui
617 411 787 444 labuntur
810 417 874 444 etc.
929 409 1026 443 Deus
1059 409 1180 442 differt

181 474 336 507 poenas,
365 468 404 494 nt
428 463 599 495 concedat
618 462 772 506 spatium
793 461 1061 505 poenitentiae,
1090 460 1178 493 alias
1206 478 1207 505 ζ

182 512 271 547 haec
293 519 421 546 natura
440 525 513 546 non
528 520 647 557 posset
670 514 865 552 sustinere,
893 512 920 546 si
937 512 1034 546 Deus
1059 511 1178 545 statim

185 565 383 599 effunderet
410 566 500 597 iram
534 564 571 596 in
594 565 724 608 lapsos.
788 564 886 597 Bene
913 564 1180 597 confirmandus

186 624 237 650 est
254 617 395 649 animus
411 615 588 649 solutione
606 615 706 649 istius
723 617 937 660 argumenti.
991 615 1125 648 Textus
1134 613 1180 658 26)

185 668 289 701 dicit:
319 667 473 700 Puniam
499 667 536 699 in
561 666 704 700 tertiam
734 674 767 700 et
789 674 954 712 quartam
982 666 1183 710 generatio-

185 732 280 753 nem.
333 717 397 752 Est
417 718 529 751 multo
550 718 684 752 tristius
708 719 828 752 videre
854 718 1099 763 posteritatem
1120 729 1183 761 op-

185 769 294 816 primi
312 781 450 813 poena,
479 782 586 815 quam
614 782 680 804 nos
711 770 818 814 ipsos.

289 820 349 855 Vs.
369 821 456 856 732.
485 819 605 867 ἁδεῖν]
634 821 727 866 beifl't
755 821 815 866 offt
842 821 908 866 {att
930 822 1070 856 merben.

289 873 366 906 Vss.
385 873 458 906 733
481 885 557 918 sqq.
612 873 758 906 Utinam
778 875 822 906 sit
841 879 981 917 gratum
1002 871 1080 905 Diis
1105 871 1184 904 illos

189 925 284 969 ipsos
310 924 452 968 puniri,
480 936 555 957 non
579 924 691 965 filios,
728 926 788 958 sed
816 931 978 957 autorem
1003 924 1100 956 luere
1124 923 1183 954 illa

188 977 303 1015 mala,
332 982 366 1008 et
382 976 457 1008 nati
477 988 551 1008 non
569 978 767 1020 penderent
783 977 908 1009 delicta
930 982 1132 1019 parentum.

329 1026 493 1056 Adspiciunt
513 1026 600 1051 oculis
620 1027 713 1056 superi
733 1027 862 1051 mortalia
883 1025 965 1050 iustis
979 1024 1028 1056 ²⁷).

304 1061 367 1095 Est
387 1063 547 1094 doctrina
569 1063 689 1106 legalis
705 1069 739 1095 et
764 1065 974 1095 confirmata
1003 1060 1186 1104 experien-
1212 1067 1214 1091 ἒ

190 1113 249 1146 tia.
303 1112 345 1146 Il.
373 1112 503 1146 Differt
529 1126 682 1157 poenas,
706 1114 788 1158 quia
816 1114 890 1146 vult
908 1124 973 1145 nos
991 1113 1096 1144 fidem
1113 1123 1188 1144 am-

189 1163 296 1208 plecti
315 1164 351 1196 in
369 1165 500 1203 verbO,
529 1165 557 1198 si
577 1172 666 1199 esset
686 1171 824 1198 tantum
855 1163 1087 1208 experientia,
1113 1174 1187 1195 non
1214 1187 1215 1191 ,

456 1216 562 1256 Vult,
598 1223 637 1250 ut
662 1217 729 1261 ipsi
755 1216 957 1250 obedientia
988 1221 1189 1259 praestetur
1214 1211 1216 1237 ἶ

191 1221 279 1249 esset
307 1216 403 1250 fides.

191 1268 227 1299 in
257 1268 337 1301 fide.

347 1318 388 1341 Ah
408 1317 495 1341 miser
514 1319 574 1345 est,
594 1317 616 1341 si
639 1318 700 1349 quis
720 1318 806 1349 primo
827 1317 949 1349 periuria
968 1315 1070 1340 ridet²⁷
1080 1314 1114 1347 8).

293 1352 370 1387 Vss.
399 1352 628 1388 732-756.
684 1354 829 1387 Utinam
862 1354 906 1387 sit
931 1359 1073 1396 gratum
1099 1351 1189 1390 Diis,

191 1403 351 1450 quisquis
385 1405 537 1438 crudelis
572 1405 609 1437 in
640 1413 805 1450 pectore,
851 1405 994 1443 animo,
1045 1402 1190 1442 iniusta,

191 1455 314 1489 odiosa
342 1457 433 1489 facta
452 1456 555 1497 facit,
584 1455 675 1490 nihil
693 1458 827 1491 veritus
843 1456 974 1495 Divos,
1004 1454 1119 1499 ipsum
1140 1453 1190 1485 fa·
1216 1461 1218 1493 ¹,

191 1515 324 1540 ctorem
349 1509 405 1541 vel
430 1514 594 1541 autorem
621 1509 750 1542 deinde
776 1509 894 1548 luere,
923 1514 957 1540 et
976 1519 1049 1539 non
1066 1511 1189 1550 postea

190 1559 303 1603 patris
328 1559 482 1600 iniuria,
510 1559 707 1601 iniustitia,
743 1560 945 1599 temeritas,
974 1558 1066 1590 natis
1092 1558 1191 1590 fieret

190 1611 341 1645 malum.
395 1611 441 1644 Et
467 1612 564 1651 nati,
591 1612 652 1657 qui
678 1612 873 1655 cogitantes
900 1612 942 1643 de
967 1609 1100 1643 iniusto
1129 1620 1191 1653 pa-

192 1669 244 1695 tre
262 1662 353 1696 iusta
371 1663 520 1702 faciunt,
547 1669 644 1696 tuam
664 1664 753 1696 iram
774 1664 951 1701 timentes,
980 1660 1142 1700 reveriti,
1171 1672 1190 1692 a

191 1713 393 1758 principio,
428 1714 600 1747 continuo
632 1715 722 1748 iusta
753 1727 831 1748 cum
859 1714 995 1746 civibus
1018 1718 1190 1750 amantes,
1216 1727 1219 1736 ι

191 1766 328 1798 nullam
347 1766 691 1810 praevaricationem
711 1767 851 1799 luerent
863 1771 1066 1810 parentum.
1095 1763 1191 1795 Haec

193 1817 264 1851 sint
289 1824 387 1860 grata
414 1816 502 1851 Diis.
562 1818 630 1851 Sed
661 1825 893 1862 perpetrans,
926 1816 1057 1849 faciens
1093 1814 1191 1853 talia,

194 1869 337 1912 effugit,
376 1869 548 1909 elabitur,
584 1868 640 1914 (ut
663 1869 765 1914 prior
801 1870 858 1902 illc
882 1867 1114 1913 Dionysius),
1158 1872 1192 1898 et

195 1920 286 1953 alius
311 1920 439 1952 deinde
465 1921 620 1961 malum,
655 1934 809 1966 poenam
836 1920 980 1964 perfert.
1044 1918 1142 1957 Hoc,
1170 1930 1190 1949 o

196 1983 257 2004 rex
273 1970 454 2011 Deorum,
483 1974 666 2018 quomodo
692 1980 743 2006 est
770 1972 927 2006 iustum?
957 1969 1117 2016 quisquis
1137 1969 1192 2001 vir

198 2022 349 2056 existens
379 2030 475 2056 extra
498 2024 629 2058 iniusta
647 2026 760 2064 facta,
787 2037 861 2056 non
880 2022 1015 2056 liabens
1032 2021 1190 2067 aliquam

196 2074 568 2119 praevaricationem,
605 2083 638 2109 et
664 2089 737 2109 non
763 2074 897 2108 habens
923 2075 1093 2108 iniustum
1122 2073 1192 2105 ius-
1217 2073 1218 2092 ³

198 2126 404 2165 iurandum,
426 2127 486 2160 sed
505 2127 654 2161 existens
672 2128 784 2161 iustus
803 2127 960 2172 patiatur
980 2138 1054 2158 non
1075 2122 1191 2157 iusta?

197 2177 287 2222 Quis
316 2175 424 2210 homo
443 2178 569 2210 deinde
594 2179 718 2212 videns
743 2180 786 2211 ad
812 2177 930 2217 inme,
955 2177 1040 2210 velit
1067 2181 1190 2220 postea

197 2229 314 2261 vereri
334 2228 430 2262 Deos
442 2228 457 2262 ’ἔ
487 2236 520 2262 ct
543 2231 683 2275 qualem
706 2228 841 2264 liabens
868 2229 1027 2262 animum
1042 2254 1051 2267 ,
1079 2239 1191 2273 quan-

198 2280 244 2313 do
263 2278 372 2313 homo
401 2280 552 2314 iniustus
576 2287 609 2313 et
633 2282 865 2321 temerarius,
893 2293 1008 2326 neque
1035 2277 1192 2312 hominis

196 2344 312 2377 neque
331 2331 490 2365 Deorum
510 2332 625 2366 vitans
645 2333 754 2373 iram,
783 2333 865 2366 sarit
885 2332 1074 2371 iniuriam,
1103 2329 1192 2363 (livi-

196 2383 254 2416 tiis
289 2389 467 2418 saturatus
481 2411 490 2424 ‚
526 2385 586 2417 sed
619 2384 699 2418 iusti
733 2385 937 2417 cruciantur
971 2382 1091 2416 afflicti
1126 2381 1191 2414 dis-

199 2434 280 2466 ticili
311 2442 533 2479 paupertate.

198 2485 268 2517 rito
291 2486 434 2520 divitias
456 2486 590 2532 (Credo
618 2500 690 2521 csse
709 2488 873 2520 mutilum
893 2486 1011 2519 hocin
1033 2487 1130 2524 loco,
1159 2491 1193 2517 et

199 2548 279 2569 eum
298 2549 516 2584 consequens
535 2540 709 2583 posuisse:
728 2539 866 2572 Tamen
886 2540 1029 2571 tandem
1043 2537 1192 2570 veniunt

233 2648 280 2677 26)
303 2650 388 2673 Exod.
409 2650 458 2679 20,
477 2649 501 2672 5.
530 2649 679 2675 Deuteron.
699 2649 731 2680 5,
749 2649 774 2673 9.

233 2692 281 2719 27)
303 2692 381 2715 orid.
402 2693 509 2717 Metam.
530 2693 602 2722 xm,
622 2693 665 2718 70,

234 2734 304 2763 tra)
326 2735 403 2759 Cous.
424 2736 522 2761 Tibull.
543 2736 563 2766 l,
583 2737 609 2767 9,
628 2736 653 2761 3.
674 2735 751 2765 (vide
771 2741 854 2766 snpra
876 2743 899 2766 p.
914 2736 973 2763 5:⁴9).

759 117 881 152 PI-llL.
917 115 1029 152 MEL.
1070 114 1273 150 SCRIPTA
1308 116 1645 152 PHILOLOGICA.

595 2435 690 2468 Haec
714 2435 944 2468 considerans
969 2436 1056 2468 iuste
1085 2445 1192 2479 quae-
1218 2442 1220 2451 ’

2153 119 2226 155 136

1449 203 1534 237 Inde
1565 204 1728 250 sequitur
1763 201 1991 237 adhortatio:
2030 203 2088 239 Tu
2119 205 2228 250 igitur

1230 257 1320 290 iuste
1355 256 1519 301 quaerito
1551 256 1714 296 divitias,
1757 262 1881 289 tenens
1913 255 2115 290 modestum
2151 258 2228 290 ani-

1230 320 1349 348 mum,
1377 319 1518 352 semper
1548 320 1689 341 memor
1712 305 1843 341 horum
1869 318 2075 341 sermonum
2102 306 2229 353 (restat

1231 359 1425 399 iudicium,
1454 359 1593 393 etiamsi
1619 359 1820 405 differtur);
1846 359 1883 391 in
1900 360 1969 392 fine
1984 359 2147 394 laudabis
2166 361 2228 393 ob-

1232 418 1437 456 temperans
1463 410 1616 455 sapienti
1635 410 1794 444 consilio.

1337 462 1493 496 Gravior
1513 468 1564 496 est
1586 474 1701 506 poena
1727 463 1763 494 in
1788 461 1950 506 posteris.
2005 462 2120 499 manib
2148 462 2227 508 bate

1234 515 1298 550 mol
1327 513 1445 560 geffilt.
1498 513 1712 547 Universale
1739 519 1805 547 est:
1841 513 1987 547 Atrocia
2012 514 2138 548 delicta
2164 526 2230 558 pu-

1234 567 1384 600 niuntur
1413 565 1593 599 atrocibus
1621 565 1758 610 poenis.
1810 565 1973 598 Alterum
1997 566 2103 599 etiam
2125 577 2230 610 saepe

1234 619 1292 658 fit,
1318 619 1414 664 quod
1432 617 1754 661 boni'puniuntur,
1778 623 1817 650 ut
1837 616 2020 658 Socrates,
2047 617 2232 656 Camillus,

1235 670 1320 702 item
1345 670 1457 703 multa
1483 669 1594 702 millia
1618 669 1851 702 innocentum
1870 668 2047 702 infantum
2074 681 2092 702 a
2111 668 2231 701 Turca

1209 721 1505 764 ¹interfectorum
1540 727 1605 755 etc.
1672 720 1909 765 Respondeo:
1953 719 2089 753 Totum
2122 732 2232 764 genus

1236 771 1435 806 humanum
1453 779 1503 806 est
1527 784 1684 805 mersum
1709 773 1746 805 in
1771 778 1956 817 peccatum
1985 771 2155 815 originis,
2182 770 2233 803 illi

1210 830 1211 866 ]
1238 825 1345 857 etiam
1363 822 1496 857 habent
1521 830 1726 868 peccatum,
1754 824 1800 856 ita
1818 822 1988 857 Ecclesia.
2041 822 2232 855 Praeterea

1238 876 1290 908 ira
1313 875 1381 909 Dei
1407 876 1570 909 irritatur
1594 876 1746 920 peccatis
1776 875 1915 920 generis
1946 872 2118 914 humani,
2154 874 2234 907 ideo

1238 928 1336 960 venit
1359 927 1499 968 Turca,
1538 927 1619 960 ideo
1651 927 1779 960 bibunt
1812 927 1918 959 etiam
1953 926 2162 959 innocentes
2195 937 2237 958 ex

1240 977 1309 1012 hoc
1332 979 1482 1023 poculo,
1510 985 1549 1012 ut
1573 985 1625 1013 est
1641 980 1677 1011 in
1694 978 1895 1016 Hieremia;
1923 979 1983 1011 sed
2003 977 2040 1010 in
2056 977 2168 1010 altero
2184 976 2238 1010 iu-

1240 1031 1333 1064 dicio
1361 1031 1422 1063 fiet
1448 1031 1584 1075 integra
1612 1031 1792 1075 separatio
1824 1037 1857 1063 et
1882 1029 2093 1074 glorificatio
2118 1028 2239 1062 Eccle-

1213 1099 1214 1125 g
1241 1082 1333 1121 siae,
1361 1088 1394 1114 et
1421 1088 1494 1114 tota
1525 1082 1717 1115 multitudo
1743 1081 1937 1126 impiorum
1957 1079 2103 1114 habebit
2125 1086 2239 1113 aeter-

1241 1145 1305 1168 nas
1329 1145 1476 1177 poenas.

1344 1184 1405 1218 Vs.
1435 1182 1521 1218 754.
1582 1180 1826 1231 Σωφροσύνη
1846 1181 1919 1230 ²⁸)]
1974 1182 2149 1226 significat
2186 1181 2240 1214 in-

1214 1271 1215 1274 ,
1241 1237 1381 1270 terdum
1401 1237 1674 1280 temperantiam
1689 1263 1697 1276 ,
1725 1242 1764 1268 ut
1781 1235 1817 1267 in
1829 1233 2015 1269 Athenaeo
2032 1240 2083 1267 est
2100 1245 2238 1267 versus:

1293 1294 1367 1330 Καὶ
1391 1294 1460 1342 τὴν
1477 1294 1666 1342 εὐσεβείας
1689 1293 1840 1343 γείτονα
1866 1290 2131 1341 σωφροσύνην.

1215 1382 1216 1397 ,
1242 1354 1280 1388 ld
1308 1362 1377 1395 est,
1415 1355 1652 1399 temperantia
1676 1355 1792 1387 vicina
1821 1353 1956 1397 pietati.
2009 1351 2240 1396 Extinguitur

1215 1445 1217 1449 ¹
1244 1407 1378 1451 agnitio
1397 1406 1463 1439 Dei
1481 1405 1768 1450 intemperantia.
1806 1404 1962 1449 Quando
1980 1404 2140 1436 membra
2157 1409 2241 1437 sunt

1244 1470 1389 1491 accensa
1408 1458 1637 1497 temulentia,
1666 1469 1739 1489 non
1760 1462 1875 1501 potest
1898 1456 2020 1488 efficax
2038 1467 2111 1489 esse
2137 1454 2241 1499 spiri-

1216 1497 1218 1550 Ι
1244 1516 1299 1544 tus
1327 1511 1363 1542 in
1392 1510 1507 1543 nohis.
1569 1509 1659 1545 §man
1695 1509 1740 1552 fot
1770 1509 1837 1543 cine
1863 1507 2032 1552 michterne
2054 1506 2164 1550 stunbe
2188 1516 2240 1541 ne:

1216 1553 1315 1597 'men
1351 1563 1396 1593 ad
1428 1562 1670 1606 precationem
1697 1567 1731 1593 et
1762 1563 1803 1592 ad
1837 1559 2121 1592 meditationem.
2174 1557 2242 1591 Pe-

1216 1610 1218 1647 !
1245 1622 1319 1647 trus
1338 1612 1384 1659 29)
1414 1613 1516 1646 dicit:
1546 1613 1628 1646 Sitis
1649 1612 1759 1646 sobrii
1781 1613 1823 1644 ad
1846 1610 2104 1655 precationem.

1346 1664 1406 1698 Vs.
1425 1663 1511 1698 755.
1565 1662 1700 1710 Ahisffl)
1729 1659 1996 1708 Atteiczvjlur'vog.]
2025 1660 2166 1694 Solutio
2186 1671 2241 1693 ar-

1244 1716 1403 1759 gumenti
1432 1719 1474 1749 de
1502 1716 1747 1760 providentia:
1779 1713 1816 1746 ln
1847 1715 1915 1746 fine
1940 1712 2120 1745 videbitur
2142 1711 2242 1746 cuius

1246 1768 1341 1807 toni,
1370 1769 1405 1801 id
1433 1775 1502 1807 est,
1531 1773 1640 1801 restat
1667 1766 1859 1805 iudicium,
1900 1764 2041 1799 etiamsi
2066 1764 2241 1797 differtur.

1244 1818 1357 1853 Iustus
1387 1820 1492 1852 etiam
1521 1819 1556 1851 in
1575 1825 1690 1851 morte
1707 1830 1768 1851 sua
1784 1823 1924 1861 sperat,
1952 1816 2102 1849 iniustus
2122 1821 2241 1848 autem

1245 1872 1424 1916 punietur.
1480 1869 1720 1915 Salomonffl).

1217 1935 1219 1960 ῠ
1347 1923 1423 1957 Υεε,
1444 1922 1518 1957 757
1539 1935 1616 1968 sqq.
1670 1919 1774 1953 XLII.
1804 1918 1980 1951 Precatio.

1347 1974 1407 2009 Vs.
1431 1972 1517 2008 757.
1572 1970 1683 2019 Ζεὺς]
1714 1985 1730 2003 a
1759 1969 1844 2016 ζῆν,
1880 1969 2012 2002 vivere.
2066 1963 2241 2014 Χρόνιος,

1217 2054 1219 2062 ,
1244 2026 1438 2065 Saturnus,
1467 2039 1484 2057 a
1516 2032 1697 2068 tempore,
1735 2023 1817 2068 quia
1845 2027 1962 2054 motus
1995 2019 2069 2053 eius
2099 2025 2150 2052 est
2170 2025 2243 2051 tar-

1245 2078 1422 2112 dissimus.
1471 2076 1575 2123 ’Ὰρης
1609 2088 1627 2107 a
1651 2075 1792 2107 militia.
1845 2071 1962 2111 ’Πλιος
1995 2084 2014 2105 a
2046 2069 2171 2111 σέλας,
2206 2070 2241 2102 id

1217 2130 1219 2169 ξ
1245 2137 1315 2170 est,
1349 2129 1489 2172 fulgor,
1525 2126 1721 2172 adspiratio
1743 2123 1849 2157 liabet
1877 2125 2034 2169 aliquam
2060 2120 2244 2165 cognatio-

1217 2172 1218 2181 *
1245 2194 1325 2214 nem
1344 2194 1421 2214 cum
1450 2193 1476 2213 s.
1502 2175 1702 2225 Ἀφροδίτη
1726 2178 1768 2209 al)
1789 2173 1926 2222 ἀφρὸς,
1955 2175 1990 2207 id
2011 2180 2074 2214 est,
2101 2185 2242 2217 spuma,

1246 2234 1327 2279 quia
1355 2238 1459 2275 auget
1486 2230 1664 2263 vivificum
1702 2228 1902 2261 humorem.
1966 2226 2168 2259 Mercurius
2196 2224 2240 2257 al)

1245 2280 1455 2331 ἑρμηνεύω,
1494 2295 1646 2326 expono.
1703 2276 1850 2325 Σελήνη
1878 2291 1896 2311 a
1932 2278 2082 2322 fulgore.
2135 2274 2240 2308 Vete-

1246 2349 1300 2370 res
1335 2337 1500 2368 ‹lixerunt
1535 2330 1653 2379 μήνη,
1694 2332 1815 2368 fflionb.
1870 2332 1943 2366 Unb
1974 2325 2075 2374 μήνη
2108 2333 2160 2360 est
2195 2327 2240 2359 ab

1246 2387 1421 2421 Hebraico
1454 2384 1621 2431 Maiiam)
1656 2385 1677 2418 i.
1700 2397 1731 2418 c.
1768 2381 1984 2416 numeravit.
2046 2377 2239 2412 Ordinatio

1281 2490 1328 2521 29)
1349 2488 1486 2514 Theognis
1505 2488 1529 2510 11.
1550 2494 1590 2510 vs.
1614 2492 1666 2510 non
1687 2484 1766 2508 habet
1786 2484 1878 2508 Subst.
1897 2477 2084 2514 σωφροσύνη,
2109 2478 2158 2502 sed
2178 2477 2245 2505 Adi,

1313 2532 1345 2548 ση
1356 2532 1372 2555 ι]
1380 2531 1445 2555 (ww,

1280 2576 1327 2603 29)
1352 2577 1374 2598 ι.
1393 2575 1465 2598 retr.
1485 2574 1518 2604 5,
1536 2573 1561 2596 8.

1280 2628 1326 2656 30)
1348 2625 1429 2655 Alei]
1451 2626 1490 2649 sic
1509 2626 1649 2655 Theogn.;
1670 2622 1716 2646 Ed.
1737 2622 1810 2646 1560.
1828 2616 1890 2645 Ἀεὶ.

1281 2680 1327 2709 31)
1349 2680 1431 2702 rrov.
1456 2679 1505 2706 Η,
1525 2677 1568 2702 32.

1280 2732 1328 2760 32)
1353 2731 1431 2764 2373,
1455 2728 1617 2754 numeravit.
