2421 3005
94 94 170 132 253
523 88 710 125 LXXXIII.

97 183 221 219 brate,
259 191 280 211 o
301 175 478 212 Charites.

100 237 250 278 propter
265 230 372 263 fortia
392 230 498 263 facta.
552 229 700 274 Longae
720 227 894 262 historiae
922 233 1006 261 sunt
1023 226 1110 259 Per-

100 283 153 319 sei
179 284 223 316 de
248 281 400 316 Medusa
426 288 461 315 et
486 281 675 326 Gorgone;
722 281 857 315 multae
882 279 918 312 in
944 279 1110 324 Aegypto

102 335 211 370 urbes
246 334 412 368 conditae
445 340 529 367 sunt
551 331 752 378 Epaphiffi)
788 332 967 366 manibus.
1037 330 1111 365 Nec

100 387 389 433 Hyperionestra
417 386 573 425 erravit,
609 386 684 419 sola
721 385 881 419 retinens
915 385 949 416 in
981 382 1109 426 vagina

102 439 278 484 gladium.
333 436 433 483 (Ant.
454 437 506 483 1.)
535 437 753 471 Diomedem
778 437 896 471 Pallas
922 435 1040 469 Deum
1064 435 1112 467 fe-

104 491 164 525 cit.
217 491 332 524 Terra
350 487 487 524 Thebis
500 490 652 523 fulmine
672 491 760 529 icta,
790 484 1113 533 excepitAmphia-

103 554 209 576 raum
225 542 309 576 belli
335 542 487 580 nubem;
527 549 561 576 et
586 543 726 576 excellit
749 541 919 575 formosis
952 538 1112 573 mulieri-

103 595 171 628 bus
186 594 304 639 Argos
316 620 325 634 ,
354 593 437 639 quia
455 593 593 638 Iupiter
610 595 757 628 veniens
781 595 824 635 ad
841 593 1051 627 Alcmenem
1080 597 1114 623 et

104 645 315 692 Danaenffi)
327 673 337 686 ,
365 644 472 680 huius
488 647 605 680 famae
627 653 733 680 autor
750 652 813 685 est,
838 651 871 678 et
887 644 981 689 patri
998 645 1114 679 Adra-

104 697 151 733 sti
175 697 314 738 Talao,
353 704 388 731 et
412 696 559 744 Lynceo
589 699 687 732 dedit
713 697 927 742 sapientiam
956 703 991 730 et
1013 695 1114 729 insti-

104 750 207 784 tiam.
262 748 343 794 (Ep.
363 750 416 795 1.)
442 750 536 784 Iuvit
556 757 588 784 et
605 751 737 784 bellum
756 747 1035 795 Amphitryonis
1059 746 1115 781 Iu-

105 802 220 847 piter,
262 808 297 835 et
321 802 439 836 socius
463 803 576 836 factus
602 809 653 837 est
677 803 830 846 generis.
899 801 989 835 Cum
1018 800 1113 834 enim

104 853 233 888 ferreis
251 853 361 888 armis
381 854 557 888 destruxit
574 855 771 895 Teleboas,
806 861 893 887 tunc
916 853 948 886 ei
974 851 1117 887 assimi-
1142 849 1143 852 ’

105 906 200 939 latus
218 903 374 950 Iupiter,
401 906 552 939 intravit
575 907 612 939 in
639 907 779 947 aulam,
815 906 969 939 afferens
994 915 1116 939 semen

106 957 330 1002 intrepidum
354 957 542 999 Herculis,
585 958 686 993 cuius
707 971 799 992 uxor
825 958 924 991 Hebe
947 959 984 990 in
1015 957 1115 990 coelo

107 1021 223 1055 prope
248 1015 402 1043 matrem
428 1009 604 1044 Iunonem
628 1011 798 1045 incedens
823 1018 885 1046 est.
952 1010 1044 1055 (Str.
1062 1009 1116 1055 2.)

109 1125 325 1148 enumerare
342 1113 466 1148 omnia
489 1112 660 1155 honesta,
694 1128 786 1161 quae
809 1113 919 1149 habet
942 1114 1117 1158 templum

107 1165 298 1211 Argivum.
350 1165 505 1200 Difficile
521 1173 571 1200 est
589 1174 710 1201 autem
729 1168 904 1202 sustinere
921 1166 1118 1200 fastidium.

109 1217 282 1251 Attamen
307 1219 461 1252 excitato
488 1219 602 1264 lyram
618 1246 626 1259 ,
670 1225 705 1253 et
728 1232 830 1253 sume
858 1231 982 1253 curam
1007 1219 1119 1252 lucta-

110 1281 206 1304 rum.

111 1320 324 1356 sacrificium
341 1320 512 1363 Iunonis,
539 1329 574 1356 et
601 1324 646 1356 ad
671 1324 909 1356 certaminum
932 1322 1120 1362 iudicium,

110 1373 150 1406 in
168 1372 298 1419 quibus
316 1372 434 1407 victor
447 1374 541 1408 filius
562 1373 668 1408 Uliae
678 1374 724 1420 25)
747 1376 838 1409 duas
854 1372 981 1408 habuit
1008 1374 1121 1407 victo-

111 1437 197 1459 rias.

111 1528 212 1564 dedit
237 1528 351 1565 Musis
377 1530 687 1565 concinnandam:

111 1588 167 1616 ter
188 1581 227 1614 in
245 1581 404 1618 Nemeis.

113 1686 222 1720 corde
240 1685 395 1721 afferens
411 1687 623 1727 audaciam,
650 1688 741 1733 petit
762 1700 782 1721 a
809 1695 843 1722 te
873 1686 942 1722 hoc
970 1689 1122 1722 donum.

111 1738 195 1783 (Ep.
213 1736 266 1785 2.)
294 1738 390 1773 Nota
410 1737 487 1772 Deo
508 1751 620 1780 cano,
648 1746 681 1772 et
698 1739 765 1785 ipsi
783 1740 932 1781 victori,
961 1741 1022 1786 qui
1048 1752 1122 1773 cer·
1150 1734 1151 1759 ³

757 1791 872 1825 Habet
900 1798 1019 1825 autem
1039 1791 1121 1825 Pisa
1150 1801 1151 1828 ἕ
1178 1792 1264 1832 tris,
1304 1791 1385 1836 (Ep.
1411 1791 1463 1838 4.)
1500 1793 1595 1825 und·¹
1630 1799 1812 1837 acceptam
1838 1791 2005 1826 Plutonis
2041 1802 2183 1824 saxeam

113 1853 322 1888 supremam
341 1843 506 1877 Herculis
522 1843 657 1888 legem,
692 1849 725 1876 et
746 1856 872 1877 suaves
889 1855 993 1877 voces
1013 1841 1123 1876 Athe—
1150 1858 1152 1867 >

113 1894 295 1929 niensium
315 1907 380 1941 per
400 1895 590 1929 intervalla
610 1896 665 1930 bis
682 1895 818 1929 eumin
844 1895 1028 1930 sacrificiis
1048 1895 1123 1929 Iau·
1150 1893 1152 1924 ἶ

112 1796 167 1824 tat
183 1790 226 1824 de
244 1791 429 1824 cacumine
450 1792 702 1825 certaminum.

114 1947 307 1982 daverunt.

219 1998 305 2034 Fuit
319 2006 438 2035 autem
456 2000 659 2045 praemium
678 1999 870 2041 victoriae,
894 2011 1022 2034 urceus
1048 1997 1124 2043 igni

116 2057 257 2093 coctus,
302 2052 366 2098 qui
397 2052 496 2086 venit
528 2054 573 2087 ad
601 2053 718 2097 Argos
746 2053 841 2086 inter
877 2052 990 2086 multa
1026 2062 1123 2085 vasa.

116 2105 210 2151 (Str.
228 2105 282 2151 5.)
310 2104 482 2151 Sequitur
495 2105 611 2149 gloria
628 2105 867 2139 certaminum
887 2111 1046 2138 vestrum
1066 2115 1124 2148 ge-

116 2169 185 2192 nus
210 2163 438 2197 maternum,
472 2169 545 2191 una
570 2170 651 2192 cum
678 2157 814 2192 Gratiis
840 2164 875 2191 et
899 2155 1124 2202 Tyndaridis

116 2209 337 2255 frequenter.
390 2210 442 2243 Ac
459 2209 588 2253 dignus
609 2222 674 2254 ego
689 2209 884 2250 existimer,
913 2221 988 2242 non
1006 2207 1124 2242 occul-

117 2267 195 2294 tare
211 2261 336 2295 laudes
353 2258 506 2302 horum,
535 2273 615 2296 cum
640 2269 812 2307 cognatus
832 2275 910 2296 sum
931 2258 1122 2307 Thrasycli

118 2319 153 2346 et
177 2312 306 2346 Antiae
329 2313 563 2357 Argivorum.
630 2314 730 2359 Quot
753 2315 848 2348 enim
874 2313 1034 2347 victoriis
1062 2312 1122 2345 illa

189 2444 253 2467 bent
277 2440 503 2472 inscriptionem:
536 2440 637 2473 Θειαίῳ
663 2438 741 2464 παιδὶ
761 2437 876 2465 οὐλιόυ.
909 2439 1066 2473 παλαιστῇ,
1097 2442 1122 2462 et

188 2477 291 2508 Heynii
321 2477 452 2507 interpr.:
490 2476 615 2505 Thiaeo,
652 2474 715 2506 filio
743 2476 825 2500 Uiae
884 2476 1058 2502 [metatui-2⁴5
1095 2476 1123 2497 at

188 2513 272 2536 Editt.
293 2512 429 2539 lmen-kh..
462 2511 563 2542 Bergk.
585 2510 676 2543 Θειιίῳ
692 2507 805 2543 Ἀργείῳ
824 2509 979 2543 παλαιστῇ,
1009 2511 1121 2535 Tleeneo

189 2548 299 2578 Argivo
314 2547 464 2572 luctatori.
546 2564 560 2577 .,

155 2588 203 2621 23)
223 2588 341 2622 Epaphi]
366 2590 408 2614 sic
431 2590 480 2614 Ed.
505 2589 579 2613 1558.
608 2588 655 2621 (=
674 2588 750 2612 Pind.
775 2585 936 2620 Ἐῐιτὶᾳουμ

191 2625 278 2648 male:
304 2626 400 2655 Epavi.

154 2666 203 2699 2⁴)
223 2667 352 2698 Danaen]
371 2668 413 2692 sic
431 2668 481 2692 Ed.
498 2668 592 2697 &584
616 2668 666 2691 Ed.
685 2665 761 2690 1563.
782 2667 912 2689 Danaem.

154 2709 202 2741 25)
223 2710 318 2739 Uliae]
338 2710 380 2735 sic
393 2712 441 2739 (=
453 2710 530 2735 Pind.
550 2707 650 2738 Οὐλία)
665 2710 714 2733 Ed.
728 2710 814 2734 ¹563..
835 2710 867 2734 Η,
884 2709 989 2739 smmi„
1010 2708 1121 2739 Heyne.

191 2746 328 2771 Boeckh.:
354 2745 493 2771 Ed.1558.
515 2746 569 2770 Ulii
590 2747 634 2774 (ut
654 2744 679 2768 in
700 2743 904 2773 insrriptione).

974 2588 1021 2612 Ed.
1046 2586 1119 2610 ¹563.

774 84 1180 124 INTERPRETATIO
1217 85 1500 121 NEMEORUM
1538 85 1747 121 PINDARI.

539 177 652 211 Lucet
674 176 876 211 innumeris
901 174 1108 214 virtutibus,
1136 185 1137 188 ’

276 1269 470 1303 Certamen
497 1282 649 1305 aeneum
674 1269 843 1305 hortatur
867 1271 1044 1316 populum
1074 1270 1119 1303 ad
1145 1275 1148 1285 ¹

258 1423 360 1469 (Ant.
378 1426 434 1474 2.)
463 1425 559 1460 Vicit
580 1433 701 1460 autem
727 1433 761 1461 et
785 1433 944 1461 caeteros
962 1426 1121 1461 Graecos
1147 1430 1149 1445 ³

110 1477 151 1510 in
173 1474 362 1522 Pythone,
403 1485 438 1512 et
463 1479 503 1511 in
526 1475 684 1513 Isthmiis
712 1485 746 1513 et
771 1478 917 1514 Nemeis
945 1491 1119 1512 coronam
1147 1473 1148 1487 ³

732 1538 786 1565 ter
808 1532 846 1564 in
872 1529 1051 1572 Isthmiis‚
1087 1537 1121 1564 et
1148 1526 1149 1552 3

458 1581 492 1616 O
512 1582 668 1628 Iupiter,
701 1583 790 1630 quid
817 1584 972 1629 amplius
996 1581 1121 1628 optet?
1148 1578 1150 1630 ξ
1177 1582 1255 1618 Idas
1273 1584 1317 1616 ad
1336 1582 1522 1617 Castorem
1551 1590 1584 1616 et
1602 1584 1788 1617 Pollucem
1817 1589 2014 1623 venerunt,
2050 1590 2084 1616 et
2108 1594 2182 1614 ma-

112 1633 244 1668 Omnis
267 1634 364 1667 enim
390 1646 572 1670 successus
593 1648 701 1681 penes
727 1642 761 1669 te
785 1643 856 1677 est,
896 1648 962 1670 nec
987 1635 1121 1681 ignavo
1148 1637 1151 1654 4

2093 89 2168 126 254

1164 173 1287 207 Proeti
1311 174 1397 208 urbs
1419 174 1594 220 equestris
1618 174 1741 208 floruit
1766 175 1800 208 iu
1833 174 1999 209 Corinthi
2025 178 2170 219 angulo,

1165 232 1199 258 et
1216 232 1345 271 quater
1361 226 1398 258 in
1416 225 1587 260 Nemeis?
1616 226 1717 271 (Ant.
1738 228 1791 273 5.)
1821 240 1861 261 ex
1880 228 2032 274 Sicyone
2055 227 2171 262 hono-

1165 278 1235 310 rati
1269 278 1447 320 argenteis
1479 276 1610 322 phialis
1643 287 1914 323 processerunt,
1958 293 2000 314 ex
2027 281 2171 314 Pellene

1165 327 1320 363 Achaica
1347 330 1463 363 induti
1488 331 1658 364 mollibus
1684 332 1763 365 filis.
1832 333 1935 366 Aeris
1969 339 2088 366 antem
2114 344 2172 366 co-

1166 382 1262 426 piam
1284 394 1359 415 non
1379 395 1524 428 possum
1546 384 1713 421 recitare3
1743 383 1891 418 maioris
1909 385 2005 417 enim
2031 392 2082 419 est
2107 384 2172 417 otii

1166 446 1380 474 numerare,
1410 435 1496 480 qnid
1515 435 1649 475 Clitor,
1679 443 1713 469 et
1731 436 1869 479 Tegea,
1897 443 1931 469 et
1950 437 2042 469 altae
2067 437 2172 470 urbes

1166 484 1344 520 Achaicae
1379 487 1615 525 donaverint,
1658 495 1692 521 et
1728 494 1905 534 quantum
1938 489 2075 522 dederit
2103 488 2173 533 Ly-

1168 551 1291 572 caeum
1322 540 1416 583 apud
1443 552 1541 572 aram
1569 538 1663 573 Iovis
1687 540 1913 574 vincentibus
1938 552 2111 573 manuum
2141 546 2174 573 et

1167 592 1299 635 pedum
1325 591 1469 626 robore.
1543 591 1623 636 (Ep.
1652 592 1704 637 3.)
1743 592 1833 626 Cum
1858 592 1953 625 enim
1983 591 2111 626 Castor
2141 598 2174 625 et

1141 682 1142 687 ¹
1167 643 1298 676 Pollux
1315 643 1449 676 suerint
1474 641 1633 688 hospites
1657 645 1752 689 apud
1771 642 2006 689 Pamphaen,
2034 643 2175 689 generis

1141 691 1142 741 ζ
1168 696 1220 729 tui
1239 701 1418 734 autorem,
1440 708 1512 728 non
1531 702 1579 729 est
1600 697 1730 729 mirum
1753 697 1905 741 posteris
1924 696 2069 730 insitum
2089 708 2175 736 esse,

1168 754 1207 781 ut
1225 748 1311 780 fiant
1330 747 1414 780 boni
1442 745 1617 785 athletae,
1655 749 1738 794 quia
1759 749 1887 783 Castor
1910 755 1943 782 et
1961 748 2090 782 Pollux
2118 761 2176 781 cu-

1169 801 1288 834 stodes
1308 800 1478 844 Spartae,
1514 813 1592 833 cum
1612 800 1795 835 Mercurio
1822 808 1855 834 et
1873 801 2024 834 Hercule
2050 801 2177 843 guber-

1170 859 1260 885 nant
1276 859 1409 886 sortem
1428 852 1689 892 certaminum,
1715 860 1748 886 et
1766 852 1930 886 convivia
1962 852 2176 886 xictorialia.

1170 903 1284 938 Valde
1303 904 1398 937 enim
1415 910 1541 937 curant
1561 904 1658 939 viros
1678 905 1808 946 iustos,
1838 905 1922 951 quia
1940 903 2100 937 Deorum
2121 916 2176 949 ge-

1171 969 1238 990 nus
1256 957 1358 989 fidele
1377 963 1439 990 est.
1494 956 1587 1003 (Str.
1608 956 1660 1002 4.)
1689 957 1944 991 Permutantes
1960 956 2054 990 enim
2072 956 2179 996 vices,

1144 1049 1145 1052 Ἴ
1173 1009 1325 1042 alterum
1344 1009 1438 1042 diem
1456 1007 1531 1042 lovi
1552 1010 1736 1049 tribuunt,
1766 1011 1918 1043 alterum
1944 1009 1980 1042 in
2005 1009 2179 1053 specubus

107 1061 192 1097 Non
218 1067 270 1095 est
291 1068 411 1095 autem
436 1068 536 1096 tanta
569 1076 648 1097 mea
681 1063 871 1103 facundia,
911 1069 952 1096 ut
981 1062 1116 1107 possim
1144 1079 1146 1097 ι

1173 1068 1290 1094 terrae
1307 1061 1343 1093 in
1362 1061 1456 1095 cavis
1472 1061 1558 1095 locis
1577 1060 1789 1106 Therapnes
1809 1063 1998 1106 degentes,
2025 1061 2177 1095 similem

1145 1133 1147 1151 2
1174 1113 1418 1146 conditionem
1439 1111 1589 1153 habent,
1620 1116 1703 1160 quia
1722 1114 1853 1148 Pollux
1871 1112 1966 1147 hunc
1986 1113 2080 1146 vitae
2102 1125 2179 1146 mo-

1146 1173 1147 1198 Ξ
1173 1166 1259 1199 duni
1290 1166 1410 1210 potius
1443 1166 1567 1210 elegit,

1619 1179 1727 1212 quam
1760 1166 1835 1200 sine
1866 1167 1978 1199 fratre
2011 1165 2049 1198 in
2081 1164 2180 1198 coelo

1175 1217 1327 1263 essem),
1363 1230 1442 1251 cum
1463 1218 1591 1252 Castor
1618 1218 1652 1251 in
1679 1219 1819 1263 proelio
1845 1218 2053 1251 interfectus
2080 1223 2182 1251 esset.

1174 1270 1267 1305 Nam
1294 1269 1372 1303 Idas
1399 1269 1511 1304 iratus
1538 1277 1688 1315 propter
1716 1271 1847 1310 boves,
1885 1269 2091 1303 vulneravit
2123 1281 2181 1302 cu-

1175 1322 1275 1367 spide
1308 1319 1431 1355 hastae
1465 1323 1665 1356 Castorem.
1742 1322 1843 1367 (Ant.
1870 1321 1922 1369 4.)
1959 1322 1989 1354 A
2017 1321 2182 1367 Taygeto

1176 1374 1271 1407 enim
1313 1374 1400 1418 pede
1429 1375 1616 1419 speculans
1655 1374 1744 1408 xidit
1781 1373 1945 1420 Lynceus
1979 1373 2016 1406 in
2052 1380 2182 1407 trunco

1176 1438 1315 1473 querno
1340 1428 1503 1461 sedentes
1529 1426 1714 1460 Castorem
1750 1433 1783 1460 et
1810 1426 2008 1460 Pollucem.
2077 1424 2184 1459 Oculi

1176 1479 1272 1512 enim
1292 1477 1427 1524 Lyncei
1446 1479 1641 1513 acutissimi
1661 1486 1783 1519 erant,
1812 1491 1899 1524 prae
1925 1478 2089 1512 omnium
2118 1475 2182 1510 ho-

1176 1531 1315 1565 minum
1344 1531 1468 1565 oculis.
1523 1531 1765 1565 Velocissimis
1789 1531 1939 1576 pedibus
1961 1529 2126 1576 Lynceus
2150 1535 2184 1562 et

1177 1648 1286 1680 gnum
1308 1647 1398 1680 opus
1417 1636 1537 1668 conati
1556 1642 1638 1669 sunt
1658 1636 1842 1675 celeriter,
1879 1642 1913 1669 et
1935 1635 2059 1679 gravia
2088 1634 2181 1679 passi

1177 1695 1271 1722 sunt.
1341 1687 1427 1720 Mox
1459 1688 1553 1720 enim
1588 1688 1686 1721 venit
1710 1688 1861 1727 Pollux,
1902 1687 2090 1720 interfecto
2118 1685 2183 1719 Ca-

1177 1747 1292 1779 store3
1322 1739 1380 1773 isti
1399 1747 1518 1773 autem
1541 1742 1751 1774 restiterunt
1776 1752 1889 1785 prope
1918 1740 2097 1773 tumulum
2123 1750 2185 1783 pa-

1178 1850 1334 1878 statuam
1356 1844 1584 1888 proiecerunt
1604 1844 1639 1876 in
1666 1851 1787 1888 pectus
1804 1843 1980 1881 Pollucis3
2017 1843 2077 1876 sed
2101 1854 2183 1876 eum

1178 1908 1253 1929 non
1277 1895 1504 1937 colliserunt,
1541 1909 1658 1942 neque
1681 1901 1941 1940 represserunt.
2013 1893 2185 1928 Incitatus

1178 1948 1308 1992 igitur,
1355 1949 1473 1993 adegit
1505 1948 1614 1982 telum
1645 1948 1679 1981 in
1715 1948 1805 1981 latus
1832 1946 1979 1992 Lyncei.
2048 1945 2185 1991 Iupiter

1179 2012 1265 2033 vero
1282 1999 1410 2033 deiecit
1430 2000 1466 2033 in
1482 1999 1581 2033 Idam
1599 2001 1779 2034 sinuosum
1796 1999 1946 2034 fulmen.
1989 1999 2104 2033 Simul
2122 2010 2184 2032 au-

1178 2059 1251 2085 tem
1269 2052 1445 2086 combusti
1463 2059 1546 2086 sunt
1556 2051 1719 2098 Lynceus
1738 2050 1874 2092 etIdas,
1902 2051 2046 2086 deserti.
2082 2050 2183 2084 Adeo

1179 2104 1320 2138 difficile
1338 2111 1389 2138 est
1414 2102 1577 2144 homini,
1613 2116 1773 2148 pugnare
1798 2116 1878 2137 cum
1907 2103 2185 2149 potentioribus.

1179 2155 1271 2202 (Str.
1287 2154 1340 2201 5.)
1376 2155 1548 2190 Celeriter
1583 2162 1702 2189 autem
1731 2156 1859 2190 Pollux
1884 2157 1929 2189 ad
1954 2157 2101 2189 fratrem
2128 2167 2183 2188 re-

1178 2209 1264 2250 diit,
1292 2215 1327 2242 et
1344 2220 1423 2242 eum
1443 2210 1605 2242 nondum
1623 2215 1807 2242 mortuum
1833 2206 2089 2254 deprehendit,
2123 2208 2181 2241 sed

1178 2259 1339 2295 anhelitu
1357 2260 1546 2305 rigentem.
1601 2259 1801 2295 Effundens
1827 2267 1946 2294 autem
1975 2260 2109 2294 calidas
2133 2259 2183 2291 Ia-

1179 2326 1318 2359 crymas
1343 2313 1438 2346 inter
1459 2314 1632 2358 gemitus,
1674 2313 1788 2347 altum
1813 2313 1960 2346 clamat:
2002 2311 2090 2357 Quis
2117 2310 2184 2344 erit

1177 2366 1258 2400 finis
1282 2364 1470 2399 luctuum?
1529 2363 1621 2398 Mihi
1645 2365 1753 2398 etiam
1778 2372 1933 2398 mortem
1961 2364 2123 2408 infligas,
2160 2374 2181 2395 o

1177 2418 1323 2463 Iupiter.
1362 2416 1500 2451 Orbato
1520 2417 1614 2451 enim
1633 2417 1757 2451 amicis
1774 2417 1879 2462 periit
1897 2415 2025 2450 honos.
2070 2414 2181 2448 Pauci

1178 2469 1343 2504 homines
1360 2470 1396 2502 in
1421 2470 1528 2504 rebus
1553 2470 1711 2504 adversis
1737 2469 1856 2502 fideles
1879 2474 1982 2507 sunt,
2010 2467 2110 2511 (Ant.
2127 2464 2182 2512 5.)

1177 2529 1216 2557 ut
1234 2522 1320 2556 socii
1337 2521 1408 2556 sint
1426 2522 1683 2566 periculorum.
1738 2521 1795 2554 Sic
1814 2520 1912 2553 dixit.
1967 2517 2103 2563 Iupiter
2119 2530 2180 2551 au-

1177 2582 1247 2609 tem
1268 2575 1310 2607 ad
1330 2586 1410 2607 eum
1430 2574 1546 2615 venit,
1575 2581 1609 2607 et
1626 2573 1715 2606 dixit
1732 2571 1817 2605 haec
1835 2572 1961 2604 verba:
1995 2571 2051 2603 Tu
2082 2583 2179 2603 meus

1210 2711 1258 2739 26)
1280 2711 1358 2738 esse]
1385 2709 1425 2732 sic
1454 2710 1502 2733 Ed.
1523 2711 1614 2736 1555,
1648 2712 1673 2732 et
1694 2709 1847 2739 interprett.
1869 2709 1899 2732 H.
1924 2709 2035 2739 steph..
2064 2706 2177 2737 Heynfi,

1248 2745 1391 2773 Hoeckhi1'3
1418 2744 1465 2768 Ed.
1488 2744 1560 2768 1563.
1583 2747 1669 2769 esset.
