2421 3005
62 106 135 141 681

524 97 628 133 XCII.
691 94 978 132 ENARRATIO
1015 94 1382 130 COMOEDIARUM
1419 94 1663 130 TERENTH.

2053 96 2128 133 682

477 234 852 272 ENARRATIO
890 232 1357 272 COMOEDIARUM
1394 231 1699 268 TERENTII

658 303 887 333 PHILIPPO
918 301 1259 332 MELANTHONE
1286 300 1538 331 AUCTORE.

805 407 850 442 A.
902 403 1379 452 Prolegomena¹).

400 491 462 526 De
489 493 744 527 comoedia,

170 561 370 597 Comoedia
388 568 439 595 est
456 561 634 606 poematis
651 567 777 594 notum
794 573 918 605 genus,
945 560 981 593 in
999 572 1071 606 quo

63 614 219 650 humiles
243 615 320 647 fere
347 626 525 659 personae
548 613 850 653 introducuntur,
893 613 958 646 etsi
981 612 1074 645 anti-

62 719 131 759 Vel
157 719 346 753 comoedia
382 724 435 752 est
465 717 628 763 privatae
671 716 856 762 civilisque
903 717 1071 749 fortunae
1100 717 1101 754 ξ

1097 523 1100 547 !

1098 562 1101 583 l

1099 637 1101 655 ι

1099 698 1102 708 n

64 772 141 806 sine
157 771 252 804 vitae
271 769 433 815 periculo
463 767 758 814 comprehensio;
795 768 851 800 vel
876 774 927 802 est
951 779 1074 812 specu·
1099 758 1102 820 1

63 824 140 858 lum
157 821 450 861 consuetudinis,
479 821 634 854 imitatio
651 820 768 859 vitae,
796 819 918 864 imago
944 819 1075 852 verita-
1100 824 1103 859 ξ

65 875 122 913 tis.
176 873 282 908 Dicta
303 874 361 907 vel
379 871 453 908 ἀπὸ
472 876 551 909 τῶν
566 875 725 918 κωμῶν,
752 869 821 906 hoc
839 878 910 913 est,
937 884 956 904 a
973 871 1074 912 vicis,

67 927 127 961 vel
153 924 227 962 ἀπὸ
259 928 329 961 τοῦ
360 922 513 970 κώμου,
555 923 624 958 hoc
647 930 718 965 est,
760 936 778 956 a
812 923 1077 957 comessatione

69 984 133 1012 aut
151 979 249 1024 quod
269 977 389 1012 somni
408 983 572 1022 tempore
590 977 644 1023 (id
663 976 759 1009 enim
777 974 819 1010 τὸ
836 979 946 1021 κῶμα
969 976 1078 1019 signi-

67 1031 168 1078 ficat)
188 1036 356 1063 canentes
374 1028 529 1063 divitum
548 1028 699 1062 iniurias
718 1034 975 1062 memorarent.

69 1134 133 1169 De
162 1133 533 1173 comoediarum,
578 1139 864 1178 satyrarum,
908 1144 955 1166 ac
983 1139 1077 1166 tra-

197 1185 465 1231 goediarum
494 1185 614 1220 serie
645 1192 685 1218 et
715 1184 962 1229 principio,

180 1255 348 1289 Alienum
382 1266 458 1287 non
499 1254 587 1294 erit,
630 1266 746 1300 neque
779 1259 922 1297 praeter
967 1252 1079 1285 animi

73 1307 190 1342 nostri
207 1306 444 1347 sententiam,
474 1306 760 1345 comoediarum,
788 1311 1079 1350 satyrarumque,

74 1366 184 1405 atque
217 1358 487 1404 tragoediarum
522 1358 651 1392 seriem
683 1364 717 1390 et
748 1356 967 1401 principium
1000 1357 1079 1389 bre-

73 1411 168 1444 viter
190 1411 336 1444 referre.
391 1410 488 1444 Olim
516 1409 647 1443 sedatis
672 1422 711 1442 ac
737 1408 946 1453 compositis
970 1408 1080 1441 bello-

73 1475 158 1497 rum
176 1462 389 1502 insultibus,
411 1459 650 1495 Athenienses
669 1474 749 1495 cum
771 1463 816 1493 ad
838 1460 947 1493 vitam
975 1472 1079 1505 paca-

74 1514 208 1549 tiorem
226 1526 263 1549 se
282 1513 566 1554 transtulissent,
603 1513 821 1547 domesticae
839 1518 923 1545 tunc
939 1512 976 1545 in
992 1524 1081 1556 pau-

74 1579 180 1613 peres
214 1567 488 1600 insurrexerunt
522 1565 687 1600 iniuriae.
762 1564 815 1597 Ex
851 1576 938 1608 agro
972 1563 1081 1608 igitur

75 1617 292 1652 Atheniensi
313 1617 437 1651 rustici
461 1617 603 1661 saepius
630 1630 650 1650 a
677 1617 848 1650 divitibus
874 1616 1007 1649 iniuria
1032 1616 1081 1648 af-

77 1671 183 1712 fecti,
209 1682 284 1704 sese
304 1669 342 1702 in
358 1669 485 1702 urbem
510 1675 742 1714 receperunt;
779 1670 842 1702 sed
867 1681 945 1701 cum
973 1668 1083 1701 inter—

80 1723 143 1757 diu
161 1722 346 1769 querendo
365 1721 436 1755 suis
452 1721 691 1754 incommodis
709 1720 880 1754 auxilium
899 1727 1083 1764 praestare

79 1787 157 1808 non
176 1780 344 1819 possent,
373 1780 484 1806 noctu
504 1774 602 1807 vicos
628 1773 726 1806 urhis
755 1784 878 1805 omnes
903 1773 1084 1811 obeundo,

83 1826 220 1861 cunctis
237 1825 424 1860 silentibus
449 1826 542 1859 cives
562 1824 778 1858 nominatim
806 1824 1084 1868 compellabant,

83 1885 137 1919 et,
156 1890 245 1924 quas
263 1884 494 1923 paterentur,
523 1877 733 1922 aperiebant
751 1875 902 1909 divitum
922 1876 1086 1915 iniurias,

81 1943 150 1964 nec
164 1942 239 1964 non
257 1930 367 1975 impia
386 1930 479 1962 facta
497 1941 538 1962 ac
553 1929 647 1962 dicta
673 1927 927 1974 propalabant,
988 1927 1085 1960 Haec

84 1995 166 2016 cum
191 1994 297 2027 saepe
316 1981 426 2015 vicini
453 1982 653 2021 audissent,
689 1980 785 2026 quod
811 1986 920 2013 noctu
945 1976 1088 2024 accepe-

84 2039 186 2074 rant,
215 2033 388 2078 postridie
413 2033 508 2067 inter
533 2046 568 2067 se
593 2032 745 2066 invicem
775 2031 1087 2077 colloquebantur.

83 2085 170 2119 Inde
196 2098 271 2118 non
297 2085 467 2118 mediocri
497 2092 573 2118 erat
599 2085 708 2124 vitio,
749 2084 878 2130 quibus
912 2083 1088 2117 eiusmodi

87 2136 325 2172 obiiciebatur
342 2137 571 2170 contumelia.
597 2157 602 2162 ·
626 2137 732 2170 Unde
750 2142 995 2180 opportunum
1022 2136 1089 2169 suit

87 2189 210 2224 multis
226 2189 263 2222 in
282 2189 370 2222 urbe
389 2189 615 2232 potentibus,
641 2195 681 2222 ut
697 2189 769 2222 suis
788 2188 826 2220 iu
845 2187 1019 2231 agricolas
1037 2187 1089 2220 in-

86 2241 190 2276 iuriis
211 2242 360 2275 modum
387 2240 610 2280 invenirent,
653 2241 792 2286 sibique
819 2241 862 2273 ab
895 2239 1090 2272 inserendis

88 2293 317 2328 contumeliis
339 2294 627 2326 moderarentur.
681 2292 852 2326 videntes
870 2292 978 2335 igitur
997 2292 1090 2325 cives

1101 872 1105 892 ι,
1129 855 1361 888 facinoribus.

1103 909 1107 927 1

88 2344 159 2380 hoc
182 2357 256 2379 esse
280 2345 366 2378 utile
394 2344 529 2378 civitati
552 2344 705 2378 iniuriae
729 2345 948 2385 amuletum,
982 2344 1091 2378 iusse-
1116 2355 1117 2358 ’

89 2404 177 2432 runt
195 2397 422 2431 contumeliis
440 2403 655 2441 provocatos
674 2396 711 2430 in
728 2394 908 2429 theatrum
933 2396 1091 2441 prodire,

90 2456 126 2484 et
149 2461 241 2495 quae
267 2456 377 2482 noctu
402 2448 707 2494 proclamassent,
751 2449 939 2482 audaciori
967 2448 1090 2481 animo

90 2501 238 2535 referre.
266 2500 407 2534 Deinde
426 2501 599 2547 quoniam
618 2501 699 2534 talis
716 2500 814 2534 lusus
831 2512 905 2534 non
924 2501 1000 2534 sine
1013 2513 1092 2545 gra-

92 2553 202 2586 vitate
225 2553 380 2597 placuit,
414 2553 567 2587 sancivit
590 2552 744 2597 populus
769 2549 1020 2593 Atheniensis,
1054 2559 1093 2586 ut

91 2604 156 2651 qui
173 2604 317 2650 ingenio
336 2611 580 2650 praestarent,
615 2606 658 2638 de
687 2604 864 2638 eiusmodi
889 2605 995 2639 rebus
1017 2617 1093 2638 car-

132 2747 161 2774 1)
180 2747 256 2771 Haec
275 2746 369 2776 priora
388 2746 588 2778 Protegomena
606 2746 633 2770 in
653 2746 703 2770 Ed.
722 2745 834 2777 Tuhiueg.
858 2747 934 2770 ¹516.
955 2747 1094 2778 teguntur.

1096 513 1099 515 -
1126 492 1224 524 mina
1246 497 1507 536 componerent
1531 497 1639 536 atque
1656 489 1768 522 libere
1790 494 1823 521 et
1840 487 1987 532 impune
2007 489 2132 522 adver-

1127 556 1204 577 sum
1225 556 1330 576 omne
1348 542 1536 576 hominum
1555 554 1665 587 genus
1681 541 1932 586 loquerentur.
1967 540 2133 574 Primum

1127 595 1301 628 Susarion
1330 595 1491 628 versibus
1526 593 1690 627 iambicis
1724 591 1948 626 comoediam
1984 591 2135 625 edidisse

64 679 137 713 qua
156 666 345 701 comoedia
365 666 511 710 grandis
529 672 563 698 et
581 666 738 710 elegans,
767 670 802 697 et
818 671 966 698 venusta
985 670 1073 697 erat·
1100 662 1101 689 i
1127 645 1350 691 perhibetur,
1379 646 1478 679 cuius
1495 658 1579 679 sane
1598 651 1766 690 poemata
1785 644 2004 677 exciderunt.
2043 643 2135 677 Hinc

1128 705 1273 743 sumpto
1300 698 1571 731 comoediarum
1602 696 1750 730 exordio
1785 697 1830 729 ad
1862 693 1950 729 haec
1984 696 2135 740 perscri-

1129 752 1246 784 benda
1272 762 1464 784 numerosa
1492 750 1664 794 paulatim
1691 753 1792 782 aucta
1818 747 1989 781 confluxit
2014 747 2135 780 multi-

1129 804 1216 837 tudo
1230 829 1239 843 ,
1270 815 1360 848 quae
1376 801 1573 845 flagitiosos
1591 799 1756 834 homines
1775 812 1793 832 a
1812 799 1912 833 tetris
1932 799 2135 832 deterrebat

1417 854 1487 888 Sed
1507 865 1582 886 non
1601 853 1715 886 multo
1736 858 1818 897 post
1836 857 1961 896 erupta
1983 863 2138 885 emersa-

1133 919 1202 953 que
1220 904 1410 940 hominum
1428 906 1619 952 iniquitate
1631 932 1639 946 ,
1666 903 1823 938 factiosis
1848 910 1955 949 atque
1973 903 2137 948 tyrannis

1133 959 1169 992 in
1187 960 1275 993 urbe
1295 958 1645 998 convalescentibus,
1675 956 1822 996 divites,
1851 962 1883 988 et
1902 955 2052 999 publicis
2072 952 2137 987 ho-

1103 1043 1106 1047 ,
1132 1011 1282 1045 noribus
1300 1009 1501 1051 honestati,
1530 1010 1567 1042 in
1591 1008 1787 1042 comoediis
1809 1007 1993 1040 nominari
2013 1019 2137 1052 quem-

1134 1076 1263 1110 quam,
1292 1063 1360 1097 nisi
1380 1061 1574 1101 humilem,
1598 1068 1681 1101 aut,
1710 1061 1737 1094 si
1756 1061 1865 1092 modo
1883 1059 2041 1093 sinerent
2061 1058 2137 1103 opi·

1132 1117 1198 1149 bus
1221 1115 1419 1159 insignem,
1448 1122 1629 1153 exterum,
1663 1125 1737 1146 non
1763 1112 1896 1152 civem,
1928 1117 2138 1148 vetuerunn

1133 1175 1170 1201 at
1186 1180 1269 1200 mox
1288 1167 1422 1211 largius
1440 1167 1585 1211 profusa
1607 1165 1777 1198 xitiorum
1795 1164 1936 1197 licentia
1950 1190 1959 1203 ,
1987 1175 2061 1196 non
2081 1174 2138 1196 so-

1132 1220 1207 1253 lum
1242 1219 1480 1259 nominatim,
1521 1219 1582 1252 sed
1606 1230 1650 1250 ne
1683 1217 1886 1260 aenigmate
1923 1222 1957 1248 et
1991 1213 2138 1248 occultis

1133 1271 1295 1306 versibus
1312 1271 1419 1305 scribi
1437 1276 1604 1315 poemata
1623 1269 1827 1302 voluerunt.
1879 1267 1985 1300 Unde
2010 1273 2137 1311 poetae

1135 1331 1195 1357 aut
1226 1324 1263 1356 in
1298 1324 1425 1356 divites
1460 1329 1600 1355 exteros
1635 1327 1697 1354 aut
1727 1321 1763 1353 in
1795 1331 1972 1364 pauperes
2012 1329 2136 1351 omnes

1133 1376 1282 1409 licenter
1298 1387 1373 1422 ‚pro
1399 1388 1461 1409 sua
1488 1374 1636 1407 libidine
1660 1372 1916 1418 loquebantur.

1134 1461 1196 1495 De
1232 1461 1418 1506 triplici
1456 1459 1799 1493 comoediarum
1844 1455 2139 1490 differentia.

1239 1530 1319 1564 Una
1347 1529 1524 1576 siquidem
1552 1528 1738 1561 comoedia
1762 1527 1911 1572 antiqua
1940 1532 2009 1565 est,
2047 1537 2140 1570 quae

1136 1583 1252 1628 prima
1270 1582 1392 1627 palam
1412 1593 1537 1614 omnes
1560 1581 1777 1618 incessebat,
1817 1579 1935 1612 media
1965 1590 2050 1610 vero
2076 1588 2139 1621 per

1137 1635 1361 1679 aenigmata;
1396 1646 1514 1673 nova,
1543 1644 1634 1678 quae
1661 1632 1698 1664 in
1724 1638 1884 1671 exteros,
1919 1637 1981 1663 aut
2007 1640 2142 1667 servos,

1138 1693 1200 1720 aut
1222 1698 1399 1731 pauperes
1425 1682 1675 1718 inxehebatur.
1742 1683 1882 1716 Artifex
1912 1683 2050 1727 priscae
2083 1693 2141 1713 co-

1138 1739 1303 1771 moediae
1324 1745 1358 1771 et
1383 1744 1487 1782 poeta
1514 1736 1663 1779 insignis
1679 1736 1745 1769 fuit
1762 1733 2044 1779 Aristophanes,
2068 1732 2140 1766 Eu-

1138 1791 1232 1835 polis
1260 1797 1293 1822 et
1317 1789 1503 1826 Cratinus3
1539 1788 1679 1820 mediae
1707 1799 1793 1820 vero
1818 1787 1945 1826 Plato,
1980 1797 2055 1817 non
2082 1784 2142 1817 ille

1140 1839 1398 1887 philosophus,
1433 1848 1466 1874 et
1483 1838 1735 1877 Pherecrates;
1771 1838 1897 1872 tertiae
1922 1843 2041 1870 autem
2064 1835 2141 1869 Me-

1140 1895 1299 1933 nander,
1327 1891 1520 1926 Philemon
1543 1898 1577 1925 et
1591 1889 1796 1924 Philistion.
1853 1889 2042 1923 Caeterum
2070 1888 2144 1932 pri-

1141 1959 1238 1979 mam
1265 1945 1490 1979 comoediam
1527 1945 1571 1976 ad
1595 1943 1814 1987 Eupolidem
1846 1954 1959 1988 usque
1994 1940 2141 1986 quidam

1143 2004 1306 2032 asserunt
1325 1998 1548 2042 pervenisse,
1579 2009 1684 2041 quem
1707 1995 1751 2027 ob
1768 1994 1903 2038 Baptas
1929 1993 1965 2026 in
1984 1992 2142 2026 Alcibia-

1143 2052 1245 2091 dem,
1272 2062 1453 2084 summum
1477 2046 1748 2083 Atheniensium
1766 2047 2037 2090 imperatorem,
2065 2056 2145 2089 per-

1142 2102 1282 2136 strictas
1313 2099 1614 2146 comprehensum
1642 2106 1675 2132 et
1701 2099 1890 2133 sublimem
1925 2104 2069 2141 raptum
2107 2095 2144 2128 in

1143 2155 1289 2200 pelagus
1305 2154 1544 2199 praecipitare
1562 2151 1735 2185 militibus
1753 2151 1824 2185 suis
1843 2149 2031 2183 mandavit
2048 2147 2144 2182 Alci-

1143 2207 1287 2247 biades,
1328 2207 1424 2239 unde
1458 2205 1605 2251 quidam
1636 2204 1797 2237 referunt
1821 2203 1938 2247 ipsum
1964 2201 2026 2234 diu
2051 2200 2145 2232 inter

1144 2259 1270 2292 fluctus
1286 2259 1502 2302 naufragum
1521 2257 1684 2290 evasisse.
1739 2255 1809 2289 Sed
1826 2261 1947 2299 postea
1974 2251 2144 2296 reipubli-

1146 2323 1205 2344 cae
1223 2310 1338 2343 edIcto
1357 2310 1560 2344 Alcibiades
1580 2308 1708 2348 edixit,
1737 2320 1781 2340 ne
1799 2307 1878 2353 quis
1888 2303 2143 2338 Atheniensem

1145 2364 1183 2396 in
1220 2362 1406 2395 comoedia
1438 2362 1640 2394 incesseret.
1712 2360 1887 2405 Tuncque
1914 2356 2145 2401 Eupolidem,

1146 2414 1355 2454 Cratinum,
1380 2411 1652 2453 Pherecratem,
1675 2412 1865 2446 Platonem
1883 2416 1989 2454 atque
2006 2407 2143 2440 Aristo-

1145 2466 1302 2512 phanem
1340 2467 1437 2500 iocos
1470 2467 1645 2512 quosdam
1687 2464 1868 2496 involutos
1914 2461 1950 2492 iu
1983 2457 2147 2505 quemvis

1147 2525 1378 2565 pertentasse.
1438 2517 1547 2564 quue
1572 2517 1768 2551 secundum
1795 2512 2064 2548 comoediarum
2090 2522 2148 2553 ge-

1146 2584 1214 2606 nus
1231 2570 1474 2616 appellatum,
1503 2570 1599 2615 quod
1624 2568 1761 2602 tamdiu
1788 2565 1920 2610 viguit,
1957 2564 2076 2609 quoad
2102 2573 2147 2594 ne

1149 2625 1298 2658 obscure
1319 2623 1463 2669 quidem
1488 2620 1682 2667 perstringi
1703 2619 1815 2652 civem
1842 2617 2000 2651 voluere.
2054 2614 2147 2648 Nam

1120 2689 1122 2725 ᾗ
1148 2683 1230 2722 post
1245 2676 1282 2709 in
1301 2672 1455 2708 humiles
1473 2681 1507 2707 et
1531 2680 1710 2707 extremae
1735 2671 1841 2705 sortis
1864 2667 2052 2706 homines,
2088 2670 2150 2697 aut

1120 2729 1186 2762 'in
1223 2728 1465 2773 cuiuscunque
1503 2725 1641 2770 generis
1679 2731 1818 2758 exteros
1854 2719 2017 2756 conversi
2054 2723 2148 2752 sunt.
