2421 3005
65 102 137 137 621
379 99 467 135 XCI.

64 188 137 220 line
164 185 377 221 exhortante
402 188 592 228 Paridem,
628 200 668 221 ac
694 188 802 221 telum
827 189 1004 232 dirigente
1032 187 1070 220 in

64 237 252 273 Achillem.

94 321 155 357 Vs.
173 321 261 357 617.
302 325 359 357 At
387 323 523 363 vivit,
566 329 712 356 totum
744 336 859 369 quae
889 317 1035 368 gloria

352 374 586 419 compleat
615 376 784 410 orbem.

168 441 269 476 Alius
297 442 396 477 locus
428 443 632 478 communis
662 445 707 477 de
742 443 878 489 gloria,
926 449 1072 488 praeter

65 505 175 540 quam
193 493 314 527 omnia
339 494 376 527 in
405 492 473 528 hoc
497 496 636 528 mundo
661 502 745 530 sunt
770 496 914 529 caduca.
974 494 1073 527 Haec

65 545 161 579 enim
184 545 259 579 sola
288 552 339 580 est
362 545 598 586 immortalis;
644 555 784 581 caetera
814 559 900 581 vero
935 547 1071 586 omnia,

521 99 809 135 ENARRATIO
848 99 977 134 LIBRI
1005 99 1096 135 XIII.
1133 100 1618 138 METAMORPHOSEON
1654 103 1815 140 OVIDII.

2054 109 2131 144 622

1174 190 1269 222 Haec
1284 189 1336 222 illi
1354 201 1516 222 mensura
1535 191 1606 223 viro
1627 195 1821 233 respondet,
1851 198 1883 226 et
1901 193 2019 238 luteos)
2039 200 2089 228 est

1176 241 1250 273 Pur
1265 241 1348 280 fibi,
1366 241 1482 274 Pelide
1492 241 1543 287 2),
1575 254 1634 275 nec·
1653 245 1774 277 inania
1795 247 1947 278 Tartara
1965 248 2080 280 sentit.

1186 332 1354 368 Vs.628.
1390 334 1648 368 Arbitrium
1678 336 1778 370 litis
1806 339 1996 372 traiecit
2024 339 2069 372 in

1545 399 1713 422 omnes.

1229 451 1457 498 Exemplum,
1481 467 1552 500 quo
1571 456 1817 491 admonentur
1833 457 2025 502 principes,
2042 472 2132 505 quo-

1127 504 1236 537 modo
1256 505 1293 537 in
1319 506 1489 549 gravibus
1513 513 1548 540 et
1571 507 1705 542 odiosis
1728 510 1984 544 controversiis
2010 523 2045 544 se
2072 524 2131 556 ge—

1096 586 1100 608 1
1126 567 1204 588 rere
1228 557 1404 597 debeant,
1449 565 1488 591 ut
1513 558 1689 592 invidiam
1714 566 1748 593 et
1775 561 1992 596 offensiones
2025 563 2131 596 decli-

65 597 298 643 quantumvis
313 610 465 642 magna,
492 599 687 634 intereunt·
737 600 829 633 Sunt
845 599 956 641 igitur
971 598 1072 642 digni
1096 609 1099 642 i
1127 614 1230 640 nent:
1264 620 1396 653 nempe
1413 609 1481 649 ita,
1510 617 1550 643 ut
1574 611 1735 655 legitimo
1760 612 1894 646 iudicio
1921 620 2132 648 controver-

64 649 320 682 observatione
340 647 377 683 hi
399 663 522 684 versus
543 651 637 695 (Vss.
658 650 926 695 615—619.):

115 711 189 743 Iam
205 712 295 743 cinis
312 717 381 751 esi,
409 717 440 745 ei
459 713 498 745 de
514 717 585 745 sam
602 724 725 755 muqno
743 717 847 745 resisti
866 711 1000 744 Achille

485 827 620 848 urnam.

114 866 162 897 At
179 866 277 904 rivis,
305 871 409 900 totum
426 879 510 912 quae
523 868 635 911 gloria
650 867 811 909 compleat
830 866 952 899 orbem.

1126 659 1195 693 sias
1212 659 1464 694 diiudicandas
1483 663 1716 706 permittant,
1751 677 1817 698 nec
1842 666 2032 700 arbitrium
2055 666 2128 701 litis

1097 744 1099 747 .
1125 711 1192 745 sibi
1218 711 1415 746 vindicent.

114 763 238 795 Nescio
272 764 372 807 (scald,
413 776 557 806 puri-am
589 766 675 808 quod
703 775 769 796 non
801 764 882 796 bene
910 756 1099 805 compleat}

1159 841 1190 874 2)
1212 842 1282 866 haec
1300 854 1334 858 —-
1353 841 1409 866 tibi
1429 840 1539 874 Peliae]
1560 842 1600 866 sic
1618 843 1704 868 Editt.
1725 844 1819 869 ¹555..
1852 845 1945 877 155⁹.;
1977 847 2057 872 Ovid.
2083 847 2134 873 Ed.

1197 877 1306 900 Mitsch.
1325 877 1382 902 hac
1399 890 1434 894 -
1451 877 1509 902 sibe·
1526 877 1650 903 Pelides.

597 993 652 1026 ln
692 993 901 1027 librum
931 991 1021 1026 Xlll.
1059 989 1610 1035 Metamorphoseon.

205 1087 460 1122 Contentio
488 1089 644 1122 Aiacis
673 1095 714 1121 ct
742 1087 938 1133 Ulyssis.

116 1155 178 1190 Vs.
200 1158 232 1190 1.
264 1158 450 1191 Consedere
465 1159 564 1191 duces
578 1163 611 1191 et
627 1158 717 1201 eulyi
735 1162 847 1190 stante
863 1168 998 1190 corona.

169 1215 290 1250 Aiacis
309 1216 490 1261 etUlyssis
508 1217 692 1250 contentio
712 1218 755 1250 de
770 1216 900 1256 armis,
929 1221 1073 1260 sumpta

66 1274 119 1302 est
135 1280 178 1301 ex
191 1267 378 1313 Euripidis
394 1268 551 1307 Helena;
581 1269 631 1302 ibi
652 1269 748 1302 enim
768 1270 807 1302 fit
831 1269 907 1302 eius
935 1267 1072 1301 mentio
1100 1283 1103 1306 2

66 1333 85 1352 a
121 1319 265 1353 Teucro
302 1327 611 1354 commemorante
645 1333 765 1355 casum
800 1321 856 1355 sui
888 1320 1010 1353 fratris
1029 1319 1073 1365 ³).
1100 1340 1103 1353 ;

65 1372 117 1405 Ac
134 1371 279 1405 videtur
295 1373 444 1406 conficta
461 1374 507 1405 ad
530 1372 819 1406 imminuendam
839 1384 966 1405 eorum
996 1371 1074 1415 opi·
1100 1384 1103 1412 ξ

65 1422 228 1462 nionem,
254 1424 317 1468 qui
336 1424 561 1457 arbitrantur
576 1424 713 1457 nullam
733 1437 807 1458 esse
823 1425 992 1457 virtutem
1012 1424 1073 1456 ad·
1100 1453 1102 1455 .

66 1474 261 1508 miratione
286 1481 320 1508 et
343 1472 483 1508 honore
510 1475 678 1520 dignam,
721 1477 790 1510 nisi
819 1476 1070 1509 fortitudinem

66 1526 287 1561 decertandi.
347 1527 455 1560 Multi
484 1527 579 1560 enim
611 1528 660 1562 sic
686 1526 821 1561 hahent
847 1540 1073 1572 persuasum,

65 1578 259 1612 bellatores
285 1579 498 1612 antecellere
525 1579 694 1614 omnibus
714 1578 906 1614 hominum
936 1579 1073 1612 ordini-

66 1630 155 1670 bus,
183 1630 370 1676 magisque
387 1631 608 1665 necessarios
627 1644 701 1666 esse
716 1632 938 1676 reipublicae
961 1644 1070 1677 quam

66 1682 165 1716 viros
181 1681 387 1727 eloquentia
400 1709 409 1722 ,
439 1683 589 1716 consilio
609 1690 643 1716 et
660 1684 864 1717 eruditione
885 1689 1072 1728 praestan-

65 1740 129 1768 tes.
197 1733 273 1768 Nec
304 1733 454 1768 dubium
491 1741 543 1768 est
572 1735 750 1779 plurimos
785 1735 871 1768 olim
904 1735 1012 1769 fuisse
1039 1741 1073 1768 et

63 1783 218 1819 Athenis
236 1792 270 1819 et
286 1785 427 1819 Romae
453 1784 519 1819 hac
545 1787 719 1831 opinione
744 1787 906 1826 inflatos,
933 1786 995 1832 qui
1014 1799 1072 1819 oc—

65 1837 248 1872 casionem
264 1835 349 1871 huic
371 1839 544 1882 figmento
571 1839 816 1883 praebuerint.
878 1838 1073 1871 Tractatur

64 1889 174 1934 igitur
192 1887 259 1923 hac
276 1891 508 1924 contentione
526 1891 625 1924 locus
643 1890 866 1930 communis,
895 1903 1000 1936 quem
1015 1889 1072 1923 Ci-

65 1953 148 1975 cero
176 1948 308 1975 tractat
331 1941 418 1977 inl.
447 1942 682 1982 Officiorum,
727 1943 789 1976 ubi
825 1943 985 1987 disputat
1015 1954 1071 1976 res

63 1993 224 2028 urbanas
240 1994 522 2039 praestantiores
539 2007 612 2029 esse
629 1994 787 2035 bellicis,
826 2008 904 2028 cum
932 1994 1069 2039 inquit:

66 2044 207 2080 Cedant
223 2058 323 2079 arma
342 2053 467 2092 togae,
495 2048 669 2081 concedat
688 2047 811 2081 laurea
829 2047 974 2091 linguae
984 2046 1028 2093 ⁴²).

169 2096 238 2132 Sed
270 2097 423 2133 Ovidius
454 2099 561 2144 longe
595 2099 769 2133 illustrius
800 2110 909 2145 quam
943 2098 1068 2132 Cicero

64 2146 162 2183 huuc
192 2150 311 2184 locum
346 2150 499 2196 explicat
523 2163 732 2196 proponens
757 2152 802 2185 ob
833 2151 954 2184 oculos
980 2152 1069 2184 duo-

62 2213 145 2235 rum
161 2201 367 2247 principum
388 2203 678 2244 contentionem,
707 2215 864 2250 quorum
884 2203 974 2236 alter
992 2203 1068 2235 ani-

62 2253 113 2285 mi
130 2259 165 2286 et
180 2254 344 2299 corporis
360 2255 519 2296 viribus,
546 2255 637 2288 alter
660 2256 865 2302 eloquentia
893 2262 926 2289 et
953 2255 1068 2289 consi-

64 2304 115 2338 lio
143 2306 301 2339 excellit:
342 2308 513 2353 quodque
539 2307 729 2340 mirificam
761 2305 870 2341 habet
901 2307 1068 2352 gratiam,

62 2356 208 2404 utrique
238 2370 416 2403 personae
448 2359 587 2404 affingit
610 2371 678 2404 pro
703 2360 834 2393 decoro
861 2359 1066 2393 orationem

62 2415 186 2454 aptam
212 2416 247 2443 et
268 2411 431 2445 moribus
456 2411 743 2446 convenientem.
802 2411 923 2446 Aiacis
948 2411 1065 2445 oratio

62 2467 115 2494 est
140 2461 328 2503 militaris,
371 2463 541 2504 incitata,
578 2463 684 2508 plena
711 2464 923 2505 iactantiae,
958 2464 1065 2509 plena

60 2511 341 2557 indignationis3
376 2522 521 2549 econtra
541 2515 680 2561 Ulyssis
705 2516 823 2549 oratio
847 2522 898 2550 est
924 2517 1064 2549 urbana

62 2570 97 2598 et
121 2565 298 2607 oratoria,
343 2574 375 2600 et
400 2569 675 2614 quodammodo
701 2568 808 2601 etiam
832 2568 1063 2602 x'eteratoria.

94 2688 126 2720 3)
145 2688 239 2719 Eurip.
260 2688 367 2713 Helena
385 2695 411 2712 v.
431 2689 490 2715 101.
510 2689 559 2713 Ed.
576 2689 695 2714 Barnes.

94 2739 125 2770 4)
145 2740 201 2766 Cic.
222 2740 256 2765 de
275 2740 353 2765 Offic.
368 2741 389 2772 l,
407 2740 452 2771 22,
471 2740 514 2766 77.

1130 1085 1190 1118 llle
1208 1085 1303 1118 enim
1323 1086 1556 1126 iactatorem,
1585 1084 1642 1120 hic
1662 1087 1911 1121 simulatorem
1939 1090 2068 1130 refert,
2101 1097 2135 1124 et

1130 1149 1237 1184 quam
1266 1138 1326 1171 ille
1351 1138 1570 1179 insolenter,
1616 1145 1689 1172 tam
1719 1141 1880 1174 modeste
1903 1138 1961 1174 hic
1988 1154 2133 1176 causam

1129 1202 1229 1224 suam
1249 1189 1333 1234 agit.
1389 1191 1528 1223 Ambae
1553 1203 1639 1223 vero
1667 1192 1851 1226 orationes
1876 1193 2059 1237 pertinent
2086 1195 2133 1227 ad

1129 1248 1261 1275 statum
1292 1241 1553 1281 iuridicialem3
1596 1250 1647 1277 est
1681 1243 1777 1277 enim
1809 1245 2027 1289 disputatio,
2060 1247 2135 1280 utri

1100 1309 1103 1320 ι
1129 1293 1206 1327 iure
1232 1294 1434 1328 debeantur
1460 1306 1572 1329 arma.
1642 1295 1711 1329 Sed
1741 1296 1913 1343 utrinque
1941 1305 2136 1332 sumuntur

1130 1352 1341 1389 argumenta
1361 1358 1380 1378 a
1407 1358 1584 1390 persona,
1617 1347 1717 1382 cuius
1743 1348 1898 1393 dignitas
1923 1350 2066 1383 ducitur
2093 1362 2136 1384 ex

1129 1409 1258 1441 genere
1276 1398 1564 1432 demonstrativo
1577 1426 1586 1439 ,
1614 1411 1633 1432 a
1650 1400 1840 1434 nobilitate
1859 1408 2052 1446 parentum
2065 1429 2073 1443 ,
2101 1408 2137 1436 et

1100 1469 1101 1474 =
1129 1450 1378 1494 magnitudine
1394 1462 1516 1484 rerum
1536 1458 1730 1496 gestarum.

1232 1510 1324 1543 Aiax
1340 1522 1407 1555 pro
1428 1512 1560 1545 decoro
1580 1513 1729 1546 militari
1747 1513 1861 1547 utitur
1884 1513 2033 1548 exordio
2060 1514 2135 1547 acri

1129 1568 1163 1594 et
1179 1561 1348 1607 abrupto.
1404 1562 1558 1597 Orditur
1582 1572 1701 1598 autem
1722 1577 1739 1598 a
1756 1577 1796 1598 re
1813 1565 2012 1610 praesenti;
2047 1578 2133 1599 nam

1129 1626 1208 1647 cum
1245 1627 1287 1648 eo
1316 1614 1353 1646 in
1385 1615 1466 1648 loco
1499 1628 1604 1650 causa
1631 1624 1817 1662 ageretur,
1853 1619 1948 1651 unde
1973 1618 2135 1663 conspici

1128 1673 1248 1709 posset
1265 1666 1385 1700 classis
1401 1666 1646 1710 Graecorum,
1683 1682 1792 1715 quam
1819 1670 1928 1714 paulo
1957 1677 2039 1704 ante
2069 1683 2134 1704 sua

1131 1716 1261 1750 virtute
1278 1725 1504 1759 servaverat,
1542 1719 1671 1764 arripit
1695 1720 1779 1754 hinc
1802 1723 2011 1763 exordium,
2050 1735 2136 1756 con-

1129 1781 1284 1814 querens
1298 1767 1392 1802 nihil
1409 1782 1483 1804 esse
1502 1770 1706 1815 indignius,
1733 1785 1842 1818 quam
1868 1785 1910 1806 eo
1934 1774 2035 1814 loco,
2072 1774 2135 1807 ubi

1128 1820 1265 1854 nonita
1285 1821 1425 1865 pridem
1445 1823 1521 1867 ipse
1539 1824 1702 1857 omnium
1722 1825 1917 1858 fortissime
1940 1833 2137 1869 pugnasset

1129 1885 1170 1905 ac
1184 1873 1333 1906 classem
1351 1874 1396 1906 ab
1414 1874 1554 1919 impetu
1571 1881 1605 1908 et
1622 1875 1789 1909 incendio
1810 1874 1933 1910 hostili
1957 1878 2135 1912 defendis-

1127 1931 1199 1965 set,
1225 1924 1374 1958 nuncin
1398 1927 1549 1960 dubium
1575 1928 1697 1961 vocari
1723 1940 1825 1962 suam
1852 1929 2044 1969 virtutem,
2081 1942 2135 1964 se-

1127 1989 1196 2022 que
1217 1977 1374 2010 conferri
1395 1990 1475 2011 cum
1494 1979 1643 2024 Ulysse,
1670 1978 1817 2014 homine
1841 1981 1987 2027 loquaci
2010 1989 2044 2014 et
2066 1981 2136 2014 im·

1126 2029 1264 2075 belli5),
1294 2029 1376 2075 qui,
1405 2043 1485 2064 cum
1503 2032 1720 2065 defendendi
1742 2040 1859 2066 essent
1874 2033 1982 2073 socii,
2011 2034 2133 2067 defen-

1126 2082 1241 2115 denda
1262 2088 1380 2115 essent
1399 2089 1534 2123 castra,
1562 2096 1604 2117 eo
1628 2084 1707 2129 ipso
1725 2085 1805 2117 loco
1823 2085 1936 2118 aciem
1955 2085 2133 2131 deseruis-

1125 2140 1188 2168 set.
1265 2132 1407 2167 Deinde
1444 2143 1719 2180 argumentatur
1755 2136 1793 2169 in
1829 2134 1926 2171 hunc
1961 2139 2132 2172 modum:

1124 2183 1273 2220 Achillis
1290 2198 1391 2220 arma
1420 2187 1498 2221 iure
1524 2188 1647 2221 deberi
1672 2189 1728 2222 vel
1750 2186 1919 2230 haeredi,
1950 2190 2007 2223 vel
2028 2202 2133 2235 prae-

1124 2237 1312 2277 stantiori;
1355 2251 1391 2272 se
1425 2251 1512 2273 vero
1547 2238 1696 2275 Achillis
1725 2253 1799 2275 esse
1831 2242 2052 2286 patruelem,
2097 2248 2131 2275 et

1125 2289 1251 2335 Ulysse
1277 2291 1580 2335 praestantiorem
1607 2298 1684 2326 tum
1711 2293 1923 2334 nobilitate,
1955 2300 2031 2328 tum
2059 2293 2131 2328 vir-

1124 2348 1215 2374 tute:
1261 2354 1345 2387 ergo
1373 2343 1439 2376 sibi
1467 2343 1544 2377 iure
1570 2345 1705 2379 deberi.
1775 2344 1958 2379 Minorem
1985 2347 2130 2390 probat,

1124 2393 1282 2438 primum
1317 2394 1408 2428 serie
1441 2395 1641 2436 maiorum;
1686 2396 1816 2431 deinde
1850 2399 2060 2430 narratione
2096 2403 2132 2430 et

1123 2447 1397 2480 enumeratione
1416 2459 1538 2481 rerum
1555 2461 1572 2481 a
1591 2461 1628 2483 se
1647 2456 1846 2494 gestarum;
1875 2449 2130 2495 rationemque

1121 2505 1302 2543 sumptam
1328 2511 1348 2532 a
1374 2500 1647 2546 propinquitate
1672 2509 1707 2535 et
1731 2502 1921 2546 splendore
1949 2501 2128 2535 natalium

1122 2550 1318 2596 amplificat
1351 2551 1545 2586 collatione
1579 2553 1739 2587 familiae
1766 2553 1951 2599 Ulysseae.
2015 2552 2124 2587 Prius

1123 2615 1228 2643 vero,
1267 2615 1375 2648 quam
1402 2612 1558 2649 exponat
1583 2617 1646 2639 sua
1669 2605 1819 2646 merita,
1858 2611 2125 2639 commemorat

1154 2743 1185 2772 5)
1208 2742 1326 2772 imbelli]
1347 2743 1386 2767 sic
1405 2743 1491 2767 Editt.
1512 2743 1604 2774 1555.;
1626 2743 1682 2774 Ed.
1699 2743 1774 2768 1559.
1794 2742 1933 2768 imbecilli.
