2341 2973
170 105 246 142 245
751 100 872 136 PHIL.
907 99 1019 135 MEL.

172 192 345 225 rabantur
366 201 446 223 eum
470 188 587 222 Diana
614 194 648 221 et
672 187 811 228 Pallas,
854 187 954 232 (Ani.
969 187 1023 233 3.)
1055 186 1163 219 inter·
1189 203 1191 208 2

170 242 346 275 sicientem
364 253 487 274 cervos
503 240 578 274 sine
599 239 745 273 canibus
765 246 797 272 et
819 240 894 272 sine
910 239 1055 271 retibus.
1098 237 1164 270 Pe-
1189 253 1192 279 ς

171 294 274 327 dibus
291 292 385 325 enim
405 292 556 325 valebat.
609 290 724 324 Venio
746 292 789 324 ad
807 288 875 323 hoc
892 297 992 323 vetus
1017 290 1164 328 dictum,

172 345 270 391 quod
296 356 401 377 senex
418 341 555 377 Chiron
580 342 616 375 in
639 354 743 376 saxea
766 344 874 375 domo
893 341 982 374 aluit
1000 339 1162 374 Iasonem
1191 351 1193 372 ι

172 402 205 429 et
220 395 490 440 Aesculapium,
519 407 623 440 quem
642 394 765 427 (locuit
783 391 1062 438 pharmacorum
1081 392 1165 424 arti·
1192 435 1194 441 7

170 447 331 481 ficiosam
367 446 580 480 doctrinam.
650 445 789 478 Deinde
826 444 1016 489 despondit
1058 443 1164 477 Peleo
1192 450 1193 491 ᾗ

172 496 385 538 Thetidem,
422 505 455 531 et
483 496 646 530 educavit
673 496 784 529 filium
814 496 1065 535 excellentem,
1110 506 1166 528 or-
1192 506 1193 509 ¹

171 562 264 584 nans
282 549 443 583 animum
465 548 632 582 omnibus
648 547 858 587 virtutibus,
896 546 977 593 (Ep.
996 547 1048 593 3.)
1066 552 1105 579 ut
1122 547 1167 579 ad
1193 566 1195 590 l

172 601 323 634 Troiam
347 601 433 634 flatu
456 606 645 633 ventorum
675 600 873 643 profectus,
915 610 1074 643 pugnam
1097 597 1168 643 Ly-
1193 597 1195 619 J

173 652 310 686 ciorum
339 658 372 685 et
396 651 653 684 Dardanorum
678 650 888 691 sustineret,
916 657 950 684 et
964 648 1167 696 Phrygum:
1193 660 1195 685 4,

174 710 208 737 et
234 715 397 748 pugnans
425 715 503 736 cum
529 700 767 746 Aethiopibus
799 702 990 746 cogitaret,
1025 713 1069 734 ne
1092 700 1169 734 Me-
1194 693 1196 729 l

173 766 286 788 mnon
307 754 477 799 patruelis
497 754 624 787 Heleni
644 755 792 787 domum
808 753 953 788 rediret.
1007 753 1098 796 (Str.
1116 752 1168 798 4.)
1195 774 1196 789 ,

172 805 259 840 Inde
289 806 424 840 clarum
452 806 574 839 lumen
598 812 650 840 est
675 805 934 845 Aeacidarum,
975 816 995 837 o
1016 803 1168 848 Iupiter3
1195 808 1197 846 ξ

173 865 256 892 tuus
274 857 368 890 enim
388 857 530 902 sanguis
549 863 619 897 est,
647 863 748 890 tuum
768 863 966 890 certarnen:
996 856 1093 902 quod
1113 853 1169 888 hic

174 907 332 954 hymnus
348 921 434 942 voce
453 909 624 942 iuvenum
638 909 794 941 celebrat
811 909 904 941 inter
919 907 1117 951 indigenas,
1137 912 1171 939 et

177 967 301 994 cantus
332 960 504 994 victorem
528 960 777 994 Aristoclidem
806 966 931 999 ornat,
975 959 1036 1004 qui
1064 957 1170 992 huius

176 1012 313 1046 insulae
332 1012 482 1056 gloriam
505 1011 615 1051 auxit,
640 1017 674 1044 et
691 1011 864 1055 templum
882 1010 1038 1044 reddidit
1054 1010 1171 1055 splen—

176 1063 306 1098 didius.

177 1115 336 1149 excellat.
389 1114 490 1161 (Ant.
508 1113 560 1163 4.)
584 1112 681 1147 Inter
699 1113 846 1148 iuvenes
864 1120 915 1148 est
931 1113 1090 1153 iuvenis,
1117 1111 1172 1144 vir

176 1167 270 1200 inter
289 1167 405 1207 viros,
435 1167 528 1199 inter
553 1177 653 1200 senes
676 1177 804 1206 senex,
838 1166 1000 1199 tribuens
1025 1164 1173 1208 singulis
1199 1198 1200 1208 η

672 1217 787 1250 Habet
813 1223 847 1250 et
873 1223 1038 1262 quartam
1061 1216 1173 1248 virtu·
1199 1213 1200 1233 ³

177 1218 449 1252 convenientem
466 1223 619 1262 partem.

178 1277 249 1304 tem
262 1297 272 1310 ,
300 1271 397 1316 quod
414 1269 617 1314 praesentia
634 1275 729 1302 recte
746 1268 887 1314 curat7)
900 1295 909 1308 ‚
933 1275 966 1301 et
984 1280 1058 1301 non
1075 1268 1173 1300 deest

178 1321 425 1367 praesentibus
442 1320 607 1365 negotiis.
660 1319 764 1354 Salve
783 1320 914 1361 amice,
943 1318 1010 1353 hoc
1028 1330 1172 1352 carmen

178 1373 242 1407 tibi
260 1373 376 1413 dono,
402 1372 506 1406 melle
525 1379 559 1405 et
575 1373 666 1406 lacte
689 1372 858 1405 mixtum:
888 1378 923 1405 et
946 1383 1004 1405 ros
1024 1370 1174 1404 circum-

179 1426 240 1458 dat
254 1424 409 1458 Aeolicis
425 1424 521 1458 tibiis
539 1430 664 1469 potum
678 1450 687 1464 ,
717 1424 797 1468 (Ep.
807 1422 861 1468 4.)
878 1423 941 1457 etsi
959 1434 1039 1457 sero
1058 1421 1174 1455 mitto.
1202 1458 1203 1465 ἵ

178 1476 247 1510 Sed
262 1476 380 1522 aquila
399 1482 451 1509 est
468 1475 651 1509 celerrima
671 1475 764 1508 inter
789 1475 971 1515 volucres,
1000 1486 1092 1520 quae
1119 1484 1175 1506 ra-

178 1528 232 1573 pit
258 1529 430 1572 praedam
454 1528 580 1572 procul
606 1539 800 1573 quaerens;
837 1526 974 1571 graculi
996 1538 1082 1559 vero
1107 1526 1176 1558 cla-

178 1580 268 1613 mosi
306 1580 502 1624 depascunt
536 1577 699 1614 humilia.
766 1578 867 1612 Vidit
904 1578 987 1618 lux,
1033 1577 1176 1610 volente

159 1630 283 1666 :Musa
319 1630 418 1671 Clio,
458 1637 491 1663 te
521 1637 670 1675 propter
704 1630 892 1663 victoriam
924 1629 1101 1669 Nemeae,
1143 1633 1176 1661 et

179 1681 414 1726 Epidauriam
427 1709 436 1723 ,
464 1689 498 1715 et
516 1682 777 1726 Megarensem.

1057 97 1258 133 SCRIPTA
1294 96 1633 132 PHILOLOGICA.

371 1063 601 1108 Experientia
639 1063 813 1102 ostendit,
841 1074 910 1108 qua
949 1062 1099 1108 quisque
1133 1072 1171 1094 re
1198 1073 1199 1087 2

578 1783 669 1824 Ode
702 1782 779 1823 IV.

237 1861 410 1893 Timasu
423 1858 493 1892 rch
507 1870 524 1890 ο
545 1859 729 1901 Aeyinelae
752 1859 872 1890 victori
890 1860 923 1889 in
941 1858 1124 1900 palaestra.

283 1933 374 1978 (Str.
396 1934 445 1979 1.)
473 1932 626 1966 Laetitia
649 1933 806 1977 optimus
824 1934 981 1966 medicus
1010 1940 1061 1967 est
1084 1933 1174 1966 finiti

181 1986 335 2026 laboris,
363 1991 396 2018 et
419 1985 605 2019 Musarum
632 1984 725 2017 filiae
747 1984 849 2018 Odae
873 1985 1061 2017 adiunctae
1086 1986 1175 2019 mul-

183 2043 262 2070 cent
286 2049 377 2070 eam.
439 2036 511 2070 Nec
537 2048 629 2082 aqua
652 2036 765 2069 calida
793 2036 842 2070 sic
865 2036 952 2069 lenit
982 2036 1173 2080 defatigata

181 2088 364 2128 membra,
391 2094 430 2121 ut
453 2088 529 2122 laus
550 2100 708 2122 consona
729 2085 899 2121 citharae.
953 2088 1080 2121 Sermo
1096 2088 1175 2122 diu-

183 2139 253 2173 tius
273 2140 379 2173 durat
403 2151 529 2183 opere,
557 2152 662 2185 quem
690 2152 770 2173 cum
788 2139 923 2173 Gratiis
946 2139 1067 2183 lingua
1090 2152 1174 2184 pro-

183 2191 314 2225 fundae
348 2190 476 2223 mentis
508 2192 654 2234 profert.
730 2191 822 2235 (Str.
847 2192 900 2236 2.)
937 2191 1014 2224 Hoc
1039 2203 1173 2235 ponere

182 2240 270 2276 mihi
297 2242 400 2275 liceat
419 2242 645 2286 prooemium
668 2241 794 2287 hymni
825 2241 918 2275 lovis
946 2249 979 2275 et
1005 2242 1172 2283 Nemeae,

182 2300 216 2328 et
240 2294 354 2327 luctae
378 2291 613 2327 Tim-asarchi.
674 2293 837 2339 Recipiat
859 2300 977 2327 autem
1002 2295 1172 2328 Aeacida-

181 2358 261 2379 rum
278 2346 378 2379 sedes
401 2342 469 2377 hoc
488 2355 677 2377 commune
695 2345 816 2379 lumen
832 2344 909 2378 iure
928 2343 1085 2389 hospitii.
1135 2345 1172 2379 Si

182 2403 283 2441 pater
303 2403 384 2430 tuus
403 2395 624 2429 Timocritus
642 2393 756 2429 adhuc
774 2396 928 2437 viveret,
956 2409 1060 2442 saepe
1078 2395 1172 2431 hunc

180 2446 354 2493 hymnum
374 2453 529 2487 caneret,
550 2446 706 2481 intentus
726 2445 807 2480 huic
823 2449 990 2482 carmini:
1021 2455 1055 2482 et
1071 2461 1172 2482 cane-

182 2506 234 2531 ret
263 2499 462 2533 mittentem
487 2504 669 2539 catenam,
700 2498 789 2543 (Str.
807 2499 859 2543 3.)
894 2507 1104 2533 coronatum
1131 2513 1171 2534 ex

181 2550 372 2583 certamine
384 2551 575 2590 Cleonaeo,
593 2556 628 2583 et
644 2550 688 2583 ab
698 2549 864 2591 Athenis,
890 2558 922 2584 et
942 2552 1025 2597 quia
1038 2550 1171 2585 Thebis

181 2602 223 2633 ad
242 2599 514 2647 Amphitryonis
539 2601 716 2635 tumulum
736 2602 903 2636 Cadmaei
929 2615 1008 2636 eum
1028 2616 1100 2636 non
1119 2603 1169 2636 in-

1202 1876 1204 1901 5
1229 1894 1329 1921 sum,
1359 1894 1434 1914 non
1458 1888 1509 1916 est
1529 1882 1707 1927 possibile.

214 2716 244 2749 7)
264 2718 356 2747 curat]
376 2718 416 2743 sic
435 2719 483 2744 Ed.
502 2719 591 2750 1563.;
611 2719 659 2743 Ed.
677 2719 750 2744 1558.
769 2720 855 2744 curet.

2138 100 2214 135 244

1218 184 1280 217 viti
1300 190 1747 228 coronaverunt,propter
1764 183 1952 227 Aeginam.
1988 183 2096 218 Venit
2117 185 2212 218 enim

1218 235 1353 269 amicus
1369 236 1412 268 ad
1431 235 1564 268 amicos
1576 261 1586 275 ,
1615 236 1661 269 ad
1679 234 1891 280 hospitalem
1909 236 2036 269 urbem
2048 263 2057 276 ‚
2083 237 2130 269 ad
2152 248 2214 270 au-

1190 284 1192 297 *
1218 288 1289 321 lam
1301 286 1465 321 Herculis
1479 313 1488 327 ,
1516 288 1608 329 (Str.
1622 286 1674 333 4.)
1694 300 1772 321 cum
1794 299 1865 333 quo
1882 286 2214 321 TroiamTelamon

1219 338 1455 383 expugnavit,
1499 344 1533 371 et
1561 338 1673 378 Coos,
1716 345 1750 372 et
1783 339 1974 383 Gigantem
2011 338 2212 385 Alcyonea3

1192 404 1193 425 1
1219 403 1284 423 nec
1313 397 1433 423 tamen
1469 389 1574 430 vicit,
1614 389 1824 436 priusquam
1849 390 1995 423 Herculi
2024 390 2213 424 duodecim

1221 442 1412 487 quadrigas
1429 440 1619 482 contrivit,
1647 447 1682 474 et
1699 441 1735 474 in
1753 441 1802 475 eis
1820 441 1947 485 viginti
1973 448 2130 487 quatuor
2148 442 2216 475 mi-

1219 494 1316 533 lites,
1344 493 1437 526 iacto
1456 492 1585 537 lapide.
1644 491 1834 537 Imperitus
1852 500 1904 527 est
1926 493 2102 527 bellorum
2116 519 2125 534 ,
2138 516 2139 520 ,
2153 492 2216 539 qui

1221 556 1295 577 non
1312 543 1480 588 intelligit
1497 544 1648 577 dictum:
1685 543 1896 578 Facientem-
1908 545 2045 590 aliquid
2072 550 2216 589 oportet

1222 602 1257 629 et
1272 596 1345 640 pati
1365 595 1513 641 aliquid.
1567 594 1659 640 (Sir.
1677 593 1730 642 5.)
1755 595 1864 630 Plura
1885 609 1943 629 me
1960 596 2078 630 dicere
2093 594 2216 641 prohi-

1221 648 1280 681 bet
1296 648 1350 680 lex
1363 674 1372 687 ,
1398 654 1432 680 et
1450 647 1570 680 Horae
1588 646 1809 681 festinantes.
1842 671 1845 675 »
1862 645 2007 681 Trahor
2032 654 2151 682 autem
2178 653 2219 681 ut

1221 699 1357 733 fascino
1369 725 1378 739 ,
1415 705 1454 732 ut
1487 698 1667 732 novilunii
1708 710 1885 744 pompam
1921 699 2107 744 attingam.
2164 697 2219 732 {Et

1224 763 1445 796 quamquam
1457 751 1635 795 profunda
1656 750 1771 784 insula
1782 757 1880 784 tenet
1895 750 2054 784 medium
2073 751 2216 790 saltum,

1222 808 1343 835 tamen
1362 803 1484 836 resiste
1503 802 1674 842 invidiae,
1701 808 1740 836 ut
1755 802 1868 847 nt‘agis
1884 802 2074 836 videamur
2087 801 2125 834 in
2141 802 2219 835 luce

1224 852 1379 894 versari,
1414 853 1541 887 melius
1568 865 1676 899 quarn
1700 851 1831 888 hostes.
1891 854 1985 888 Nam
2014 853 2157 887 invidus
2181 852 2220 885 in

1224 904 1381 938 tenebris
1399 905 1505 938 inane
1522 911 1555 938 et
1565 903 1700 938 humile
1713 905 2036 940 consilium-volvit.
2064 904 2156 951 (Str.
2166 903 2220 950 6.)

1197 965 1199 990 ἵ
1224 956 1293 989 Sed
1312 954 1400 989 mihi
1418 968 1525 1002 quam
1550 956 1715 990 virtutem
1738 958 1835 990 dedit
1851 956 1967 998 Deus,
1988 956 2148 1002 perficiet
2163 968 2222 989 ve-

1225 1007 1326 1041 niens
1347 1014 1499 1052 tempus.
1553 1008 1611 1041 Tu
1629 1021 1714 1041 vero
1729 1009 1841 1043 dulcis
1867 1007 2025 1049 cithara,
2052 1013 2221 1052 praetexe

1227 1071 1371 1091 carmen
1388 1058 1504 1104 Lydia
1530 1057 1721 1093 harmonia
1739 1060 1914 1094 Oenonae
1933 1066 1967 1093 et
1984 1060 2104 1105 Cypro
2116 1085 2126 1099 ,
2160 1058 2222 1091 ubi

1227 1110 1366 1143 Teucer
1385 1117 1452 1148 est;
1474 1110 1565 1144 Aiax
1584 1123 1669 1144 vero
1687 1117 1783 1145 tenet
1796 1112 2029 1145 Salaminam.
2066 1109 2158 1155 (Str.
2169 1109 2222 1155 7.)

1225 1162 1274 1195 At
1308 1161 1345 1194 in
1372 1160 1514 1195 Euxino
1551 1168 1648 1195 tenet
1679 1161 1836 1197 Achilles
1880 1163 2034 1197 insulam
2063 1161 2224 1199 Leucen;

1227 1210 1353 1246 Thetis
1369 1225 1454 1246 vero
1473 1219 1570 1247 tenet
1585 1211 1769 1255 Phthiam,
1785 1214 2045 1259 Neoptolemus
2066 1225 2152 1246 vero
2171 1224 2225 1246 ce-

1227 1264 1401 1297 lebratam
1418 1264 1569 1309 Epirum
1582 1291 1592 1306 ‚
1618 1266 1680 1299 ubi
1703 1265 1740 1298 in
1764 1266 1844 1299 altis
1864 1266 2012 1300 collibus
2029 1271 2225 1310 pascuntur

1200 1319 1201 1322 ’
1227 1316 1355 1356 boves,
1397 1316 1650 1360 incipientibus
1680 1329 1699 1349 a
1728 1316 1884 1350 Dodona
1909 1329 2022 1363 usque
2048 1318 2093 1349 ad
2124 1327 2225 1348 mare

1227 1366 1383 1401 Ionium.
1454 1367 1523 1400 Sed
1561 1369 1605 1400 ad
1638 1367 1729 1400 Pelii
1756 1368 1888 1401 montis
1915 1368 2054 1401 radices
2085 1378 2224 1401 servam

1228 1417 1362 1451 Iolcum
1390 1418 1538 1452 tradidit
1564 1417 1743 1453 Thessalis
1765 1416 1913 1459 Peleus,
1954 1419 2046 1465 (Str.
2063 1418 2116 1465 8.)
2142 1430 2226 1452 usus

1229 1470 1314 1503 dolo
1340 1469 1558 1515 Hippolytae
1576 1469 1625 1517 S),
1652 1471 1814 1514 coniugis
1837 1470 1971 1504 Acasti.
2025 1470 2118 1505 Nam
2136 1469 2226 1503 Aca-

1230 1528 1302 1555 stus
1327 1519 1516 1555 machaera
1543 1520 1696 1555 Daedali
1724 1534 1789 1566 per
1818 1521 1966 1556 insidias
2000 1519 2226 1555 machinatus

1231 1579 1309 1606 erat
1323 1579 1477 1606 mortem
1495 1573 1623 1612 Peleo;
1659 1574 1720 1607 sed
1739 1571 1877 1606 Chiron
1901 1573 2040 1618 depulit
2063 1573 2094 1606 ei
2119 1573 2226 1606 fatale

1230 1625 1379 1665 malum,
1403 1624 1541 1668 ignem,
1567 1631 1601 1658 et
1616 1625 1761 1658 leonum
1782 1637 1932 1669 ungues,
1958 1630 1993 1658 et
2009 1624 2122 1658 aciem
2141 1625 2227 1658 den-

1203 1689 1205 1722 '1
1231 1676 1320 1709 tium
1345 1673 1534 1716 cohibens,
1569 1675 1661 1720 (Str.
1679 1675 1732 1721 9.)
1759 1676 1861 1710 duxit
1883 1688 1993 1710 unam
2019 1675 2227 1711 Nereidum.

1203 1728 1205 1742 '
1230 1726 1329 1760 Vidit
1354 1734 1387 1760 et
1412 1729 1552 1768 sedem,
1580 1727 1618 1760 in
1637 1739 1707 1773 qua
1733 1727 1796 1761 Dii
1826 1729 1997 1762 sederunt
2014 1727 2051 1760 in
2078 1727 2226 1772 nuptiis,

1202 1809 1204 1816 ‚
1231 1785 1265 1812 et
1285 1779 1520 1812 ostenderunt
1538 1778 1569 1812 ei
1588 1780 1684 1812 dona
1705 1785 1740 1812 et
1755 1780 1954 1824 potentiam
1979 1779 2111 1824 singuli
2130 1779 2224 1812 iuxta

1230 1842 1330 1863 suam
1358 1836 1540 1864 naturam.
1607 1830 1711 1864 Ultra
1737 1831 1856 1865 Gades
1879 1831 2033 1865 transire
2055 1831 2101 1864 ad
2127 1842 2228 1863 occa-

1760 1882 1884 1916 Reduc
1908 1882 2030 1915 navim
2048 1883 2092 1916 ad
2111 1881 2227 1915 Euro-

1229 1945 1332 1977 pam;
1376 1945 1451 1966 non
1474 1946 1619 1978 possum
1644 1932 1739 1966 enim
1762 1945 1887 1967 omnes
1916 1933 2039 1968 laudes
2061 1933 2168 1966 Aeaci
2194 1940 2227 1967 et

1229 1990 1455 2029 posterorum
1484 1985 1558 2019 eius
1582 1984 1745 2018 recitare.
1798 1984 1890 2031 (Str.
1909 1985 1986 2031 10.)
2007 1984 2084 2030 Ego
2107 1990 2225 2019 autem

1228 2036 1336 2076 veni,
1364 2042 1403 2069 ut
1429 2036 1604 2070 celebrem
1626 2033 1942 2070 Theandridarum
1967 2036 2163 2070 certamina
2188 2036 2226 2070 in

1229 2086 1428 2132 Olympiis,
1464 2085 1618 2127 Isthmo,
1651 2086 1816 2129 Nemeis,
1855 2088 1915 2122 ubi
1941 2088 2225 2133 experimentum

1228 2136 1422 2178 habentes,
1450 2139 1597 2172 domum
1625 2151 1699 2171 non
1723 2139 1798 2173 sine
1820 2139 1923 2174 novis
1951 2139 2093 2174 coronis
2111 2139 2226 2173 redie-

1227 2196 1323 2224 runt.
1384 2189 1484 2223 Hanc
1508 2196 1604 2223 tuam
1638 2190 1792 2234 patriam
1826 2191 1991 2225 audimus
2022 2191 2222 2225 ministram

1228 2254 1300 2275 esse
1325 2241 1523 2274 carminum
1551 2240 1837 2287 triumphalium.
1891 2242 1955 2277 Sin
1980 2249 2098 2277 autem
2125 2242 2226 2277 iubes

1227 2305 1284 2326 me
1304 2292 1439 2325 Callicli
1457 2293 1634 2326 avunculo
1662 2295 1754 2340 (Str.
1774 2295 1849 2341 11.)
1868 2295 2071 2329 columnam
2090 2306 2224 2339 ponere

1227 2344 1471 2377 candidiorem
1498 2344 1607 2378 Pario
1633 2345 1771 2390 lapide,
1816 2343 1884 2380 hoc
1913 2357 2058 2392 quoque
2082 2345 2226 2380 faciam.

1226 2396 1275 2429 Ut
1291 2408 1417 2429 aurum
1443 2402 1581 2430 coctum
1604 2397 1716 2442 magis
1731 2397 1861 2441 fulget,
1889 2397 1936 2430 ita
1963 2408 2107 2430 carmen
2130 2396 2224 2441 regi-

1225 2448 1290 2481 bus
1314 2459 1418 2492 pares
1442 2448 1535 2482 facit.
1590 2449 1655 2483 Hic
1679 2449 1840 2483 Callicles
1864 2449 1954 2482 circa
1977 2446 2219 2482 Acherontem

1225 2496 1411 2539 habitans,
1444 2499 1602 2534 inveniat
1637 2513 1752 2534 meam
1788 2500 1946 2544 linguam
1981 2500 2220 2534 celebrantem

1226 2550 1364 2594 ipsum,
1411 2552 1471 2596 qui
1515 2552 1636 2585 floruit
1679 2552 1770 2597 apiis
1813 2552 1848 2584 in
1892 2563 2007 2596 agone
2048 2550 2221 2597 Neptuni.

1226 2601 1316 2646 (Sir.
1337 2602 1411 2646 12.)
1440 2602 1542 2636 Hunc
1561 2601 1752 2648 Euphanes
1768 2615 1855 2637 avus
1877 2609 1957 2637 tuus
1981 2610 2096 2638 canet.
2148 2601 2224 2635 Alii

1258 2720 1288 2748 8)
1308 2721 1489 2751 Hippolytae]
1510 2721 1549 2744 sic
1569 2722 1616 2745 Ed.
1637 2720 1723 2750 '5634
1746 2721 1793 2744 Ed.
1812 2721 1885 2746 1³38.
1925 2719 2102 2751 Hippolytes.
