2341 2973
186 122 262 160 279
766 121 888 156 PfflL.
926 120 1038 155 MEL.
1073 119 1275 155 SCRIPTA
1313 122 1649 161 PHILOLOGICA.
2159 130 2233 165 280

315 217 339 235 c.
375 208 400 234 in
425 207 509 234 huius
533 208 622 244 Corp.
645 207 780 236 Reform.
806 207 869 234 Vol.
887 206 922 234 X.
947 216 975 243 p.
993 204 1067 235 612.
1090 215 1133 234 nr.
1147 205 1223 235 259.
1247 208 1402 247 inscripta:
1434 210 1620 247 „Oraculum
1650 213 1679 240 in
1705 213 1834 242 Achaicis
1857 214 2014 243 Pausaniae
2038 213 2075 243 de
2123 214 2233 244 duobus

360 249 557 287 Philippis*)‚
585 250 678 279 altero
702 248 801 286 felici,
831 249 924 276 altero
948 249 1031 286 regni
1056 257 1204 278 eversore.
1215 248 1234 262 '²

703 309 744 343 In
769 310 958 343 Macedurn
984 308 1127 354 populis
1150 310 1344 345 clarissima
1369 323 1476 356 regna
1504 315 1696 356 tenebunt,

701 361 834 405 Argiva
857 362 900 393 de
926 360 1058 404 stirpe,
1085 360 1243 401 bonurn,
1271 363 1516 409 damnumque
1540 363 1713 411 Philippi.

708 412 856 446 Horunr
875 411 936 456 qui
963 411 1065 455 prior
1089 417 1160 452 est,
1187 419 1308 456 gentes
1333 415 1510 460 urbesque
1533 417 1715 458 domabit,

702 463 771 497 Sed
801 462 929 496 veteris
954 463 1056 506 regni
1081 463 1207 507 perdet
1230 465 1336 499 decus
1361 477 1467 499 omne
1493 469 1666 501 secundus

700 515 732 546 A
756 513 899 558 populis
924 513 1056 554 victus,
1083 526 1173 559 quos
1200 515 1343 549 mittent
1371 529 1496 562 vesper
1520 525 1553 551 et
1579 525 1690 552 ortus.

840 599 872 627 B.
921 596 1105 628 Oraculum
1127 600 1163 627 in
1186 600 1257 629 eius
1277 600 1448 632 Boeotio-is
1472 611 1499 633 ο.
1522 601 1573 633 14.

272 656 364 684 Huius
388 657 495 684 oraculi
518 658 724 696 interpretatio
749 663 844 687 exstat

315 716 341 735 a.
375 708 403 735 in
427 707 576 736 Grathusii
599 709 715 738 collect.
738 709 919 748 Epigramm.
942 709 1013 738 Mel.
1035 708 1087 739 sol.
1110 709 1135 738 L
1149 709 1198 746 8.;

314 760 339 787 b.
377 758 405 786 in
430 758 575 787 Vincentii
597 760 652 789 Ed.
677 769 778 789 eorum
801 760 853 789 fol.
876 760 900 788 L
917 757 979 796 3³,
1008 760 1037 788 in
1062 766 1187 798 utroque
1211 760 1283 789 libro
1313 761 1353 788 sic
1381 761 1538 800 inscripta:
1574 761 1759 799 „Graculum
1790 770 1827 791 ex
1851 762 2010 799 Pausania,
2046 772 2102 800 quo
2132 772 2226 800 poena

353 800 592 831 Lacedaemoniis
616 804 651 831 ob
675 803 746 832 duas
769 803 844 831 filias
867 802 987 831 Scedasi
1011 803 1039 830 vi
1061 808 1206 841 stupratas
1229 808 1259 831 et
1282 803 1311 830 in
1334 809 1458 841 puteum
1482 804 1660 844 abiectas**)
1682 806 1711 833 in
1736 805 1872 834 Leuctris
1896 804 2067 834 denuntiata
2089 804 2183 835 t'uit.”

312 862 338 881 r.
371 852 399 879 in
419 852 503 881 huius
526 855 614 893 Corp.
637 854 772 886 Reform.
795 854 860 883 Vol.
877 854 913 884 Χ.
936 864 965 892 p.
978 851 1055 884 6⁵21.
1080 863 1124 883 nr.
1138 852 1214 884 275.
1238 853 1390 891 inscripta:
1421 854 1611 892 „Graculum
1636 865 1675 885 ex
1699 857 1844 885 Pausania
1868 856 1906 885 de
1928 856 2043 885 filiabus
2067 855 2217 886 Seedasi.”

754 914 907 947 Leuctra
935 910 1023 946 mihi
1045 920 1129 947 sunt
1154 924 1279 954 curae,
1315 914 1358 957 et}
1373 925 1472 948 mors
1498 915 1698 950 tristiSsirna
1726 922 1856 960 gnatae

806 964 953 999 occisae
977 963 1121 998 Scedasi
1149 975 1241 1011 quae
1266 964 1405 1009 periere
1429 966 1534 1000 duae.

751 1016 817 1048 Hic
843 1022 946 1049 atrox
968 1016 1027 1048 fiet
1048 1027 1189 1060 pugna,
1217 1021 1252 1048 et
1277 1015 1483 1049 saevissima
1510 1019 1652 1057 caedes,

810 1066 944 1100 Fatalis
968 1067 1114 1111 quando
1138 1065 1278 1099 venerit
1302 1066 1362 1099 illa
1390 1067 1476 1100 dies.

747 1116 866 1162 Quam
894 1117 994 1162 prius
1018 1115 1114 1151 haud
1141 1117 1332 1162 quisquam
1353 1117 1470 1157 norit,
1505 1130 1612 1163 quam
1638 1117 1770 1151 Dorica
1800 1118 1908 1161 pubes

805 1169 955 1202 Amittet
979 1168 1110 1208 robur,
1145 1167 1368 1213 militiaeque
1393 1169 1510 1201 duces.

202 1357 233 1387 6.
280 1356 462 1397 Inscriptio
486 1358 600 1398 clypei
614 1357 687 1388 Tin·
700 1358 882 1397 Flaminii,
905 1369 1000 1398 quem
1022 1359 1144 1398 templo
1168 1357 1335 1398 Delphico
1360 1359 1505 1395 dicavit,
1528 1369 1576 1390 ex
1598 1362 1802 1390 Plutarchi
1828 1364 1897 1391 vita
1920 1361 2086 1391 Flamc‘m'e'
2107 1371 2135 1392 c.
2151 1361 2201 1392 12.

267 1418 357 1446 Huius
380 1418 574 1456 inscriptionis
600 1420 804 1457 interpretatio
828 1421 918 1448 latina
943 1421 1030 1456 MeL,
1068 1428 1144 1457 quae
1177 1419 1234 1447 illis
1265 1420 1294 1447 in
1324 1419 1410 1448 huius
1433 1419 1520 1457 Corp.
1545 1419 1678 1448 Reform.
1703 1419 1877 1449 v01.XV11.
1911 1430 1940 1457 p.
1956 1417 2041 1450 1135
2056 1429 2098 1457 sq.
2127 1418 2222 1447 allatis

182 1461 320 1490 addenda
344 1465 404 1497 est,
432 1461 580 1489 invenitur

308 1521 333 1540 a.
370 1512 397 1538 in
421 1511 571 1540 Grathusii
596 1514 710 1542 collect.
734 1514 915 1551 Epigramm.
940 1513 1013 1542 Mel.
1032 1512 1084 1541 sol.
1107 1512 1137 1540 M
1155 1510 1212 1547 1⁸3

308 1564 335 1591 b.
370 1563 398 1589 in
424 1562 570 1591 Vincentii
592 1563 647 1593 Ed.
672 1572 773 1592 eorum
798 1564 848 1591 soi.
873 1564 896 1591 L
912 1563 972 1599 4²3

307 1623 331 1642 e.
366 1613 394 1640 in
419 1613 503 1641 huius
527 1615 615 1653 Corp.
636 1615 770 1644 Reform.
794 1615 861 1642 Vol.
876 1614 914 1643 X.
939 1625 967 1652 p.
982 1612 1056 1642 666.
1082 1622 1126 1640 nr.
1141 1609 1233 1647 379„
1262 1611 1291 1638 in
1314 1611 1419 1648 quibus
1444 1611 1523 1639 libris
1546 1612 1585 1640 sic
1617 1617 1660 1640 est
1691 1612 1846 1649 inscripta:
1887 1611 2045 1649 „Clypeus
2068 1610 2126 1639 Titi
2150 1611 2218 1638 Fla·

352 1655 431 1683 minii
455 1666 612 1694 suspensus
636 1658 663 1684 in
688 1658 798 1694 templo
822 1656 969 1693 Delphico
991 1664 1056 1684 cuin
1081 1654 1135 1681 hac
1158 1652 1383 1691 inscriptione·”

746 1713 976 1759 Tyndaridae
999 1713 1147 1752 fratres,
1174 1723 1329 1757 quorum
1354 1710 1420 1743 fuit
1443 1711 1574 1756 inclyta
1602 1712 1734 1753 virtus,

803 1764 977 1799 Custodes
1002 1764 1095 1796 inter
1118 1775 1208 1808 qnos
1231 1762 1341 1795 modo
1364 1762 1491 1805 Sparta
1518 1762 1613 1796 colit.

746 1815 876 1859 Leges,
912 1814 1096 1855 Libertas,
1131 1820 1163 1846 et
1188 1813 1263 1846 Pax
1290 1818 1373 1846 sunt
1397 1813 1532 1857 optima
1557 1813 1673 1853 dona,

804 1867 900 1901 Haec
927 1867 1085 1901 Graecae
1109 1864 1205 1909 genti
1233 1864 1294 1896 dat
1321 1863 1425 1898 Titus
1451 1865 1648 1899 Aeneades.

869 2060 899 2090 7.
944 2058 1122 2090 Distichon
1145 2068 1192 2089 ea:
1216 2061 1324 2089 veteri
1342 2064 1514 2098 poemate:

778 2109 859 2141 Οὐδ’
884 2109 976 2151 ἀγρία
998 2109 1057 2149 γὰρ
1082 2108 1167 2149 ὄρνις
1190 2109 1228 2148 ἣν
1240 2109 1301 2150 ***)
1325 2107 1429 2150 πλάσῃ
1453 2107 1550 2147 δόμον

773 2151 852 2194 ἄλλῃ
876 2152 1023 2188 νεοσσοὺς
1045 2151 1174 2182 ἐντεκεῖν
1194 2150 1337 2192 ἠξίωσεν.

267 2213 356 2241 Huius
381 2210 436 2240 loci
460 2212 679 2249 interpretatio,
708 2212 829 2241 disticho
853 2222 958 2251 graeco
982 2212 1132 2250 praefixo,
1163 2216 1258 2240 exstat

307 2274 333 2291 a.
369 2264 397 2290 in
422 2263 569 2290 (irathusii
594 2264 707 2292 collect.
731 2264 911 2301 Epigrainm.
934 2263 1004 2291 Met.
1029 2262 1081 2291 sol.
1104 2261 1208 2298 M5³;

305 2308 331 2334 b.
367 2307 395 2333 in
419 2304 565 2333 Vincentii
589 2305 641 2333 Ed.
666 2315 765 2333 eorum
788 2306 839 2334 fol.
863 2305 961 2342 1⁴7³,
997 2305 1047 2334 ubi
1075 2314 1170 2343 aeque
1200 2315 1233 2334 ac
1261 2305 1340 2343 apud
1363 2304 1553 2333 Grattiusium
1583 2305 1621 2332 sie
1650 2304 1788 2341 inscripta
1818 2308 1879 2332 est:
1917 2304 2090 2341 „Volucres
2112 2304 2206 2341 potius

347 2354 470 2375 mortem
494 2353 637 2384 oppetunt
661 2357 745 2384 quani
771 2349 852 2376 nidos
875 2349 1032 2384 deserunt,
1061 2357 1099 2376 ex
1124 2349 1216 2377 veteri
1238 2346 1413 2386 poemate.’'

305 2411 331 2429 e.
367 2401 394 2427 in
421 2399 506 2427 huius
529 2400 617 2436 “orp.
642 2399 774 2428 Reform.
799 2401 865 2427 Yol.
884 2401 918 2427 X.
944 2410 970 2436 p.
987 2398 1052 2428 667
1067 2410 1111 2435 sq.
1135 2409 1178 2427 nr.
1192 2397 1284 2435 382,
1312 2399 1464 2437 inscripta:
1496 2399 1567 2436 „Ex
1594 2400 1685 2428 veteri
1709 2397 1882 2437 poennate.'’

213 2547 244 2578 *)
264 2548 342 2573 Cont'.
362 2554 431 2578 quae
451 2549 483 2572 de
501 2549 604 2572 «luobus
623 2547 755 2578 Philippis
774 2548 931 2573 Melanthon
953 2549 978 2572 in
999 2549 1122 2579 epistolis
1142 2548 1272 2579 scripsit,
1300 2549 1326 2573 in
1347 2549 1426 2573 huius
1447 2550 1528 2580 corp.
1549 2551 1670 2575 ltosorni.
1690 2551 1753 2575 Vol.
1772 2550 1827 2575 vn.
1849 2557 1873 2580 p.
1889 2549 1949 2574 902.

211 2598 262 2627 *Ὅ
282 2600 358 2622 uani:
378 2599 521 2624 historiam
542 2601 683 2625 enarravit
697 2600 859 2624 Plutarchus
881 2600 906 2624 in
926 2603 1041 2626 amator.
1063 2601 1257 2630 nan-att.111.;
1274 2601 1385 2625 brevius
1406 2601 1484 2626 huius
1504 2603 1620 2626 sceleris
1640 2602 1740 2626 incutio
1760 2602 1833 2626 facta
1852 2602 1895 2625 est
1908 2600 1933 2624 in
1950 2600 2036 2625 eiusd.
2053 2600 2109 2624 vita
2123 2599 2203 2623 Pelo-

244 2633 324 2663 pidae
343 2641 365 2657 c.
381 2633 422 2658 20.
449 2634 522 2658 etin
542 2635 655 2659 Diodori
682 2635 802 2661 1i1›,xv.
832 2642 853 2658 c.
872 2635 914 2658 5⁴.
953 2636 1187 2660 Commemoratur
1213 2635 1295 2658 etiam
1319 2641 1335 2659 a
1353 2637 1527 2660 Melanthone
1557 2637 1580 2660 in
1609 2636 1772 2665 Theognidis
1799 2635 1997 2659 sententiarum
2023 2633 2203 2665 explicatione

244 2672 328 2697 supra
347 2667 433 2697 1·.,70.
453 2670 478 2692 ct
500 2669 525 2692 in
545 2669 663 2700 epistota
683 2670 716 2692 ad
736 2669 903 2699 (ttnytrneum
922 2670 945 2693 d.
967 2670 1008 2695 29.
1025 2671 1084 2695 Oct.
1108 2670 1180 2694 1553.
1203 2669 1227 2691 in
1250 2669 1326 2693 huius
1348 2670 1428 2700 Corp.
1451 2672 1571 2696 norm-m.
1603 2672 1661 2695 Vot.
1679 2671 1750 2694 vm.
1777 2678 1800 2700 p.
1820 2670 1867 2694 165
1881 2677 1921 2699 sq.
1944 2675 2049 2695 recusa.

211 2716 280 2746 Νὺξ)
300 2715 347 2747 ἢν]
367 2717 407 2742 sic
424 2719 571 2748 Grattius.
597 2719 741 2750 Vincent.;
768 2720 848 2749 Corn.
870 2720 989 2744 Reform.
1012 2717 1051 2749 ἣν.
