2421 3005
80 116 133 150 97

185 200 262 234 Vss.
288 200 364 234 303
380 212 459 246 sqq.
487 199 577 234 XXI.
607 199 830 233 Mediocrem
855 204 987 233 statum
1016 209 1092 230 non

82 265 155 288 esse
185 253 420 286 turbandum.

183 303 243 338 Vs.
253 305 340 338 303.
369 304 454 339 Non
475 309 619 348 oportet
635 303 775 337 curiose
793 313 939 335 movere
954 301 1090 334 bonam

77 357 221 401 vitam]
250 354 397 404 κίγκλιξ
423 363 475 390 est
506 368 642 389 nomen
674 357 771 395 avis,
811 353 1012 393 motacilla,
1047 352 1093 386 sit

78 421 163 444 sane
190 407 385 454 ffiacbstellgv,
414 408 534 442 vibrat
558 409 731 448 caudam,
768 408 850 440 inde
877 412 929 440 est
953 402 1092 453 κιγκλί-

79 459 311 507 {etv-stulte,
339 467 474 494 temere
504 473 663 495 movere.

183 512 253 547 Sed
286 519 432 557 oportet
465 511 664 561 quiescere]
704 509 874 557 ServusS)
906 509 1010 543 dicit:
1055 508 1093 542 Si

79 564 278 612 quiessem,
315 562 407 598 nihil
446 565 570 599 suisset
603 565 702 599 mali.
782 562 848 597 Est
882 563 1016 595 dictum
1049 561 1092 594 de

76 616 219 663 magnis
235 616 322 650 viris
347 617 385 650 in
403 617 587 661 republica
599 645 608 658 ,
637 617 701 663 qni
717 614 785 649 hoc
802 615 912 648 modo
931 619 1093 659 peccant,

77 681 155 703 non
183 675 323 702 tantum
355 670 398 702 de
427 669 551 703 servis.
922 700 925 703 .

179 719 240 754 Vs.
267 719 355 754 304.
409 720 510 754 Licet
539 731 705 758 movere,
735 718 763 752 si
793 717 1013 763 susceperis,
1040 716 1093 749 in-

77 773 228 807 stituens
247 773 486 806 mutationem
505 774 550 805 ad
567 769 693 819 recta.]
744 770 811 803 Hic
828 783 935 814 saepe
960 769 1093 813 decipi-

77 831 137 859 tur
164 822 296 863 bomo,
326 831 429 869 putat
452 837 487 858 se
516 830 611 858 recta
644 822 836 868 suscipere.
891 821 992 855 Licet
1017 833 1094 854 rno-

77 889 162 910 vere
182 877 314 923 maiam
331 876 442 909 vitam
458 903 466 916 ‚
494 876 525 909 si
548 875 747 909 institueris
773 875 808 914 ἐς
836 870 951 921 ὀρθά.

180 925 346 962 Vss.3o5
366 928 419 974 sq.
448 927 539 961 Mali
554 940 630 961 non
651 927 803 961 omnino
822 927 909 960 mali
930 938 972 959 ex
988 930 1092 958 utero

76 980 154 1013 nati
169 986 273 1020 sunt,
300 981 362 1013 sed
387 980 608 1024 paciscentes
624 979 833 1014 societatem
855 992 935 1012 cum
957 973 1091 1023 malis‚]

76 1031 114 1066 id
134 1038 196 1072 est,
214 1032 474 1065 consuetudine
493 1033 674 1065 malorum
693 1032 785 1065 fiunt
802 1031 863 1064 alii
881 1030 1092 1064 deteriores.

181 1082 242 1118 Vs.
267 1084 354 1118 307.
409 1083 507 1117 Mala
547 1096 656 1129 opera
685 1080 936 1130 didicerunt,]
968 1082 1001 1114 id
1030 1086 1092 1119 est,

75 1148 153 1170 non
180 1142 265 1170 sunt
294 1148 343 1169 eis
371 1136 506 1170 nativa.

180 1187 227 1221 Et
253 1199 440 1221 sermones
466 1194 625 1227 atroces,
662 1187 946 1225 abominandos,
979 1191 1013 1217 et
1041 1184 1094 1216 in-

77 1239 268 1275 solentiam
282 1235 307 1286 ,]
349 1237 434 1284 stou}
463 1241 528 1275 unb
558 1242 636 1283 tros}
662 1241 727 1275 unb
757 1237 828 1281 bssse
857 1238 959 1273 tiitfen
989 1237 1094 1282 baben

77 1291 120 1337 sie
155 1292 282 1338 getetnt
317 1300 384 1326 von
419 1294 542 1327 unbem
579 1292 707 1326 senten.
773 1289 851 1334 Ego
885 1289 999 1322 nimio
1027 1301 1094 1322 usu

76 1344 191 1377 factus
224 1355 304 1376 sum
340 1344 518 1388 nequior,
564 1343 685 1388 inquit
715 1354 839 1375 servus
867 1341 963 1385 apud
986 1340 1095 1373 Plau-

76 1401 167 1429 tum.
222 1394 304 1430 233st
332 1398 428 1430 untet
453 1395 502 1430 bie
532 1395 627 1430 &ute
655 1394 784 1439 Pomm]
829 1395 884 1429 bet
914 1393 1001 1428 Iernt
1029 1392 1093 1427 viel

79 1451 198 1494 urges,
221 1446 321 1491 seiten
350 1451 443 1492 gnte.

143 1511 145 1515 ·
181 1497 244 1533 Vs.
263 1498 351 1534 308.
406 1498 541 1532 Omnia
566 1499 685 1532 dIcere
714 1495 844 1545 vera,]
870 1497 905 1531 id
931 1504 1003 1538 est,
1033 1496 1095 1531 nbi

79 1551 210 1597 aliquis
236 1550 363 1584 incidit
388 1551 530 1585 iuvenis
552 1550 590 1584 in
614 1551 859 1591 Alcibiadem,
888 1556 992 1595 putat
1021 1561 1093 1583 esse

75 1609 325 1649 praestantem
366 1603 494 1637 videns
534 1603 788 1647 splendorem,
834 1609 957 1647 postea
998 1602 1095 1635 videt

79 1668 152 1691 esse
180 1661 318 1700 pestem
348 1655 583 1699 reipublicae.

185 1714 264 1749 Vss.
282 1714 359 1748 309
377 1727 456 1761 sqq.
484 1714 592 1750 XXII.

182 1766 244 1801 Vs.
264 1766 351 1801 309.
383 1765 482 1800 Inter
501 1767 673 1801 convivas
700 1772 775 1800 esto
794 1763 906 1799 homo
923 1765 1095 1810 sapiens.]

78 1820 193 1859 Vide,
218 1819 306 1865 quid
329 1819 491 1865 loquaris
520 1826 554 1853 et
585 1831 670 1863 agas
695 1818 732 1850 in
757 1818 938 1851 convivio.

182 1870 262 1906 Vss.
282 1871 359 1905 310
376 1883 430 1916 sq.
484 1871 619 1906 Putato
648 1882 794 1903 omnem
820 1873 1094 1902 conversantem

79 1931 256 1970 tanquam
292 1923 498 1963 absentem,
533 1924 570 1957 id
599 1930 670 1963 est,
705 1935 779 1956 non
805 1922 946 1954 imitato
972 1932 1099 1965 quem—

79 1988 212 2023 quam,
240 1975 287 2010 sis
314 1976 440 2010 firmus
458 1976 504 2008 ad
523 1976 755 2009 tolerandum
772 1974 944 2012 ridicula,
974 1973 1011 2004 id
1033 1977 1097 2012 est,

79 2034 281 2063 scommata
302 2028 419 2069 feras,
444 2039 522 2061 non
545 2027 727 2061 movearis
752 2025 1030 2065 scommatibus,
1059 2030 1097 2056 ut

80 2080 211 2115 excites
231 2079 369 2117 rixam;
399 2086 545 2123 oportet
571 2080 666 2113 enim
688 2080 865 2112 devorare
884 2078 995 2110 multa
1018 2088 1098 2109 ver-

81 2132 140 2167 ba.
219 2132 269 2168 (ξε
296 2135 375 2167 mu&
399 2130 708 2179 &dputteffenobten
736 2129 903 2178 babetff'),
943 2139 1010 2165 met
1039 2139 1099 2164 un:

81 2189 132 2220 tet
160 2186 219 2220 ben
237 2184 356 2219 sseuten
373 2185 431 2219 mil
459 2183 543 2228 sein,
572 2198 654 2219 eum
674 2191 819 2230 oportet
837 2183 947 2216 multa
967 2189 1098 2215 tacere.

186 2235 344 2271 Vs.312.
374 2236 626 2278 considerans,
644 2238 787 2283 qualem
807 2236 969 2269 animum
990 2246 1100 2268 unus-

83 2287 237 2334 quilibet
253 2285 391 2333 habet,]
410 2288 502 2329 vide,
520 2302 610 2335 quos
628 2287 762 2323 habeas
774 2289 810 2322 in
823 2287 991 2321 convivio
1011 2286 1100 2319 ami-

84 2352 166 2381 cOS,
203 2352 295 2386 quos
323 2352 449 2380 veros,
493 2353 584 2386 quos
609 2343 768 2382 fucatos,
804 2353 895 2387 quos
921 2338 1100 2378 inimicos,

83 2392 180 2426 disce
198 2389 397 2427 homines.·
430 2392 513 2428 23&ss
542 2393 601 2439 bat
628 2396 702 2435 aud)
731 2394 783 2430 ein
810 2397 907 2435 τηαῧ,
937 2392 1031 2425 inter
1046 2391 1101 2424 in-

120 2517 151 2551 8)
173 2520 284 2544 Terent.
303 2520 389 2544 Andr.
409 2520 444 2551 3,
465 2521 497 2551 4,
521 2519 564 2544 25.

121 2582 152 2609 9)
172 2580 354 2604 proverbium
381 2580 419 2607 (ξπ
449 2579 492 2611 beu
518 2579 843 2611 &dputtbcificmsbrcn'
877 2581 947 2611 quod
976 2579 1101 2603 sinn-ock-

156 2616 174 2638 1.
196 2615 214 2638 l.
235 2623 259 2645 p.
276 2616 336 2641 43⁶3.
364 2622 405 2639 nr.
426 2616 504 2641 9281.
531 2618 558 2639 et
578 2617 665 2640 Korte
693 2616 710 2638 Ι.
731 2617 747 2638 Ι.
774 2623 796 2644 p.
812 2615 873 2641 3³6.
902 2615 1039 2644 afferunt,
1069 2615 1103 2637 ab

157 2650 207 2673 hoc
226 2650 266 2673 sic
286 2650 459 2680 explicatur:
489 2650 550 2676 §Bon
569 2650 616 2675 ten
637 2649 865 2682 Qorf=&d)u[5cn
886 2650 954 2681 ttoqt
977 2649 1028 2675 unb
1050 2649 1104 2680 sngt

157 2689 236 2714 mans
259 2684 306 2714 bag
325 2686 354 2715 stc
375 2691 424 2710 nut
445 2685 541 2716 beten,
561 2688 618 2710 mnf,
637 2686 668 2716 Γιε
690 2685 797 2716 ιηῦςςη,
828 2685 878 2710 unt)
899 2684 944 2713 ba&
964 2684 994 2715 Γιι
1015 2682 1105 2714 febrvct

158 2718 253 2784 abaci„
283 2720 343 2746 mett
365 2720 395 2751 ste
416 2720 504 2752 sebmet
524 2719 669 2752 vetsteben,
701 2721 758 2746 obet
778 2718 820 2752 fid>
841 2718 993 2751 mcutastene
1013 2719 1037 2751 fo
1058 2724 1105 2744 cm:

179 2760 190 2779 e
213 2760 252 2779 cn.

87 2797 277 2828 ΜΕΒΛΝΤΗ.
303 2797 410 2828 Ormi.
434 2799 519 2828 Vm..
545 2798 635 2829 XIX.

469 110 658 147 LXXVIII.
709 109 1003 145 EXPLICATIO
1039 107 1428 145 SENTENTIARUM
1463 106 1773 143 THEOGNIDIS.

2106 106 2156 143 98

1116 198 1120 276 Ι
1145 197 1326 231 sanientes
1355 195 1533 235 insanire,
1564 195 1610 227 ita
1636 207 1680 227 ne
1700 194 1807 228 etiam
1828 201 1958 228 tractes
1984 194 2075 228 seria
2102 194 2157 227 in-

1146 255 1200 282 ter
1224 250 1363 289 ebrios,
1387 249 1449 284 mie
1477 250 1531 283 bet
1559 248 1593 282 in
1611 249 1666 283 bet
1681 246 1876 280 Comoedia
1907 245 1996 292 fagtt
2024 246 2155 280 Nonne

1146 302 1276 346 pudet,
1305 308 1339 335 te
1356 313 1430 335 esse
1447 299 1615 334 ebrium?
1651 298 1713 332 llle
1730 300 1941 344 respondet:
1971 299 2101 333 Nonne
2125 304 2158 331 te

1147 355 1277 397 pudet,
1307 354 1404 399 quod
1432 353 1602 396 obiurgas
1632 351 1797 384 ebrium?
1841 352 1928 388 (ξίηῧ
1953 350 1990 395 ist
2019 351 2096 386 eben
2125 349 2157 393 ῘΟ

1147 410 1222 449 gut,
1253 406 1308 441 αῐέ
1336 408 1399 441 bag
1429 408 1541 441 anbet.
1596 403 1696 437 Sicut
1723 403 1906 447 Hispanus
1932 401 1989 436 bic
2016 403 2158 436 dicebat

1148 458 1185 489 in
1214 458 1327 497 bello,
1358 464 1440 490 ante
1468 469 1584 490 annos
1611 454 1656 490 5:
1703 455 1835 489 Noster
1861 456 2061 499 imperator
2084 455 2156 487 iam

1147 521 1222 542 non
1242 516 1322 554 aget
1340 510 1384 542 de
1402 509 1576 554 religione
1588 534 1596 548 ‚
1625 508 1684 540 ille
1701 508 1767 541 scit
1784 520 1846 541 vos
1863 507 2066 541 Germanos
2084 518 2159 540 esse

1149 561 1287 601 ebrios,
1317 567 1350 594 et
1375 561 1446 593 iam
1472 562 1548 594 vult
1573 573 1636 594 vos
1660 560 1776 593 facere
1803 559 1965 599 sobrios,
1996 559 2073 592 vult
2096 571 2159 592 vos

1147 613 1249 657 prius
1284 612 1458 656 castigare
1489 619 1523 646 et
1553 624 1724 645 revocare
1749 613 1794 645 ad
1828 612 2061 646 sobrietatem
2091 611 2158 644 isto

1148 665 1255 699 bello.
1309 664 1400 697 Ecce
1427 664 1510 697 talia
1541 664 1665 697 dicunt
1694 662 1860 698 homines
1889 663 2081 708 sapientes.

1253 715 1332 750 Vss.
1345 714 1421 750 315
1439 729 1492 762 sq.
1521 716 1627 749 Multi
1646 716 1731 749 mali
1747 722 1831 750 sunt
1847 715 1975 749 divites
1988 743 1996 755 ‚
2021 721 2055 748 et
2071 714 2159 747 boni

1149 775 1232 803 sunt
1247 781 1445 814 pauperes,
1472 780 1548 801 non
1567 769 1869 802 commutabimus
1887 781 1966 801 cum
1985 767 2054 800 illis
2067 763 2093 813 ,]
2124 766 2160 799 id

1149 827 1221 861 est,
1249 833 1316 854 nos
1343 820 1514 853 virtutem
1544 821 1777 854 anteferimus
1799 820 1944 853 divitiis.
1999 820 2047 860 St
2075 816 2161 862 must

1148 874 1198 909 Die
1226 873 1481 906 correlativam
1508 872 1590 918 recht
1619 870 1794 917 vetstebeu.

1251 924 1329 959 Vss.
1348 924 1424 958 316
1437 945 1480 950 -
1499 925 1586 960 320.
1642 924 1716 958 Bos
1745 936 1819 957 non
1836 923 2001 957 dabimus
2027 923 2074 956 eis
2090 921 2161 954 vir-

1151 983 1262 1010 tutem
1289 989 1355 1022 pro
1384 976 1541 1017 divitiis,
1582 976 1666 1022 quia
1693 976 1807 1010 virtus
1835 982 1887 1009 est
1912 976 2037 1015 firma,
2074 973 2161 1007 alias

1150 1029 1240 1063 alius
1267 1027 1458 1062 hominum
1486 1027 1594 1062 habet
1617 1028 1774 1062 divitias.
1829 1027 1954 1061 Bonus
1989 1027 2043 1059 vir
2071 1039 2162 1060 sem-

1148 1093 1213 1125 per
1240 1078 1351 1114 habet
1387 1082 1528 1114 firmam
1562 1087 1742 1120 mentem,
1782 1092 1856 1114 non
1881 1079 2060 1123 frangitur
2085 1078 2163 1111 ani-

1149 1144 1230 1173 mO,
1255 1140 1306 1166 est
1329 1133 1514 1166 animosus
1539 1139 1573 1166 et
1597 1132 1735 1177 positus
1759 1133 1795 1165 in
1818 1132 1942 1172 bonis,
1971 1137 2005 1164 et
2024 1131 2161 1175 positus

1149 1186 1186 1217 in
1215 1185 1348 1229 malis]
1403 1185 1574 1218 Subditus
1593 1190 1667 1217 esto
1690 1183 1788 1224 Deo,
1819 1190 1853 1217 et
1874 1195 1937 1217 ora
1961 1195 2055 1217 eum.
2098 1182 2161 1216 Est

1150 1235 1356 1270 Christiana
1387 1237 1522 1280 regula.
1584 1236 1735 1280 Semper
1756 1237 1927 1269 debemus
1954 1235 1986 1268 ei
2015 1234 2161 1268 obedire

1149 1295 1215 1323 etc.
1271 1288 1347 1322 Pax
1369 1287 1438 1321 Dei
1461 1295 1586 1333 regnet
1609 1288 1646 1320 in
1673 1289 1841 1322 cordibus
1866 1287 2004 1321 vestris.

1254 1339 1333 1374 Vss.
1356 1341 1427 1376 321
1449 1353 1501 1386 sq.
1559 1340 1648 1374 Cum
1667 1339 1764 1374 Deus
1791 1340 1888 1373 malo
1907 1339 2053 1384 praebet
2073 1337 2162 1371 divi-

1150 1392 1238 1431 tias,
1276 1392 1404 1426 stultus
1426 1405 1500 1426 non
1534 1399 1651 1437 potest
1676 1392 1856 1433 detinere,
1891 1391 2068 1430 retinere,
2105 1402 2163 1423 co-

1149 1442 1273 1478 hibere
1301 1442 1508 1492 malitiam]

1254 1504 1389 1535 Asperius
1409 1505 1477 1528 nihil
1498 1505 1541 1528 est
1560 1503 1669 1535 humili,
1691 1511 1750 1528 cum
1770 1503 1861 1535 surgit
1880 1503 1906 1527 in
1925 1503 2013 1527 altum
2026 1501 2079 1535 Μ).

1149 1549 1369 1583 Praesertim
1400 1549 1429 1583 si
1456 1562 1556 1582 mens
1583 1555 1635 1582 est
1653 1549 1766 1588 mala,
1795 1548 1823 1582 si
1840 1554 1970 1581 natura
1986 1554 2038 1581 est
2056 1547 2164 1590 mala,

1151 1599 1247 1647 ἀρχὴ
1283 1599 1407 1648 ἄνδρα
1444 1599 1625 1636 δείκνυσι.
1687 1601 1844 1645 Quando
1877 1612 2016 1645 pauper
2048 1600 2163 1633 malus

1151 1660 1204 1687 est
1228 1654 1424 1687 instructus
1451 1653 1586 1686 divitiis
1621 1659 1654 1686 et
1690 1654 1871 1697 potentia,
1914 1652 2007 1685 mala
2033 1659 2163 1685 natura

1151 1705 1299 1752 quando
1325 1712 1377 1740 est
1403 1711 1507 1739 nacta
1533 1705 1754 1750 potentiam,
1792 1703 1875 1738 binc
1901 1711 2024 1749 postea
2053 1704 2165 1738 exerit

1152 1757 1342 1791 malitiam.

1255 1808 1333 1843 Vss.
1353 1809 1429 1844 323
1446 1822 1523 1855 sqq.
1552 1807 1674 1843 XXIII.
1711 1808 1764 1841 De
1783 1808 1980 1842 retinendis
2001 1808 2136 1842 amicis.

1255 1860 1543 1895 Ecclesiasticus:
1592 1861 1890 1894 Benevolentiam
1937 1860 2043 1893 amici
2085 1867 2164 1893 tan-

1153 1924 1263 1957 quam
1294 1914 1469 1958 pupillam
1490 1913 1584 1947 oculi
1610 1913 1800 1947 custodias.
1854 1912 1937 1946 Non
1957 1913 2064 1946 debes
2081 1925 2165 1946 con-

1153 1970 1315 1998 temnere
1340 1965 1558 1999 ossensiones
1576 1966 1631 1998 vel
1652 1965 1855 1999 occasiones
1875 1965 2063 2005 irritandi,
2091 1965 2164 1998 imo

1154 2016 1338 2050 alienandi
1362 2017 1516 2052 animos.
1572 2017 1728 2062 Quidam
1751 2024 1835 2051 sunt
1854 2017 1902 2050 ita
1919 2017 2014 2051 leves
2032 2023 2066 2050 et
2084 2017 2166 2050 suti-

1154 2069 1227 2109 les,
1269 2075 1309 2102 ut
1337 2082 1553 2115 quacunque
1581 2070 1638 2102 vel
1665 2069 1844 2104 levissima
1873 2081 1978 2104 causa
2009 2070 2167 2103 alienent

1154 2133 1308 2155 ammos.

1258 2172 1318 2207 Vs.
1338 2173 1424 2208 323.
1478 2172 1674 2219 Nunquam
1692 2174 1821 2218 perdas
1839 2174 1994 2207 amicum
2016 2179 2167 2219 propter

1155 2238 1306 2271 parvam
1338 2224 1563 2259 occasionem
1595 2238 1708 2270 parvo
1733 2233 1923 2271 praetextu
1946 2227 2002 2259 vel
2030 2222 2165 2272 causan]

1155 2276 1389 2323 Phocylides:

1208 2329 1279 2376 Mo}
1294 2328 1406 2376 φίλον
1424 2328 1604 2376 ἐχθαίρῃς
1619 2326 1840 2376 ἁμαρῒάὸος
1849 2328 1956 2365 ἕνεκα
1967 2327 2165 2375 μικρῆςω).

1259 2382 1508 2428 Salomon¹¹):
1544 2384 1762 2417 Occasiones
1794 2382 1956 2428 quaerit,
1993 2381 2052 2426 qui
2088 2380 2166 2413 vult

1156 2434 1338 2469 discedere
1374 2435 1418 2467 ab
1454 2435 1594 2475 amico,
1633 2435 1695 2481 qui
1730 2435 1867 2479 appetit
1904 2432 2163 2467 seiunctionem

1157 2488 1201 2520 ab
1229 2487 1365 2525 amico,
1394 2486 1453 2520 ille
1480 2488 1648 2520 facillime
1676 2487 1813 2520 invenit
1830 2485 2077 2520 stultissimam
2101 2485 2165 2517 ali-

1127 2577 1129 2582 ·
1158 2551 1266 2584 quam
1291 2550 1448 2573 causam.

1126 2593 1130 2609 1

1190 2665 1245 2697 9³)
1270 2666 1413 2691 claudian.
1433 2665 1460 2695 1,
1484 2666 1540 2689 181.

1193 2710 1239 2738 10)
1261 2709 1340 2733 Conf.
1361 2714 1448 2738 supra
1468 2715 1493 2738 p.
1513 2710 1555 2732 81.
1577 2712 1641 2732 notu
1660 2707 1701 2732 72.

1192 2751 1237 2783 11)
1260 2753 1343 2778 Prov.
1365 2753 1413 2779 18.
1435 2753 1456 2777 1.
1670 2788 1692 2819 7
