2421 3005
104 69 152 103 93
490 66 678 100 LXXVIII.

100 162 153 189 tes
171 155 343 199 gloriam,
372 167 488 200 neque
507 154 638 187 tacebis
658 152 794 188 hahens
818 155 1024 188 immortale
1049 167 1114 188 no-

101 219 205 247 men,
234 206 328 239 inter
345 203 512 239 homiues
528 217 675 239 versans
692 219 758 251 per
776 213 890 240 totam
908 206 1113 247 Graeciam,

101 265 137 292 et
154 258 290 292 insulas
314 257 510 297 transiens,
539 257 721 292 traiiciens
747 271 854 303 super
876 271 977 292 mare
998 258 1113 303 pisco-

100 323 198 349 sum,
226 309 346 343 sterile
358 336 366 349 ,
392 309 550 343 insidens
567 321 642 342 non
659 309 695 342 in
715 316 815 355 tergo
831 311 927 356 equi,
953 311 1015 344 sed
1030 310 1113 343 mit-

99 368 176 395 tent
194 361 239 394 ad
256 367 291 394 te
308 359 459 395 honesta
478 359 607 409 dona]
637 362 698 398 Qu
715 362 777 407 ᾗίὲῐ
802 361 875 407 auff
897 364 1021 398 meinen
1042 370 1112 397 ner:

99 413 170 457 sen,
198 411 284 457 nicht
299 412 374 458 auff
386 415 442 449 ben
457 411 610 459 pfetben,
639 425 731 460 quae
747 421 829 448 sunt
847 420 1018 448 coronata
1037 414 1113 446 vio-

99 465 154 499 lis.
208 464 266 498 Tu
287 465 465 510 equitabis
482 465 519 498 in
537 465 627 500 meis
645 466 877 500 carminibus.

202 523 279 558 Vss.
296 522 369 560 251
390 538 443 571 sq.
473 524 652 560 Omnibus
670 527 780 566 enim,
812 527 946 572 quibus
966 537 1112 559 carmen

100 587 205 609 curae
223 581 275 609 est
288 603 296 615 ,
325 577 371 609 ad
389 583 552 620 posteros
569 578 638 611 eris
654 578 780 618 simul,
809 580 923 611 donec
943 583 1111 611 estterra

99 633 133 660 ot
150 625 235 674 sol.]
264 626 452 661 Promittit
468 628 534 662 sibi
553 630 638 663 satis
654 630 799 673 longam
825 629 1040 662 memoriam
1066 629 1111 661 ad

97 679 360 723 posteritatem.

201 738 261 773 Vs.
285 738 374 775 253.
419 738 496 784 Ego
528 751 546 772 a
578 746 611 773 te
636 753 838 787 consequor
867 741 1030 784 exiguam
1057 752 1111 773 rc-

97 789 331 839 verentiam]
377 791 456 827 ἓαῧ
485 791 589 837 gibstu
619 793 684 827 mit
717 804 755 838 511
788 793 886 839 [obn.
933 796 975 828 bu
1009 792 1111 839 [cbeist

99 841 173 886 auff
186 842 277 888 mid).

201 901 262 936 Vs.
279 900 367 938 254.
396 902 465 936 Sed
480 902 572 936 sicut
589 914 741 947 parvum
762 915 913 947 puerum
942 903 1109 952 decipis]

96 953 159 990 Qu
177 954 257 998 gibst
274 955 338 990 mit
355 959 458 997 mort„
488 961 522 988 et
537 967 595 988 me
614 954 749 999 decipis
776 961 897 988 tamen
910 983 918 995 ‚
953 958 995 992 bu
1023 956 1110 1001 spot:

97 1005 155 1048 test
185 1006 272 1042 mein
296 1005 477 1052 gleicbmot.
546 1006 625 1043 {Bet
658 1007 750 1043 einen
775 1015 839 1042 von
865 1009 982 1053 gutgen
1010 1007 1109 1053 bitfft,

97 1055 188 1103 bttfft
204 1057 240 1103 jn
257 1059 359 1095 mibet
378 1060 496 1094 baran.

199 1118 278 1153 Vss.
294 1116 370 1154 257
388 1131 441 1164 sq.
474 1117 551 1161 Ego
570 1129 648 1151 sum
665 1115 816 1161 pulchra
834 1130 924 1163 equa
942 1125 976 1151 et
999 1125 1110 1152 certa-

94 1169 184 1209 trix,
206 1171 268 1204 sed
283 1170 478 1214 pessimum
496 1169 615 1202 virum
632 1166 742 1215 fero.]
766 1168 999 1203 Considerate
1016 1182 1109 1203 rem-

96 1220 277 1264 publicam
306 1221 478 1266 aliquam.
540 1219 756 1263 Respublica
780 1221 897 1253 Attica
925 1228 976 1255 est
1003 1233 1107 1267 equa,

96 1278 131 1304 et
155 1272 224 1305 fert
246 1272 484 1306 Alcibiadem.
546 1270 703 1304 Ecclesia
725 1271 794 1304 sert
819 1272 950 1306 Arium
966 1299 975 1313 ‚
1009 1274 1108 1306 fovet

94 1322 232 1367 pullos,
260 1323 422 1368 quisunt
439 1321 548 1356 exitio
565 1321 694 1362 matri,
732 1322 823 1355 sicut
848 1329 900 1356 est
924 1323 961 1356 in
989 1336 1106 1357 exem-

93 1374 157 1419 plo
176 1374 219 1407 de
237 1371 454 1419 hypolaide‚
482 1385 544 1407 seu
563 1384 712 1406 curruca
730 1380 764 1405 et
780 1374 918 1408 cuculo.

197 1433 275 1468 Vss.
287 1433 518 1470 258-260,
547 1433 624 1466 Hoc
643 1439 694 1467 est
713 1432 804 1466 mihi
822 1434 1105 1476 acerbissimum,

95 1485 341 1525 dolorificum;
378 1497 483 1530 saepe
516 1485 616 1519 volui
645 1485 767 1529 fugere
791 1497 925 1529 rupens
949 1487 1106 1527 frenum,

94 1538 275 1572 excutiens
297 1538 433 1571 malum
450 1535 764 1585 gubernatorem]
791 1538 850 1573 Qu
863 1537 1020 1583 {dyeintssf
1049 1541 1104 1574 αῑῧ

92 1588 144 1633 fet)
160 1593 194 1625 eg
212 1591 296 1635 nid9t
312 1592 422 1635 gan&
447 1590 509 1624 sed
527 1589 633 1622 affert
648 1589 754 1621 aliam
776 1589 930 1633 speciem
955 1590 1104 1633 ingrati-

92 1640 239 1675 tudinis.
293 1641 357 1687 Sd)
372 1642 448 1686 gebe
465 1640 538 1685 auf-f
553 1641 602 1676 bie
621 1639 825 1685 ffiulfcbaffts
855 1641 929 1685 ῐαΠε
947 1642 1026 1687 mid)
1042 1643 1104 1677 niet

94 1691 217 1735 Postea,
246 1693 297 1727 cin
315 1695 415 1728 <iubet
433 1693 547 1728 ttinoet
564 1694 623 1728 ben
638 1692 737 1728 {sein
755 1696 831 1728 αιιὸ.

194 1751 272 1786 Vss.
282 1752 354 1787 261
368 1765 420 1798 sq.
448 1751 531 1786 Non
542 1750 631 1785 mihi
640 1752 776 1786 bibitur
792 1753 920 1786 vinum
942 1755 1038 1797 apud
1052 1760 1103 1786 te-

94 1816 217 1837 neram
244 1804 422 1848 puellam,
459 1804 518 1837 sed
548 1803 638 1837 alius
663 1803 719 1836 vir
741 1804 880 1838 obtinet
907 1805 1022 1838 multo
1047 1818 1103 1838 me

95 1855 257 1888 inferior.

195 1906 256 1940 Vs-
276 1906 364 1941 263.
406 1905 591 1950 Frigidum
604 1932 613 1945 ‚
655 1905 690 1938 id
724 1911 794 1944 est,
839 1918 970 1950 aquam
1006 1908 1100 1950 apud

93 1956 186 1992 hanc
202 1958 332 1991 bibunt
348 1956 447 1991 chari
464 1964 631 2002 parentes
643 1954 673 2004 ‚]
693 1956 734 2000 sie
750 1958 848 2002 geben
865 1958 986 1993 meimet
1001 1956 1101 1993 imur:

94 2015 143 2045 tet
161 2011 252 2045 einen
269 2010 391 2045 truncf.
453 2009 569 2042 Attica
596 2009 691 2041 favet
707 2009 906 2049 Alcibiadi,
936 2022 1009 2042 non
1028 2009 1101 2055 Ly-

94 2062 188 2101 ciae,
222 2061 323 2095 vadit
346 2067 516 2108 aquatum
530 2087 539 2101 ‚
575 2066 609 2093 et
625 2072 682 2093 me
701 2060 769 2093 fert
787 2067 922 2094 tamen.

198 2112 276 2147 Vss.
294 2111 371 2149 265
388 2126 440 2158 sq.
467 2112 673 2156 Utrumque
684 2112 844 2145 osculum
862 2110 1000 2160 rapio‚]
1020 2112 1100 2148 ῶαῧ

106 2164 271 2210 ἰῴεΐωαῧ
299 2167 426 2201 δαΐῡοη
450 2164 551 2210 ἘϊίθΒ.
604 2163 796 2203 Fremens,
824 2164 981 2197 mediam
999 2165 1099 2209 puel-

91 2215 163 2249 lam
184 2216 361 2261 arripiens
378 2215 517 2256 cubito,
544 2215 686 2249 osculor
702 2214 825 2248 medio
846 2215 957 2256 collo,
986 2222 1020 2249 et
1038 2216 1097 2249 illa

90 2267 228 2314 aliquid
243 2273 407 2303 tenerum
425 2267 498 2301 edit
514 2279 555 2301 ex
573 2264 670 2314 ore,]
697 2266 752 2312 lest
768 2266 847 2313 mid)
861 2267 962 2314 geben
973 2292 983 2310 r
1011 2267 1099 2313 spott

88 2329 223 2356 memet.

192 2371 242 2406 Vs
258 2370 346 2408 267.
382 2370 436 2405 Sit
451 2369 518 2404 tibi
532 2375 620 2403 nota
638 2381 860 2416 quamquam
878 2369 993 2403 aliena
1007 2367 1037 2418 ‚]
1060 2369 1097 2403 id

87 2430 158 2465 est,
202 2435 278 2457 non
300 2423 346 2457 sit
368 2429 429 2456 tua
455 2427 670 2467 paupertas,
712 2422 774 2456 sed
797 2428 919 2456 tamen
943 2421 1032 2456 scias
1058 2422 1095 2455 in

87 2487 235 2518 genere,
263 2475 378 2521 qualis
395 2474 456 2511 sit;
495 2473 583 2507 vites
607 2485 707 2512 eam,
744 2473 829 2519 quia
857 2485 995 2519 pauper
1016 2473 1095 2507 ubi-

87 2538 154 2570 que
171 2527 274 2561 iacet.
307 2525 488 2571 Loquitur
503 2526 545 2558 de
564 2526 670 2564 sacto,
698 2536 772 2557 non
788 2526 832 2558 de
851 2525 940 2559 iure.

188 2577 265 2612 Vss.
282 2576 515 2613 268-274.
543 2576 627 2610 Non
648 2575 745 2608 venit
763 2575 800 2608 in
826 2575 958 2609 iudicia
977 2588 1093 2621 neque

82 2628 214 2661 forum.
276 2628 420 2674 Ubique
443 2626 552 2661 habet
576 2627 752 2666 deterius,
795 2626 928 2672 ubique
955 2633 1005 2661 est
1030 2628 1089 2659 ab·

82 2679 195 2719 iecta,
231 2692 303 2711 non
328 2686 378 2713 est
403 2679 596 2719 excellens,
643 2677 792 2717 eximia,
836 2684 887 2712 est
919 2678 1086 2723 vulgaris,

734 65 1027 101 EXPLICATIO
1062 66 1449 105 SENTENTIARUM
1484 70 1791 107 THEOGMDIS.

2122 72 2171 106 94

1168 158 1330 201 plebeia,
1358 158 1492 203 ubique
1508 165 1559 192 est
1584 158 1696 192 invisa
1724 160 1847 197 simul,
1883 159 2084 204 ubicunque
2109 167 2169 193 cst.

1168 208 1275 243 Forte
1295 210 1362 243 alia
1382 207 1590 243 hominibus
1606 209 1667 243 Dii
1684 218 1859 244 senectam
1881 210 2120 255 perniciosam
2138 218 2171 243 et

1167 261 1389 295 iuventutem
1409 262 1597 296 dederunt.
1631 261 1736 295 Multi
1755 263 1861 296 etiam
1882 268 2028 306 peccaut
2045 267 2169 295 aetate.

1167 320 1327 348 senectus
1351 320 1402 348 est
1427 314 1542 353 mala,
1582 314 1748 348 iuventus
1776 321 1827 348 est
1849 315 1962 353 mala,
2001 314 2061 347 sed
2085 325 2171 357 pau·

1167 372 1286 409 pertas
1305 367 1467 399 omnium
1493 378 1613 399 rerum
1636 366 1847 410 pessimum,
1882 366 1988 399 etiam
2015 364 2170 399 deterius

1168 423 1283 450 morte
1300 424 1334 451 et
1351 416 1518 451 omnflbus
1534 418 1683 451 morbis.

1270 477 1329 511 Vs.
1348 476 1436 512 275.
1477 478 1675 523 Postquam
1698 489 1827 521 pueros
1852 476 2000 515 alueris,
2037 483 2069 509 et
2095 476 2169 508 ido-

1167 540 1254 567 nca,
1284 529 1522 573 opportunia,
1550 529 1739 562 commoda
1759 527 1977 572 praebueris.

1271 579 1435 628 ἄρμενα]
1463 581 1497 614 id
1515 587 1577 620 est,
1606 581 1843 614 instrumenta
1863 579 2064 617 commoda⁷
2088 578 2168 610 iude

1167 631 1263 663 venit
1282 629 1475 665 harmonia
1493 639 1526 665 et
1544 644 1656 666 arma.

1270 692 1347 726 Vss.
1370 693 1445 728 277
1464 705 1515 738 sq.
1543 693 1683 725 Tamen
1701 698 1839 736 patrem
1866 692 2019 724 oderunt
2037 696 2071 723 et
2094 702 2170 723 exe-

1166 750 1333 784 crantur,
1371 751 1409 777 ut
1436 751 1578 788 pereat,
1613 751 1646 777 et
1672 746 1826 777 oderunt
1852 744 1941 777 sicut
1964 742 2169 775 mendicum

1165 794 1402 843 venientem]
1431 794 1655 839 Ingratitudo
1682 796 1860 828 malorum
1886 806 1967 839 erga
1993 800 2169 838 parentes.

1166 847 1281 882 Malus
1296 860 1371 881 non
1389 853 1484 880 recte
1500 847 1634 881 iudicat
1653 846 1756 880 iusta.

1268 908 1435 944 Vs.279.
1480 907 1771 941 Consentaneum
1807 912 1857 939 est
1890 905 2023 938 malum
2051 905 2168 938 virum

1164 960 1256 992 male
1280 960 1438 994 iudicare
1464 957 1588 1006 iusta]
1626 958 1787 993 Nemesis
1815 964 1866 991 est
1890 956 2089 1001 indignatio
2118 957 2169 989 di-

1164 1024 1177 1042 x
1189 1012 1245 1044 ina
1266 1013 1418 1055 puniens
1434 1011 1569 1045 atrocia
1586 1011 1726 1044 delicta.

1268 1072 1327 1106 Vs.
1346 1073 1433 1108 280.
1462 1072 1607 1106 Nullam
1626 1083 1781 1115 poenam
1809 1068 1968 1103 timentis
1979 1066 2008 1115 ‚]
2047 1068 2081 1101 id
2106 1075 2167 1102 cst.

1163 1136 1236 1155 nun
1261 1125 1390 1157 timens
1407 1123 1546 1163 Deum,
1581 1136 1655 1155 non
1680 1123 1814 1155 iudicat
1838 1127 1944 1154 recte.
1998 1117 2165 1155 Mciwuu

1161 1172 1304 1219 μάταια
1323 1173 1533 1224 λογίζονται
1553 1171 1603 1208 δι’
1624 1171 1839 1218 ἐπιθυμίας.
1890 1171 2057 1212 Catilina,
2085 1171 2167 1204 Cas-

1163 1228 1234 1260 sius
1252 1227 1379 1260 volunt
1398 1227 1505 1270 potiri
1526 1227 1698 1269 imperio,
1725 1231 1757 1257 ct
1782 1230 1960 1257 conantur
1980 1235 2036 1256 res
2058 1235 2165 1267 supra

1162 1291 1242 1312 suas
1259 1279 1371 1317 vires,
1399 1285 1433 1311 et
1452 1278 1691 1311 excutiuntur.

1264 1338 1325 1372 'Vs-
1356 1339 1444 1373 281.
1508 1337 1606 1370 Malo
1644 1338 1741 1369 adest
1777 1347 1936 1373 sumere,
1982 1334 2165 1368 instituere

1160 1390 1273 1423 multa
1290 1387 1548 1435 impossibilia]
1575 1390 1621 1424 Die
1641 1399 1672 1423 ct
1691 1387 1775 1431 nicht
1793 1387 1917 1431 binauss
1934 1385 2028 1431 fiircn
2046 1386 2140 1421 ΐαηη.

1264 1449 1325 1483 Vs.
1349 1450 1436 1485 282.
1474 1449 1588 1482 Obvia
1616 1449 1659 1481 ad
1690 1445 1836 1494 pedes]
1867 1450 1941 1482 ιυαῧ
1966 1447 2066 1482 einem
2092 1456 2165 1481 nor:

1159 1504 1280 1547 Pomm.

1263 1553 1398 1586 Putare
1429 1558 1546 1584 autem
1582 1552 1677 1584 adest
1713 1551 1764 1588 ei,
1808 1551 1904 1595 quod
1932 1550 2051 1582 omnia
2080 1550 2162 1582 velit

1159 1603 1308 1650 pulchre
1342 1601 1538 1649 collocare]
1576 1602 1698 1635 Cassio
1727 1607 1825 1635 adest
1848 1599 2047 1645 provehere
2071 1613 2164 1634 ren]-

1160 1657 1339 1702 puhlicam
1353 1683 1362 1696 ‚
1389 1662 1421 1687 ct
1437 1655 1636 1687 interficere
1654 1655 1861 1687 Caesarem:
1899 1654 1959 1686 sed
1985 1664 2059 1685 non
2086 1665 2162 1696 per-

1159 1710 1241 1742 sirit.

1261 1767 1339 1802 Vss.
1355 1767 1432 1803 283
1452 1780 1529 1813 sqq.
1558 1766 1632 1799 XX.
1662 1765 1715 1798 De
1735 1764 2007 1798 obtrectatione.

1260 1826 1380 1860 Etiam
1412 1838 1492 1859 cum
1525 1824 1718 1858 rectissima
1750 1824 1875 1864 facies,
1913 1830 2032 1856 tamen
2057 1830 2159 1856 erunt

1157 1879 1389 1912 calamitates.

1259 1938 1337 1972 Vss.
1361 1936 1594 1973 283-286.
1628 1935 1771 1970 Nemini
1801 1934 1931 1968 civium
1966 1935 2159 1971 confidens,

1156 1990 1276 2034 profer
1298 1991 1446 2034 pedem,
1481 2000 1597 2033 neque
1627 1988 1784 2021 confidas
1810 1987 2065 2025 iureiurando,
2100 1997 2159 2018 ne-

1156 2054 1223 2087 que
1244 2046 1370 2085 pacto,
1394 2052 1511 2085 neque
1530 2040 1559 2073 si
1575 2040 1658 2072 velit
1679 2039 1849 2083 praebere
1875 2049 2085 2082 sponsorem
2105 2035 2158 2069 Io-

1157 2106 1234 2126 vem
1260 2104 1379 2136 regem
1407 2091 1626 2130 maximum,
1664 2087 1940 2137 iuunortalem]
1978 2088 2158 2122 Iuramen-

1155 2152 1228 2178 tum
1249 2150 1300 2178 est
1316 2142 1498 2176 invocatio
1516 2141 1603 2181 Dei,
1633 2148 1672 2174 ut
1692 2142 1765 2186 ipse
1783 2141 1827 2175 sit
1844 2141 1961 2182 testis,
1999 2146 2032 2173 et
2055 2140 2158 2184 puni-

1154 2203 1210 2230 tor
1228 2208 1289 2230 seu
1306 2195 1454 2234 vindex,
1482 2193 1508 2227 si
1529 2193 1697 2226 fallimus.

1255 2255 1315 2289 Vs.
1335 2254 1422 2290 286.
1450 2253 1584 2286 Volens
1610 2251 1764 2300 ponere]
1794 2253 1828 2285 id
1851 2259 1919 2292 est,
1949 2252 2045 2297 quod
2072 2251 2153 2283 velit

1152 2320 1256 2352 agere
1279 2307 1442 2340 fideliter.

1254 2366 1313 2400 Vs.
1337 2366 1424 2401 287.
1470 2364 1508 2397 In
1533 2364 1674 2398 civitate
1703 2366 1791 2397 adeo
1816 2363 1864 2397 sic
1892 2361 2151 2395 obtrectatrice.

1151 2418 1343 2458 maledica,
1372 2418 1487 2461 placet
1502 2414 1624 2463 nihil.]
1651 2415 1773 2461 Aliqui
1792 2420 1986 2459 pascuntur
2003 2411 2139 2445 sabellis

1149 2476 1188 2503 ut
1205 2467 1296 2503 nihil
1311 2469 1356 2503 sit
1371 2469 1510 2503 dulcius
1527 2480 1634 2513 quam
1652 2467 1837 2512 impertire
1860 2464 2009 2498 fabellas
2029 2464 2072 2495 de
2091 2474 2151 2495 ne-

1148 2521 1253 2565 gotiis
1267 2520 1434 2554 aliorum.
1469 2519 1602 2553 Omnia
1622 2519 1798 2557 iudicant,
1826 2521 1935 2560 agunt
1953 2526 2150 2548 censuram,

1145 2572 1232 2606 foris
1248 2572 1414 2616 sapiunt,
1442 2571 1541 2604 domi
1556 2569 1647 2604 nihil
1664 2570 1818 2614 sapiunt.
1866 2564 2064 2600 Mathesius
2081 2565 2150 2610 sagr

1144 2633 1209 2659 von
1237 2622 1343 2666 {einen
1367 2623 1589 2668 ffiergleuten,
1633 2622 1713 2655 illos
1744 2632 1816 2654 esse
1850 2618 1981 2653 similes
2016 2617 2147 2651 Midae.

1142 2675 1225 2720 qnia
1246 2674 1363 2708 Midas
1382 2675 1447 2707 fuit
1465 2687 1525 2707 rex
1546 2673 1753 2706 metallicus.
1811 2669 1846 2703 ln
1866 2670 1978 2714 Libya
2005 2670 2143 2702 siu-runt
