2421 3005
506 123 726 160 LXXXVIII.
780 120 1066 159 ENARRATIO

147 215 208 249 Vs.
226 213 312 249 497.
343 211 474 262 Obesis]
491 213 583 247 Dick
603 213 676 245 und
695 212 741 245 fet
754 239 762 252 ,
786 210 932 256 proprie
947 209 1043 254 quod
1070 230 1072 242 s

47 281 113 302 nos
132 279 322 306 vocamus,
352 279 419 311 eyn
441 268 575 309 glatten
592 265 709 297 halt-k.

148 318 208 352 Vs.
226 317 313 352 499.
342 314 536 364 Avertitur]
564 316 598 348 id
618 322 688 355 est,
717 320 922 353 aversatur,
947 310 1046 344 fasti-

47 371 118 411 dit,
147 370 272 403 active.
1072 357 1073 376 ³

150 421 210 456 Vs.
221 420 308 455 506.
328 421 461 455 Gemitu
475 416 610 466 gravis]
627 418 695 452 Ein
711 415 899 451 schweren
914 412 1046 447 athem.
1072 411 1073 414 ¹

148 473 210 508 Vs.
227 471 313 507 510.
343 472 509 516 Lenaeos]
546 471 642 504 Vino
669 469 775 503 etiam
799 469 936 501 utimur
964 477 1048 498 con-

47 531 101 559 tra
126 524 437 566 putrefactionem.

152 573 212 607 Vs.
228 570 315 606 515.
344 573 429 604 Ecce
446 570 573 618 aedem]
602 572 655 606 De
674 571 797 605 tauris.

151 632 214 666 Vs.
230 629 317 667 522.
343 633 471 665 Ριινίον
482 629 619 676 electro]
637 632 728 662 Puto
746 630 839 662 enim
857 628 957 674 loqui
975 639 1050 660 non

50 685 93 718 de
118 684 248 718 electro
268 683 414 716 metallo
428 709 436 722 ,
465 683 524 716 sed
546 683 588 714 de
608 681 739 714 electro
759 681 916 713 succino.
978 678 1050 709 Vo-

53 742 154 769 catur
180 741 298 768 autem
326 734 494 767 electrum
514 732 561 778 ¹⁹)
584 738 749 776 agsteyn,
779 731 861 776 quia
885 729 1051 763 similitu-

51 787 135 821 dine
159 787 322 819 imitatur
347 785 515 818 electrum
541 783 747 822 metallum,
775 783 872 827 quod
896 787 947 815 est
962 780 1051 813 mix-
1077 807 1078 810 ,

53 845 130 872 tum
149 838 321 884 quiddam
340 849 380 870 ex
397 842 544 880 argento
571 841 605 868 et
627 846 730 868 auro.

52 895 140 922 nota
160 895 212 922 est
237 894 366 922 natura
391 887 510 921 electri
528 886 681 926 succini,
711 886 880 918 adversus
895 895 1052 929 paroxy-

53 953 149 975 smos
167 940 375 984 epilepticos
396 946 447 974 est
464 939 569 971 valde
595 939 731 971 bonum
757 937 958 969 remedium
973 962 982 975 ,
1019 940 1053 966 et

53 992 202 1037 prodest
242 1003 386 1037 quoque
429 991 466 1024 in
508 996 628 1035 partu.

52 1043 193 1077 Baltico
211 1042 292 1076 sinu
312 1055 385 1076 esse
412 1043 598 1076 collectum
611 1068 620 1081 ,
649 1046 787 1074 veteres
803 1039 933 1073 Graeci
958 1037 1054 1072 dixe-

45 132 123 168 413

52 1100 159 1135 runt,
186 1094 367 1128 destillare
393 1107 435 1128 ex
460 1093 649 1127 arboribus
674 1092 766 1125 circa
791 1091 952 1130 Padum,
993 1089 1052 1122 sed
1080 1085 1081 1127 J

54 1158 97 1192 pa
103 1146 186 1181 ssim
203 1146 374 1180 nascitur.

157 1205 219 1240 Vs.
236 1203 323 1241 526.
350 1209 429 1240 Non
452 1201 627 1252 Massica]
655 1204 689 1237 id
715 1209 784 1242 est,
821 1214 925 1235 causa
949 1199 1056 1235 liuius
1082 1189 1083 1230 l

55 1270 131 1292 non
159 1263 211 1291 est
236 1257 536 1302 intemperantia,
577 1264 618 1289 ut
645 1256 682 1288 in
706 1253 842 1288 morbis
865 1251 1055 1286 hominum
1082 1256 1083 1264 ³

56 1321 161 1350 saepe
179 1309 297 1340 morbi
316 1308 450 1338 habent
470 1309 626 1337 occultas
647 1316 781 1336 causas.

157 1354 219 1389 Vs.
236 1354 323 1391 552.
353 1357 547 1400 Quaesitus]
574 1355 611 1387 id
629 1361 698 1394 est,
727 1353 946 1386 desideratas
971 1365 1056 1386 esse.

152 1405 221 1453 ,Vs-
239 1406 326 1442 534.
349 1404 506 1454 Rastris]
534 1407 570 1439 id
588 1402 658 1447 est,
685 1405 877 1450 ligonibus.

157 1457 207 1493 Vs

57 1516 220 1545 venetur.

160 1569 221 1605 Vs.
239 1568 326 1605 540.
358 1566 551 1617 Vayantur]
579 1569 615 1603 id
634 1575 704 1610 est,
731 1581 806 1602 non
830 1574 981 1613 possunt
1006 1567 1059 1600 fu-

59 1634 141 1667 gere
158 1622 322 1666 impediti
341 1623 482 1656 morbo.

96 1755 144 1790 19)
165 1756 312 1790 electrum]
332 1757 381 1782 Ed.
402 1757 477 1782 1544.
498 1756 624 1781 electum.

781 833 921 866 Deinde
947 831 1051 864 nobis
1077 858 1079 865 ⁴

704 988 844 1022 Plinius
887 987 974 1020 dicit
1015 986 1081 1021 in,

213 1485 220 1493 .
238 1458 325 1494 537.
352 1462 430 1494 IVon
449 1455 562 1506 lupus]
587 1458 621 1491 id
641 1463 704 1498 est,
722 1458 808 1502 lupo
829 1457 940 1495 deest,
960 1455 1056 1501 quod
1084 1456 1085 1479 ³

1101 118 1383 154 GEORGICON
1419 114 1626 151 VIRGILH.
2022 111 2098 145 414

1201 205 1262 239 Vs.
1287 204 1373 241 542.
1410 200 1560 250 Fluctus]
1597 202 1679 248 quia
1707 212 1806 233 mare
1833 198 1928 231 eiicit
1952 203 2095 230 mortua

1100 269 1265 303 corpora.

1190 308 1261 355 >Vs.
1281 305 1368 341 543.
1395 308 1436 340 In
1451 306 1613 349 flumina]
1643 303 1775 337 scilicet
1793 315 1834 335 ex
1850 300 1955 334 mari.

1202 368 1263 402 Vs.
1282 366 1368 401 550.
1399 366 1539 409 Chiron]
1568 364 1739 408 Magister
1758 360 1924 399 Achillis,
1953 366 1986 392 et
2013 358 2099 392 dici-

1103 428 1160 453 tur
1178 420 1283 453 fuisse
1303 418 1472 451 medicus.
1527 415 1686 460 Antiqua
1715 413 1877 447 doctrina
1902 423 2031 454 inagna
2058 422 2099 443 ex

1102 477 1202 516 parte
1225 471 1292 503 suit
1324 468 1510 514 inquisitio
1541 474 1711 504 naturae,
1745 472 1779 497 et
1803 464 1900 497 Deus
1933 461 2100 495 excitavit

1103 524 1279 568 quaedam
1301 520 1506 553 excellentia
1528 517 1667 561 ingenia
1682 543 1690 556 ,
1717 528 1808 562 quae
1835 515 1900 547 ista
1920 519 2099 546 monstra-

1102 581 1182 607 rent
1199 572 1425 610 hominibus,
1448 571 1527 604 talis
1543 571 1610 603 suit
1627 566 1776 602 Chiron.
1819 565 1955 598 Dicunt
1974 569 2098 596 natum

1105 638 1177 659 esse
1194 637 1235 657 ex
1249 622 1396 668 Philyra
1410 649 1418 662 ‚
1441 621 1600 655 fortassis
1621 620 1702 664 quia
1722 620 1758 652 in
1777 618 1885 663 sylvis
1903 615 2002 648 vixit.

1206 675 1267 709 Vs.
1284 674 1371 710 552.
1399 675 1535 707 Pallida
1554 671 1752 715 Tisiphone]
1777 669 1859 715 quia
1883 666 1978 701 haud
1996 664 2102 699 dubie

1105 729 1185 761 illae
1218 740 1343 761 saevae
1378 725 1599 769 pestilentiae
1631 729 1714 756 sunt
1747 722 1850 753 ssatus
1885 717 2038 758 diaboli,
2069 723 2104 749 et

1105 780 1193 812 boni
1234 778 1351 820 angeli
1395 777 1576 820 depellunt
1621 781 1655 807 et
1700 779 1821 805 arcent
1863 771 1943 804 illos
1988 769 2104 802 ssatus.

1109 827 1309 877 Tisiphone]
1342 828 1376 860 id
1405 834 1474 867 est,
1506 827 1679 858 ulciscens
1707 826 1873 861 caedem,
1911 827 2103 865 propterea

1107 884 1203 928 quod
1242 878 1442 913 homicidas
1486 889 1622 922 poenae
1659 875 1831 908 divinitus
1867 873 2105 905 comitantur:

1107 934 1188 967 ideo
1207 933 1256 966 sic
1284 938 1433 964 vocatur
1457 930 1563 963 suria.
1617 928 1737 960 Altera
1764 931 1914 957 vocatur
1929 924 2107 967 ssleyaem,

1108 986 1142 1018 id
1163 991 1231 1024 est,
1260 984 1413 1022 invidia,
1436 980 1656 1023 intliguatio3
1691 977 1798 1011 tertia
1815 976 1950 1015 Alecto,
1983 975 2019 1007 id
2044 980 2107 1013 est,

1108 1049 1183 1070 non
1203 1036 1387 1073 desinens,
1411 1034 1492 1078 quia
1511 1033 1561 1065 illi
1580 1031 1757 1064 cruciatus
1777 1026 2013 1062 conscientiae
2032 1038 2107 1058 non

1110 1088 1290 1121 desinunt.
1345 1082 1546 1128 Tisiphone
1565 1089 1616 1116 est
1633 1094 1736 1115 causa
1757 1080 1890 1117 finali53
1928 1078 2108 1121 Megaera,

1080 1134 1082 1163 Ῐ
1111 1152 1214 1172 causa
1233 1137 1415 1175 formalis,
1442 1136 1474 1168 id
1495 1142 1563 1175 est,
1583 1135 1657 1178 ipse
1675 1133 1797 1170 dolor;
1825 1131 1948 1165 Alecto
1967 1130 2110 1169 modus,

1111 1192 1184 1236 ipsa
1204 1189 1436 1234 perpetuitas.

1210 1248 1272 1282 Vs.
1299 1246 1385 1282 556.
1434 1249 1572 1293 Iamque
1612 1243 1826 1287 catervatim]
1870 1240 1918 1275 Es
1960 1255 1989 1274 u
2001 1241 2110 1274 erden

1111 1313 1231 1346 grosse
1249 1300 1381 1333 cumuli
1401 1299 1630 1331 cadaverum.

1214 1351 1275 1385 Vs.
1293 1349 1380 1385 559.
1400 1350 1528 1394 Corie's]
1546 1350 1580 1382 id
1599 1355 1660 1388 cst,
1687 1347 1773 1380 Man
1792 1347 1882 1378 kaus
1898 1344 1994 1378 leder
2012 1341 2111 1378 nicht

1084 1431 1085 1438 ,
1112 1401 1338 1449 gebrauchen
1354 1430 1362 1443 ,
1394 1403 1467 1436 und
1488 1403 1544 1434 die
1562 1402 1735 1434 cadavera
1755 1396 1939 1433 schinden.

1212 1461 1375 1497 Vs.564.
1399 1459 1565 1509 Pabulae]
1596 1462 1629 1494 id
1658 1467 1726 1500 est,
1765 1457 1959 1497 hibernali,
1988 1457 2023 1490 id
2048 1462 2110 1497 est,

1113 1515 1278 1558 contagio
1298 1512 1462 1548 homines
1484 1526 1628 1559 quoque
1652 1511 1872 1544 inficiuntur.

1214 1573 1274 1607 Vs.
1292 1572 1379 1607 566.
1403 1575 1511 1608 Sacer
1535 1569 1641 1619 iynis]
1670 1570 1727 1603 sie
1751 1570 1899 1612 kriegen
1922 1573 2021 1602 sanct
2037 1565 2111 1598 An-

1085 1650 1087 1666 5
1114 1625 1203 1658 tonii
1226 1626 1325 1665 seur,
1372 1637 1480 1670 quam
1514 1625 1620 1657 credo
1653 1635 1733 1656 euin
1765 1619 1952 1664 complecti
1987 1630 2111 1651 omnes

1085 1698 1087 1711 i
1114 1677 1429 1710 inflammationes.

1084 1509 1085 1534 l

1084 1545 1085 1558 i

1084 1564 1086 1584 l

1084 1586 1085 1602 l

1216 1736 1291 1769 lam
1308 1736 1470 1782 sequitur
1487 1735 1638 1768 materia
1655 1734 1859 1769 iucundior.

654 1857 701 1891 ln
737 1857 903 1891 librum
929 1857 987 1892 IV.
1013 1856 1275 1901 Georgicon
1311 1854 1517 1900 Virgilii.

164 1946 324 1992 Quartus
344 1945 435 1978 liber
468 1943 576 1978 habet
604 1943 881 1988 descriptionem
905 1950 1056 1977 naturae

61 2008 191 2040 apum,
233 1998 271 2027 in
304 2005 376 2039 quo
401 1999 454 2026 est
478 1996 645 2036 inprimis
677 1997 817 2035 elegans
845 2001 878 2025 et
913 1994 1058 2028 mirabi-

60 2047 104 2081 tis
119 2045 334 2090 proprietas.
383 2044 476 2078 Nam
497 2044 580 2089 quia
597 2044 825 2089 persequitur
842 2044 934 2077 idem
954 2056 1059 2088 argu-

61 2103 244 2137 mentum,
271 2095 528 2140 descriptiones
550 2102 634 2130 sunt
662 2096 922 2136 accuratiores,
950 2108 1057 2142 quam

61 2150 99 2183 in
124 2148 371 2194 superioribus
400 2147 500 2181 libris
518 2173 527 2188 ,
573 2147 612 2180 in
637 2148 766 2194 quibus
792 2148 921 2182 videtis
946 2148 1058 2181 multa

62 2213 136 2236 esse
159 2201 326 2245 abrupta.
380 2199 449 2232 Sed
473 2197 541 2233 hoc
563 2206 814 2244 argumentum
842 2199 956 2244 magis
979 2212 1059 2244 per-

62 2252 169 2292 texit,
197 2258 321 2297 postea
346 2249 485 2284 habetis
502 2248 558 2284 hic
580 2252 775 2286 multarum
794 2264 915 2286 rerum
939 2251 1060 2296 appel-

62 2304 235 2344 lationes,
269 2310 309 2337 ut
331 2303 560 2348 plantarum,
594 2303 834 2344 insectorum,
863 2310 928 2337 etc.
997 2303 1060 2336 Di-

63 2362 194 2391 cuntur
225 2361 344 2389 autem
378 2355 532 2395 insecta,
576 2368 668 2400 quae
695 2368 770 2389 non
798 2353 933 2389 habent
955 2356 1061 2395 colla,

62 2408 199 2443 Graece
223 2403 444 2456 ἐγκόμματα
461 2407 491 2453 ¹)
515 2407 552 2439 id
577 2413 649 2448 est,
678 2407 787 2441 incisa
803 2434 812 2447 ,
841 2408 929 2441 alias
948 2419 1062 2441 annu-

63 2460 161 2500 losa,
190 2460 289 2505 quod
315 2459 469 2492 annulos
491 2456 625 2491 habent
649 2471 714 2503 pro
742 2459 855 2499 collo,
884 2471 946 2494 seu
964 2460 1062 2505 quod

66 2518 149 2546 sunt
163 2510 328 2545 distincta
351 2511 487 2543 annulo
500 2537 508 2549 ‚
530 2523 608 2544 cum
627 2522 701 2543 non
719 2508 876 2544 habeant
891 2511 1036 2546 collum.

167 2561 229 2597 Vs.
249 2564 282 2597 l.
309 2559 491 2609 Protinus]
518 2562 746 2606 Propositio‚
780 2562 896 2596 dicam
919 2563 963 2596 de
988 2563 1063 2608 api-

66 2615 132 2648 bus
149 2620 184 2647 et
198 2615 241 2647 de
258 2614 374 2650 melle.
437 2616 543 2649 Αένὶἱ
559 2611 683 2661 mellis]
701 2613 773 2647 Mel
792 2614 929 2649 aerium
947 2622 1064 2656 vocat,

105 2743 132 2775 ¹)
151 2741 332 2777 ἰγκόμματα]
349 2744 398 2769 Ed.
415 2745 492 2770 ¹544.
513 2743 601 2768 male:
620 2739 772 2774 εὔκόματα.

1113 1942 1194 1988 quia
1223 1942 1367 1982 omnia,
1404 1941 1441 1974 in
1466 1940 1594 1986 quibus
1618 1937 1750 1972 eminet
1774 1935 1945 1975 dulcedo,
1982 1935 2018 1967 in
2043 1933 2111 1968 illis

1113 1995 1272 2027 abundat
1287 1994 1380 2028 aeria
1394 1990 1601 2026 humiditas.
1630 1990 1728 2023 Sicut
1746 1988 1842 2028 vina,
1860 2000 1930 2033 quo
1941 1992 2022 2020 suut
2034 1985 2112 2019 dul-

1114 2046 1224 2085 ciora,
1238 2053 1321 2078 sunt
1339 2043 1576 2088 magisaeria:
1596 2043 1642 2075 ita
1661 2041 1776 2074 mellis
1793 2046 1921 2072 natura
1940 2037 2112 2073 estaeria.

1084 2117 1089 2140 ¹
1113 2095 1158 2129 Et
1178 2098 1323 2141 quando
1344 2097 1422 2142 quis
1439 2095 1590 2128 nimium
1615 2093 1706 2132 edit,
1731 2099 1816 2125 tunc
1833 2090 2016 2124 celerrime
2034 2100 2113 2122 ver-

1114 2148 1201 2180 titur
1231 2147 1268 2181 in
1302 2148 1432 2187 bilem,
1475 2147 1566 2180 sicut
1598 2156 1658 2177 aer
1687 2143 1872 2176 celerrime
1897 2142 2049 2175 vertitur
2075 2140 2113 2172 in

1114 2199 1246 2243 ignem.
1289 2199 1382 2244 Quia
1398 2198 1479 2231 bilis
1495 2203 1546 2230 est
1567 2196 1691 2240 igneae
1708 2201 1872 2234 naturae,
1890 2194 1961 2226 mel
1976 2192 2112 2228 aeriae:

1115 2251 1195 2284 ideo
1220 2250 1258 2283 in
1282 2251 1421 2294 igneam
1449 2249 1656 2295 qualitatem
1682 2246 1801 2281 statim
1825 2245 1990 2278 vertitur.

1217 2310 1276 2346 Vs.
1298 2309 1333 2345 4.
1362 2311 1670 2354 Maynam'mosque
1687 2303 1802 2354 duces]
1828 2302 1982 2339 Pulchra
2000 2310 2114 2336 trans-

1115 2363 1216 2396 latio.
1270 2362 1473 2396 Transtulit
1488 2360 1747 2405 appellationes
1762 2358 1908 2402 politiae
1935 2362 1969 2389 et
1995 2354 2113 2398 reipu-

1116 2414 1229 2448 blicae
1247 2415 1291 2446 ad
1310 2426 1406 2457 apes.
1460 2411 1507 2445 Et
1526 2412 1686 2456 profecto
1706 2411 1832 2455 apibus
1855 2413 1939 2442 sunt
1963 2407 2113 2449 impres-

1117 2478 1175 2500 sae
1194 2465 1369 2510 imagines
1393 2464 1589 2498 multarum
1616 2463 1804 2496 virtutum.
1858 2458 2021 2492 Primum
2051 2454 2115 2488 ha-

1117 2519 1202 2551 bent
1227 2516 1479 2562 prudentiam,
1519 2515 1601 2562 quia
1629 2512 1764 2548 habent
1790 2523 1931 2554 regem,
1967 2507 2022 2541 cui
2052 2507 2114 2540 ob-

1117 2575 1340 2614 temperant,
1367 2568 1557 2601 aedificant
1573 2564 1831 2602 domunculos‚
1858 2561 1993 2594 faciunt
2010 2557 2115 2592 bexa-

1119 2633 1232 2666 gonos
1251 2621 1298 2654 ita
1316 2621 1484 2660 directos,
1507 2625 1547 2653 ut
1566 2629 1673 2651 nemo
1690 2615 1802 2660 possit
1818 2614 1932 2646 facere
1949 2610 2115 2645 directio-

1119 2686 1196 2713 res,
1225 2673 1374 2706 mittunt
1401 2678 1535 2705 certam
1563 2667 1748 2702 cohortem
1773 2666 1818 2698 ad
1843 2664 1997 2709 agendas
2014 2673 2116 2695 excu-

1120 2725 1219 2766 bias,
1246 2731 1312 2760 etc.
1374 2723 1512 2757 Deinde
1538 2719 1672 2754 habent
1694 2717 1888 2757 iustitiam,
1916 2715 1999 2761 quia
2027 2711 2117 2746 sedi-
