2421 3005
78 102 154 138 737
274 97 380 134 XCII.

77 189 318 232 Praeceptum
343 186 577 220 amatorium.
695 185 753 220 νε.
772 185 833 221 65.
870 184 1086 234 Lacrumis]

77 240 131 274 Ex
153 239 268 272 nimio
296 239 427 283 gaudio
445 235 706 283 lachrymatur.
827 239 885 272 Vs.
906 239 967 274 67.
996 241 1087 273 Prae

74 292 227 337 gaudio]
261 290 396 325 Gaudii
436 287 677 324 vehementia.
814 291 874 325 Vs.
903 291 962 326 76.
998 292 1087 333 Quid

77 340 220 390 enim?]
259 342 387 376 Oratio
417 341 626 385 imperfecta
662 343 707 375 ob
733 341 951 388 Clitiphonis
977 343 1086 376 inter-

77 396 299 439 ruptionem.
389 393 450 427 Vs.
471 393 531 427 81.
566 396 624 428 Vis
647 392 796 441 amare]
826 394 983 439 Exponit
1002 407 1085 427 con-

78 448 197 482 silium
216 459 342 487 suum,
371 452 494 491 estque
518 443 606 479 haec
632 444 739 480 huius
758 447 899 480 fabulae
919 446 1085 491 protasis.

78 499 139 533 Vs.
157 498 218 533 90.
253 499 431 545 Siquidem
456 498 516 531 hoc
537 497 606 543 fit]
633 498 815 542 Repetitio
844 511 923 532 cum
953 505 1086 532 stoma-

79 549 160 584 cho.
246 549 305 584 νε.
323 549 383 583 96.
411 548 606 597 Accipere]
635 550 708 583 Pro
727 550 857 584 subire.
945 549 1005 584 νε.
1025 550 1085 584 98.

78 604 282 638 Huiusmodi
298 599 462 649 obsecra]
474 601 609 635 Stultus
622 608 762 635 amator
780 602 946 635 irridenti
963 602 1085 636 credit.

77 654 139 690 Vs.
160 652 244 688 104.
271 656 389 689 Datur
416 656 510 688 modo
526 652 611 701 ²¹).]
638 654 822 687 Sententia
854 655 987 688 amoris
1006 654 1086 688 Ari-

78 705 244 752 stippica.
337 705 398 739 νε.
420 705 504 740 107.
536 709 658 740 Verum
675 704 817 752 herclst]
843 707 993 739 Aestuat
1012 718 1086 738 ina-

77 759 130 803 gis
154 758 199 792 ob
224 757 307 804 Syri
331 757 538 792 discessum.
652 757 712 791 Vs.
732 758 815 791 110.
843 760 981 792 Famam
1005 770 1086 802 per-

76 807 206 858 mitto]
237 810 394 843 Attende
420 810 575 844 amantis
597 809 826 849 vecordiam,
865 810 925 855 qni
951 811 1084 843 famam

77 875 182 898 servo
200 861 408 895 committit.
476 861 535 896 νε.
556 859 641 896 115.
666 863 758 896 Huic
776 862 923 907 homini]
953 860 1087 897 δεικτι-

77 916 173 956 κῶς,
202 914 240 947 id
257 920 329 953 est,
357 911 469 960 τῆςδέ
489 927 532 962 γε
556 910 676 960 ζώσης
691 913 742 948 ἔτι
759 913 818 958 2⁸²).
918 913 980 947 νε.
1000 914 1086 950 128.

77 968 148 1002 Sed
160 968 243 1000 heus
256 963 325 1013 tw]
343 964 574 1000 Adhortatio.
596 966 859 1010 perspicaciam
872 963 1086 1006 Chremetis,

77 1031 120 1052 ac
141 1018 446 1051 incontinentiam
467 1015 686 1063 Clitiphonis
702 1025 817 1052 notat.
920 1017 980 1052 νε.
1003 1019 1085 1053 136.

75 1073 124 1105 At
140 1082 231 1104 nune
246 1067 419 1118 interim]
445 1070 690 1115 Aposiopesis.
797 1069 857 1104 νε.
881 1069 966 1104 139.
996 1072 1086 1105 Feli-

75 1118 174 1172 cem]
202 1122 298 1168 Quia
316 1135 397 1156 cum
416 1122 531 1156 amica
548 1123 722 1157 manebit.

298 1209 409 1244 Actus
426 1208 468 1244 Il.
495 1210 606 1244 Scena
629 1208 687 1243 III.
716 1209 865 1253 Argum.

184 1279 389 1313 Meretricia
432 1279 592 1313 conditio
636 1291 701 1324 per
744 1291 824 1313 eam
859 1278 1086 1324 exprimitur,

79 1343 170 1378 quae
187 1331 359 1367 meretrix
376 1338 438 1366 est.
492 1332 610 1366 Habet
634 1332 765 1366 deinde
788 1329 877 1365 haec
901 1343 1007 1366 scena
1032 1330 1085 1364 iu-

79 1384 236 1418 cundum
255 1383 394 1418 Cliniae
413 1390 448 1417 et
461 1382 672 1428 Antiphilae
692 1397 935 1428 congressum.

180 1435 242 1470 Vs.
263 1435 296 1469 1.
334 1437 482 1480 Aedepol
503 1434 564 1484 τω]
599 1436 743 1481 Spargit
768 1437 805 1470 in
826 1448 999 1482 personas
1025 1435 1084 1468 de-

78 1487 313 1532 scriptionem
339 1499 483 1522 morum
503 1486 693 1522 Bacchidis
721 1495 755 1522 et
772 1486 1006 1532 Antiphilae,
1047 1492 1087 1520 ut

78 1546 254 1584 appareat
269 1537 420 1573 honeste
437 1552 574 1574 amasse
593 1539 761 1575 Cliniam.
840 1540 903 1574 Vs.
924 1539 958 1573 9.
979 1542 1085 1574 Ama—

77 1597 167 1626 tores
183 1589 326 1638 colunt]
354 1591 546 1626 Amatores
562 1593 712 1626 formae.
814 1591 875 1626 Vs.
895 1592 952 1628 12.
986 1593 1086 1626 Vobis

77 1655 153 1677 cam
170 1641 268 1690 una]
293 1642 390 1676 Laus
407 1655 425 1676 a
443 1644 630 1688 pudicitia.
737 1643 798 1678 Vs.
808 1644 878 1689 314.
901 1646 972 1678 Hoc
988 1645 1083 1678 bene-

73 1691 181 1741 ficia]
205 1695 486 1729 Commendatio
510 1707 530 1728 a
551 1697 620 1729 fide
643 1695 681 1728 in
707 1695 839 1730 virum.
945 1696 1006 1730 νε.
1027 1695 1084 1729 16.

78 1749 203 1782 Nescio
233 1744 357 1794 alias]
395 1747 488 1781 Mire
523 1754 770 1793 opportunum
805 1744 917 1794 ἦθοςε
962 1749 1086 1782 Nescio

78 1799 179 1832 alias.
282 1798 344 1832 νε.
366 1799 428 1834 20.
471 1802 538 1834 Tm·
562 1798 776 1848 carendum]
813 1801 886 1833 Pro
908 1806 940 1835 ie
965 1812 1086 1834 caren-

78 1851 171 1883 dum.
232 1849 367 1885 Vs.22.
397 1854 470 1885 Ima
490 1858 525 1885 ui
539 1849 702 1898 patrem]
731 1852 894 1897 Eclipsis.
955 1851 1085 1887 νε.24.

79 1902 264 1947 Disperii]
319 1902 412 1936 Prae
461 1904 576 1937 nimio
633 1905 764 1949 gaudio
821 1910 1086 1937 consternatur.

79 1952 140 1987 Vs.
166 1952 228 1989 25.
267 1957 324 1989 An
358 1956 454 2001 now]
488 1954 697 1989 Patheticae
732 1962 766 1989 et
800 1956 1000 1989 amatoriae
1034 1956 1087 1988 lo-

80 2006 285 2052 quutiones.

308 2091 418 2127 Actus
433 2092 491 2128 ΙΠ.
518 2095 631 2129 Scena
649 2094 676 2128 I.
705 2094 856 2139 Argum.

188 2157 361 2194 Chremes
387 2161 604 2197 Menedemo
637 2163 803 2204 nuntiat,
851 2175 892 2196 ex
918 2160 1002 2195 Asia
1033 2173 1088 2194 re-

80 2210 188 2247 diisse
214 2212 349 2254 filium,
394 2225 436 2247 ex
462 2227 532 2261 qua
558 2227 598 2249 re
621 2215 859 2250 Menedemus
885 2212 1088 2247 incredibili

82 2263 216 2309 gaudio
255 2265 504 2309 perfunditur,
551 2273 585 2300 et
616 2268 690 2301 filio
721 2266 871 2313 posthac
901 2266 1088 2310 indulgere

80 2315 196 2360 magis
225 2315 401 2358 instituit,
450 2318 549 2365 quod
588 2319 621 2352 ei
654 2332 874 2366 magnopere
905 2318 1088 2353 dissuadet

83 2365 268 2402 Chremes.

185 2419 246 2455 Vs.
269 2421 302 2454 1.
338 2419 511 2470 Lac-escit]
538 2422 687 2456 Plautus
711 2422 844 2456 Milite:
884 2422 997 2456 Lucet
1019 2419 1088 2455 hoc

83 2471 303 2519 inquamss).

118 2597 167 2625 2¹)
189 2598 289 2622 Datur
307 2599 414 2627 moda]
433 2598 472 2621 sic
493 2598 559 2622 illae
578 2599 681 2627 Edam
710 2600 758 2623 Ed.
778 2599 870 2623 Your».
892 2600 929 2624 Di
949 2599 1028 2623 dant.

119 2640 167 2669 22)
188 2641 247 2665 noc
266 2642 352 2665 schot.
372 2641 398 2665 in
419 2642 469 2666 Ed.
492 2642 566 2666 1546.
588 2642 738 2669 invenitur.
781 2643 876 2667 Verba
896 2642 1006 2666 laudata
1025 2645 1088 2666 sunt
1114 2656 1116 2676 3

157 2676 304 2706 Sophoclis
324 2677 422 2699 Tracti.
442 2677 501 2701 304.

120 2718 169 2747 23)
190 2720 247 2743 Hoc
266 2720 352 2744 schot.
383 2721 464 2744 habet
484 2719 532 2744 Ed.
557 2721 648 2746 mut:

158 2754 250 2786 1548„
278 2755 353 2778 1551.
373 2755 458 2778 deest.

89 2796 277 2828 MELANTH.
302 2797 410 2827 Oeen.
435 2797 521 2826 Yot.
546 2797 634 2827 xlx.

431 97 726 133 ENARRATIO
750 98 968 134 COMOED.
997 97 1241 135 TERENTII.

687 2719 712 2744 in
734 2721 818 2747 Editt.
836 2719 910 2745 15⁴0.
927 2721 972 2751 B..
1002 2721 1088 2745 1543..
1114 2718 1118 2742 ἱ

1291 100 1326 134 3.
1355 98 1950 135 HEAUTONTIMORUMENU.
2071 98 2144 134 738

1142 188 1268 221 dolore
1285 198 1393 232 quam
1410 187 1542 231 gaudio
1563 187 1729 222 afficitur.
1809 187 1870 222 Vs.
1891 187 1948 222 10.
1972 189 2081 222 Senes
2097 192 2147 221 est

1142 236 1314 287 aequum]
1356 237 1452 273 Nam
1492 250 1597 283 pares
1631 251 1711 273 cum
1743 240 1891 283 paribus
1921 239 2025 272 facile
2063 251 2149 272 con-

1142 298 1288 336 gruunt.
1417 289 1477 324 Vs.
1506 291 1565 325 13.
1606 293 1711 324 Diem
1738 288 1915 339 adimere]
1949 291 2146 335 Vulgatnm

1142 343 1289 378 dictum,
1345 341 1472 376 Cicero
1489 342 1635 377 Tuscul.
1654 341 1729 377 HL:
1758 343 1821 377 Est
1838 344 1933 377 enim
1958 345 2061 377 tarda
2085 342 2148 376 illa

1143 395 1288 441 quidem
1305 394 1498 436 medicina,
1526 396 1587 428 sed
1605 401 1727 428 tamen
1749 407 1894 439 magna,
1916 408 2025 441 qnam
2043 395 2148 429 affert

1141 446 1388 493 longinquitas
1418 453 1452 480 et
1485 447 1571 481 dies.
1634 447 1858 492 Gnomologi
1891 448 2075 481 adducunt
2106 459 2148 480 ex

1140 496 1277 544 Iphiclo
1296 498 1416 532 nescio
1436 511 1508 544 quo
1521 526 1530 538 ‚
1559 497 1655 532 hunc
1671 511 1833 533 versum:

1192 557 1328 605 Λύπης
1345 556 1384 594 δὲ
1405 555 1525 605 πάσης
1542 557 1686 607 γίγνετ’
1704 558 1832 606 ἰατρὸς
1844 556 1997 605 χρόνος.

1192 611 1355 644 Medicus
1372 610 1558 644 molestiae
1577 611 1767 646 universae
1788 618 1927 656 tempus
1946 617 1997 644 est
2010 609 2069 655 Ἃ).

1141 669 1201 704 νε.
1221 671 1283 705 21.
1313 671 1460 704 Ubinam
1477 675 1528 704 est
1543 683 1665 716 quaeso
1676 668 1708 713 Ρ]
1735 671 1898 715 Suspicio
1917 683 1957 703 ex
1977 670 2066 703 mira
2079 670 2148 703 sol-

1142 722 1341 756 licitudine.
1448 721 1509 755 Vs.
1525 725 1587 758 22.
1622 724 1726 757 Meus
1744 720 1912 770 ynatus?]
1947 723 2039 756 Prae
2065 734 2150 766 gau-

1142 774 1202 808 dio
1222 774 1317 808 idem
1339 773 1465 809 crebro
1485 775 1628 819 repetit.
1690 775 1751 809 Vs.
1768 775 1831 809 28.
1862 777 1950 816 Quia
1966 771 2148 821 pessume]

1143 826 1349 860 Menedemi
1368 826 1559 859 consilium
1578 827 1707 871 arguit.
1809 827 1870 861 Vs.
1888 827 1948 861 30.
1978 830 2057 861 Non
2071 838 2150 871 pos-

1142 879 1243 924 sum.]
1273 878 1501 913 Consultatio
1519 891 1666 919 senum,
1694 879 1733 911 in
1760 891 1829 925 qua
1854 879 1997 918 videas,
2036 891 2150 924 quan-

1142 938 1218 966 tum
1236 931 1383 965 fallatur
1400 927 1591 969 Chremes;
1619 937 1744 977 estque
1760 929 1848 964 haec
1867 942 2060 975 parasceue
2076 937 2150 963 tur-

1143 984 1290 1024 barum,
1319 995 1411 1030 quae
1431 989 1643 1028 sequuntur.
1749 983 1809 1017 Vs.
1829 983 1889 1018 40.
1918 985 2030 1023 Nam,
2054 988 2089 1016 ut
2114 987 2151 1016 tu

1141 1038 1260 1079 scias]
1291 1035 1418 1080 Carpit
1436 1035 1589 1068 nimiam
1607 1035 1812 1080 largitatem
1831 1035 1937 1069 senis.
2008 1033 2069 1068 Vs.
2090 1033 2150 1068 48.

1142 1086 1374 1135 Pitissando]
1411 1087 1584 1122 Pitissare
1617 1094 1670 1121 est
1702 1099 1810 1132 parce
1834 1088 1958 1121 vinum
1986 1086 2151 1120 tentandi

1142 1141 1255 1185 gratia
1291 1142 1493 1185 degustare.
1625 1139 1686 1173 Vs.
1712 1137 1775 1174 51.
1821 1136 1972 1187 Serius]
2015 1139 2051 1171 id
2085 1144 2148 1179 est,

1143 1205 1225 1227 vasa
1244 1193 1379 1226 fictilia.
1459 1191 1520 1226 Vs.
1537 1189 1599 1226 56.
1626 1191 1782 1240 Sumus]
1810 1192 1978 1231 Anxesis,
2007 1201 2150 1224 summa

1142 1245 1254 1289 patris
1290 1244 1527 1289 indulgentia.
1649 1243 1709 1278 νε.
1733 1245 1794 1280 60.
1839 1246 1979 1286 Quidvis
2005 1239 2149 1290 potius]

1141 1297 1275 1332 Sanum
1296 1295 1497 1331 Chremetis
1523 1295 1726 1330 consilium.
1836 1296 1893 1330 Vs.
1913 1296 1973 1331 62.
2006 1296 2150 1329 Technis

1138 1363 1200 1394 per
1240 1350 1439 1394 servulum]
1494 1348 1597 1383 Servi
1633 1349 1797 1382 fraudem
1841 1353 2147 1382 commentantur.

1141 1403 1201 1437 νε.
1222 1403 1282 1436 78.
1313 1405 1408 1436 Dare
1425 1399 1695 1448 deneyabe‘s.2³)]
1727 1400 1904 1435 Obiectio.
2007 1398 2067 1433 Vs.
2087 1399 2149 1433 81.

1146 1458 1266 1490 Videre
1291 1456 1436 1499 veram]
1470 1453 1699 1499 Approbatio
1726 1453 1878 1488 consilii.
2004 1450 2064 1485 Vs.
2087 1448 2149 1485 84.

1143 1511 1227 1543 Cedo
1251 1504 1442 1554 demtram]
1478 1507 1558 1540 Mos
1585 1506 1770 1539 orantium
1790 1512 1823 1539 et
1841 1502 2148 1539 confirmantium.

1140 1560 1200 1594 Vs.
1212 1560 1272 1594 87.
1293 1562 1397 1603 Cupio
1412 1560 1465 1593 illi
1479 1559 1588 1604 dure]
1605 1557 1762 1593 Affectus
1778 1564 1962 1603 paternus.
2017 1555 2148 1589 Vs.88.

1143 1615 1289 1656 Operam
1310 1610 1425 1655 daha]
1455 1612 1720 1656 Argumentum
1744 1610 1959 1655 prudentiae
1980 1606 2151 1642 Chreme-

1142 1666 1196 1699 tis.
1323 1663 1384 1697 Vs.
1413 1663 1474 1698 99.
1518 1664 1671 1698 Dissolvi
1697 1660 1782 1711 me.]
1818 1662 1937 1697 Verba
1963 1659 2149 1695 redeuntis

1142 1715 1355 1751 Chremetis.

1363 1812 1472 1847 Actus
1489 1812 1546 1847 III.
1581 1812 1694 1846 Scena
1712 1811 1751 1847 II.
1779 1812 1931 1858 Argum.

1247 1880 1378 1914 Servus
1402 1877 1529 1915 herum
1558 1878 1787 1915 Chremetem
1814 1881 1966 1927 decipit,
2002 1884 2147 1918 creden-

1144 1939 1214 1965 tem
1252 1932 1470 1966 Menedemo
1506 1933 1683 1966 fallaciam
1721 1933 1878 1967 intendi:
1929 1941 1964 1968 et
2000 1936 2048 1970 ita
2085 1948 2148 1970 sua

1145 1984 1254 2030 ipsius
1273 1985 1478 2018 coniectura
1496 1992 1530 2019 et
1547 1985 1692 2019 solertia
1713 1986 1861 2020 fallitur.

1247 2036 1307 2071 Vs.
1328 2039 1360 2071 1.
1388 2040 1464 2072 Hac
1482 2039 1588 2082 illac]
1617 2038 1727 2083 Syrus
1746 2036 1834 2072 haec
1852 2050 1985 2073 secum.
2044 2039 2149 2075 Vs.3.

1143 2092 1237 2123 Num
1272 2102 1324 2123 me
1349 2087 1504 2137 fefellit]
1550 2089 1653 2124 Falsa
1693 2089 1894 2125 Chremetis
1930 2090 2147 2126 coniectura.

1144 2140 1203 2174 Vs.
1219 2141 1253 2175 7.
1281 2143 1402 2183 Recte,
1428 2143 1609 2188 equidem]
1637 2143 1748 2188 Syrus
1766 2143 1892 2177 callide
1914 2155 1933 2176 a
1958 2144 2146 2189 proposito

1143 2192 1356 2240 divertitffi).
1464 2194 1523 2227 Vs.
1543 2195 1601 2228 10.
1625 2197 1772 2242 Aquilae
1783 2194 1967 2245 senectus]
1995 2196 2146 2229 Prover-

1142 2244 1264 2285 bium,
1299 2246 1337 2278 in
1360 2258 1461 2281 senes
1483 2246 1680 2281 bibacnlos.
1796 2248 1855 2282 νε.
1879 2246 1936 2282 15.
1974 2250 2148 2289 Quendam

1142 2299 1306 2343 avidam]
1332 2297 1483 2332 Occasio
1509 2299 1654 2332 fallendi
1681 2300 1787 2333 senis.
1893 2299 1952 2334 νε.
1972 2300 2030 2334 18.
2060 2302 2149 2342 Quid

1141 2361 1198 2393 eya
1218 2352 1364 2384 nesciam
1376 2347 1462 2398 ?²⁷)]
1492 2350 1811 2399 ἀμφιβολογικῶς.
1871 2351 1931 2386 νε.
1954 2351 2011 2385 19.
2040 2354 2147 2386 Istum

1141 2403 1339 2444 servulum]
1375 2401 1557 2437 Institutio
1583 2404 1743 2437 fallaciae
1776 2417 1794 2436 a
1827 2415 1910 2437 sene
1944 2403 1979 2435 in
2011 2415 2146 2443 senem,

362 2472 468 2508 Vs.4.
498 2472 698 2522 Miserum]
727 2475 843 2509 Verus
861 2475 996 2508 amicus
1013 2480 1086 2507 tam
1145 2481 1164 2484 ”

1113 2498 1116 2575 l
1176 2528 1224 2558 24)
1245 2528 1345 2565 Cicero
1364 2539 1397 2542 —
1416 2529 1522 2558 tempus
1543 2530 1610 2557 est]
1638 2529 1705 2551 haec
1729 2527 1755 2550 in
1778 2527 1825 2551 Ed.
1846 2527 1920 2552 1546.
1951 2528 2146 2557 praecedenti—

1114 2577 1117 2600 ι
1215 2564 1263 2584 bns
1283 2562 1377 2585 addita
1401 2564 1474 2585 suut.

1114 2606 1117 2652 l
1177 2615 1225 2641 25)
1246 2614 1412 2645 deneyabis]
1433 2615 1472 2638 sic
1494 2615 1558 2638 illae
1578 2615 1679 2645 Editt.;
1711 2615 1757 2638 Ed.
1779 2614 1871 2638 Voltb.
1895 2614 2056 2646 deneyaris.

1179 2666 1448 2726 26)5ᾱὲνεὲῐίῐ.]ᾱεῐο
1470 2668 1552 2691 Editt.
1577 2668 1652 2692 ¹540.
1668 2668 1716 2693 B..
1739 2666 1832 2697 154³„
1855 2667 1948 2697 1543,
1971 2667 2062 2695 1551.;
2095 2667 2143 2692 Ed.

1216 2704 1226 2725 1
1252 2704 1265 2725 4
1286 2719 1291 2725 .
1332 2702 1387 2725 isce
1411 2703 1437 2726 it.

1114 2762 1118 2783 1
1178 2754 1226 2782 27)
1249 2751 1410 2782 nesciam&
1434 2753 1474 2777 sic
1494 2753 1558 2777 ittae
1578 2753 1678 2779 Edttt.:
1714 2753 1760 2777 Ed.
1782 2754 1874 2778 voni».
1895 2754 1927 2779 ni
1945 2750 2057 2779 sciam?

1575 2788 1623 2822 47
