2341 2973
219 106 291 143 571

269 197 383 227 Parva
399 192 457 224 sub
478 191 615 223 inducta
632 190 733 222 lamii
746 190 897 222 scintilla
910 187 1051 230 fazsvilla,

275 247 443 282 Crescere,
471 247 502 274 et
518 243 556 274 in
572 246 694 274 veteres
709 243 838 283 (lydiam
857 250 1031 280 resumere
1046 240 1144 277 vires,

272 297 332 329 Sic
369 297 438 327 iam
474 294 559 326 lenis
582 292 627 336 τ5)
662 303 774 331 umor,
821 294 887 324 iam
924 302 1019 335 quem
1056 290 1216 332 languere

634 349 790 386 putares,

278 400 319 431 Ut
336 399 419 431 vidit
438 398 604 434 iuvenem,
629 397 734 437 specie
746 394 937 436 praesentis
955 393 1091 425 inm-sit.

517 489 711 521 Aureum
753 487 910 518 vellus.

272 559 330 593 Vs.
342 560 376 593 7.
404 561 558 602 Dumque
573 558 696 589 adeunt
711 567 831 597 nvem,
850 556 1078 599 Pliryxeaque
1093 554 1215 587 vellera

641 612 790 650 poscunt.

321 669 429 702 Aurei
454 667 593 700 velleris
621 666 828 709 allegoriam
850 664 977 698 Suidas
1002 665 1148 708 exponit
1173 666 1215 697 de

222 729 318 761 arte,
361 732 467 765 quam
493 718 618 752 Graeci
643 715 805 762 χηΙιιε-ίαν
829 723 968 748 vocant.
1036 716 1097 749 Ait
1120 716 1213 748 enim

220 773 382 807 Iasonem
401 770 585 804 abstulisse
604 768 819 802 Colchorum
840 767 914 811 regi
936 767 1066 800 librum
1087 767 1122 799 in
1143 768 1216 811 pel-

221 826 306 857 licea
328 823 535 856 membrana
555 820 725 864 scriptum
745 821 788 852 de
807 831 895 851 auro
914 818 1134 851 conficiendo
1154 831 1216 862 per

218 873 390 922 χημείαν.
433 873 588 912 Verum,
616 877 656 904 nt
672 869 759 903 mihi
779 870 922 916 quidem
939 869 1100 909 videtur,
1128 882 1216 914 poe-

220 935 276 960 tae
303 938 366 970 per
394 937 542 957 aureum
575 923 686 956 vellus
717 922 920 964 intelligunt
943 933 1111 964 magnam
1136 921 1215 953 auri

221 979 294 1011 vim
321 978 414 1021 apud
439 973 610 1013 Colchos,
647 980 709 1006 aut
744 985 761 1005 a
787 970 953 1017 Phryxo‚
988 970 1215 1006 Athamantis

220 1030 312 1074 regis
336 1029 429 1067 filio,
468 1027 646 1063 relictam,
685 1031 745 1057 aut
772 1024 816 1056 al)
839 1024 950 1057 Aeeta
977 1035 1060 1067 rege
1088 1036 1215 1067 conge-

221 1088 323 1116 stam.

221 1185 296 1217 dias
316 1194 489 1215 novercae
508 1180 638 1213 timens
663 1180 706 1211 ad
724 1180 871 1213 Aeetam
898 1179 1116 1221 confugeret.

220 1235 318 1279 regIO
357 1230 574 1267 Colchorum
619 1236 767 1275 propter
806 1229 1024 1262 vicinitatem
1063 1229 1214 1262 Caucasi

221 1286 352 1320 montis
374 1285 532 1317 abundat
550 1295 659 1321 auro,
687 1287 771 1315 teste
788 1281 985 1321 Strabone,
1013 1280 1074 1326 qui
1093 1280 1215 1314 scribit

221 1338 354 1371 multos
377 1338 491 1369 sontes
509 1347 549 1367 ex
569 1334 727 1367 Caucaso
748 1345 894 1365 manare
912 1332 957 1376 ⁷⁶)
981 1332 1214 1366 scaturientes

222 1402 328 1422 aurea
349 1400 455 1420 arena
477 1393 547 1418 tam
566 1385 676 1424 tenui,
705 1384 762 1416 vix
778 1390 817 1417 ut
834 1384 948 1416 videri
966 1383 1089 1428 possit,
1119 1395 1214 1415 eam-

221 1453 289 1486 que
317 1440 360 1472 ab
388 1438 515 1471 accolis
542 1437 658 1480 colligi
684 1435 816 1468 lanosis
842 1435 992 1479 pellibus
1019 1435 1055 1467 in
1082 1447 1212 1480 aquam

411 1491 528 1535 Atque
556 1487 647 1521 hanc
673 1488 803 1530 opinor
828 1498 900 1520 esse
923 1487 1146 1519 occasionem
1165 1487 1215 1518 sa—

391 1542 505 1574 Pelles
524 1540 616 1573 enim
637 1539 841 1572 subsidente
864 1538 899 1570 in
925 1537 967 1571 iis
994 1550 1101 1570 arena
1129 1549 1214 1582 prae

907 1589 1027 1633 Quare
1052 1601 1126 1621 non
1151 1590 1215 1621 du-

221 1492 356 1536 positis.

220 1543 337 1575 bulae.

223 1607 258 1628 se
276 1595 395 1626 serunt
412 1592 564 1637 specii-in
585 1590 681 1623 aurei
700 1589 851 1622 velleris.

221 1645 321 1678 bium
347 1650 417 1684 est,
454 1642 615 1676 Iasonem
642 1647 702 1673 aut
728 1641 821 1673 bello
847 1640 1052 1683 repetivisse
1076 1638 1215 1673 thesau-
1240 1641 1242 1659 ³

222 1709 301 1735 ros,
331 1707 484 1740 quorum
505 1694 578 1737 ipse
598 1699 672 1725 crat
691 1690 833 1730 haeres,
858 1692 912 1723 vel
931 1691 1009 1724 auri
1031 1691 1142 1734 gratia
1163 1691 1215 1722 in-

222 1748 341 1780 tulisse
375 1746 506 1778 bellum
542 1741 682 1778 Colchis
701 1770 710 1781 ,

222 1805 382 1842 tempore
399 1796 568 1840 Hispani,
598 1795 657 1839 qni
682 1795 805 1827 eadem
832 1795 874 1827 de
900 1806 1002 1827 causa
1024 1794 1059 1825 in
1079 1793 1214 1826 lndimn

222 1851 458 1893 navigarunt,
486 1854 524 1880 ut
542 1846 704 1878 videlicet
724 1857 850 1878 aurum
872 1846 953 1878 inde
972 1846 1164 1878 auferrent.

550 1942 714 1973 draco
768 1939 921 1972 aurei

585 1992 861 2025 custodes.

223 1944 393 1976 Tauri
450 1948 497 1973 et

278 2061 335 2094 Vs.
364 2060 446 2094 104.
495 2064 577 2094 Ecce
611 2062 822 2094 adamanteis

639 2111 769 2154 efflant.

328 2181 470 2213 Tauros
495 2179 610 2222 ignem
636 2179 793 2211 efflantes
816 2177 997 2210 Diodorus
1016 2176 1153 2209 Siculus
1172 2176 1218 2221 ⁷⁷)

225 2232 348 2267 scribit
368 2231 499 2266 Aeetae
520 2229 610 2273 regis
629 2231 790 2263 custodes
812 2229 929 2268 fuisse,
958 2241 1047 2273 quos
1067 2241 1107 2260 ex
1123 2228 1219 2260 'rau-

226 2285 298 2317 rica
323 2284 494 2315 adductos
517 2281 561 2313 ol)
578 2281 732 2314 immane
751 2281 913 2325 corporis
930 2282 1041 2313 robur
1058 2286 1091 2312 ct
1108 2279 1217 2311 animi

226 2335 395 2368 ferociam
435 2330 556 2366 Colchi
594 2333 737 2364 nomine
775 2339 961 2364 taurorum
993 2331 1217 2375 appellarint.

227 2387 332 2420 Unde
358 2397 430 2418 non
453 2384 600 2417 dubium
622 2390 671 2416 est
692 2390 725 2416 et
744 2385 935 2415 draconem
956 2383 1060 2417 fuisse
1086 2383 1218 2427 prima-

226 2439 319 2470 rium
351 2435 556 2482 quempiam
585 2434 699 2466 virum
729 2441 761 2466 et
787 2435 983 2478 principem
1018 2436 1111 2479 apud
1139 2434 1218 2467 Col-

228 2487 332 2528 chos,
369 2488 467 2521 cuius
493 2498 624 2519 nomen
650 2491 775 2530 poetae
805 2486 910 2518 simili
938 2487 1045 2518 modo
1073 2487 1117 2518 ad
1144 2485 1218 2518 ani-

261 2605 310 2636 75)
330 2605 417 2633 leni-3]
438 2605 478 2628 Sic
492 2605 574 2628 Editt.
594 2604 685 2634 1555»,
705 2603 795 2632 1559.;
815 2603 892 2628 Ovidi
910 2604 957 2628 Ed.
972 2603 1200 2629 Mitsch.le11eus.

262 2656 310 2687 76)
330 2655 453 2688 manare]
475 2657 515 2679 ste
534 2656 616 2680 Eutitt.
634 2655 725 2685 1555.;
751 2654 798 2677 ΕΔ,
821 2654 892 2678 1559.
914 2655 1000 2678 male:
1023 2660 1145 2681 manere.

261 2706 308 2738 77)
329 2708 407 2731 Diod.
428 2707 480 2731 sie.
500 2707 620 2731 ιιῑωῑοιιι.
642 2707 690 2737 ιν,
706 2707 747 2730 46.

826 100 948 136 PHIL.
984 99 1098 146 MEL.
1135 99 1337 135 SCRIPTA
1371 98 1707 136 PHILOLOGICA.

379 1080 470 1113 Nam
497 1084 530 1110 et
555 1075 747 1109 verisimile
765 1081 816 1108 est
832 1073 1015 1119 Phryxum
1045 1088 1085 1107 ex
1104 1075 1215 1107 Grae-
1240 1104 1244 1113 ,

221 1133 272 1165 cia
290 1143 406 1165 secum
426 1129 609 1163 abstulisse
632 1127 768 1171 patrios
793 1124 999 1165 thesauros,
1029 1139 1107 1159 cum
1131 1127 1215 1159 insi·

1170 1177 1215 1210 lit
1241 1177 1243 1214 ῑ

755 1743 1058 1787 quemadmodum
1092 1748 1214 1775 nostro

862 2061 1045 2093 Vulcanum
1079 2060 1219 2092 naribus
1244 2057 1247 2087 ἶ

2190 102 2268 143 572

1241 201 1245 248 Ι
1272 185 1403 218 mantis
1419 186 1574 219 fabulam
1595 188 1842 221 traduxerunt.
1896 188 1966 221 Per
1987 197 2181 224 sementem
2210 191 2264 224 in—

1270 237 1459 280 telligenda
1502 245 1585 270 sunt
1626 239 1792 272 intestina
1839 237 2054 273 Colchorum
2105 242 2263 282 dissidia,

1271 301 1362 333 quae
1380 289 1599 332 Argonautis
1616 291 1711 323 bono
1730 297 1763 323 et
1781 293 1972 324 commodo
1988 293 2146 326 suerunt.

1828 374 1911 408 Ein
1938 375 2174 410 Bervvolff.

1321 440 1398 474 Vss.
1423 441 1499 476 270
1517 454 1568 486 sq.
1601 443 1707 487 Inque
1733 444 1843 476 virum
1869 444 1961 478 soliti
1997 445 2106 479 vultus
2132 450 2262 479 mutare

1574 493 1706 536 ferinos

1322 544 1482 586 Ambiym'
1495 550 1648 586 prosecta
1667 545 1748 586 lupi.

1345 373 1593 417 Ambiguus
1630 373 1773 418 lupus.

1270 673 1392 695 rursus
1414 663 1456 694 ad
1485 663 1674 706 pristinum
1699 660 1859 695 habitum
1883 663 2021 703 redire,
2055 665 2161 707 vulgo
2184 676 2262 708 per—

1270 725 1410 746 suasum
1433 721 1492 747 est.
1548 714 1653 747 Tales
1669 715 1775 746 refert
1792 715 1996 748 Herodotus
2014 712 2058 760 78)
2077 727 2149 748 esse
2167 717 2261 759 apud

1268 764 1442 804 Nem-ios,
1471 763 1636 809 Scythiae
1654 766 1818 809 populos.
1867 765 1913 798 Et
1930 764 1987 798 hic
2004 777 2148 811 quoque
2167 768 2263 810 apud

1268 815 1444 849 Borussos
1461 817 1553 849 sama
1577 823 1628 850 est
1647 817 1732 850 tales
1749 816 1923 857 inveniri,
1951 829 1969 850 e
1993 817 2122 862 quibus
2147 829 2263 862 nuper

1269 878 1361 900 nnus
1388 868 1453 900 suit
1478 873 1621 911 captus,
1657 875 1690 900 et
1724 869 1804 901 duci
1834 868 2000 901 Prnssiae
2036 869 2208 902 adductus
2243 881 2261 901 a

1269 918 1428 958 rusticis,
1474 931 1627 963 quorum
1668 920 1826 952 iumenta
1870 920 2060 953 dilaniasse
2096 920 2262 952 credeba-

1269 974 1337 1002 tur.
1392 969 1481 1002 Erat
1506 967 1614 1002 homo
1640 971 1830 1010 deformis,
1858 982 1923 1003 nec
1947 972 2098 1004 multum
2118 971 2262 1005 absimi-

1269 1020 1310 1052 lis
1336 1022 1449 1060 serae,
1475 1018 1698 1065 habebatque
1725 1022 1869 1053 vulnera
1896 1022 1933 1053 in
1956 1022 2065 1061 facie,
2095 1034 2186 1066 qnae
2210 1022 2262 1055 di-

1270 1072 1415 1104 cebatur
1438 1072 1611 1115 accepisse
1636 1084 1775 1105 morsus
1798 1085 1815 1104 a
1843 1072 1988 1105 canibus
2005 1099 2014 1113 ,
2053 1072 2116 1105 nbi
2140 1073 2261 1106 fuisset

1269 1129 1426 1156 mutatus
1444 1123 1480 1155 in
1497 1123 1633 1166 lupum.
1680 1122 1709 1156 ls
1727 1135 1745 1155 a
1764 1124 1975 1168 quibusdam
1988 1149 1996 1163 ,
2020 1123 2149 1168 quibus
2163 1124 2261 1167 prin-

1270 1187 1349 1218 ceps
1375 1174 1408 1206 id
1437 1175 1569 1216 negotii
1597 1175 1763 1213 dederat,
1800 1174 2059 1218 interrogatus,
2086 1174 2203 1207 aiebat
2229 1187 2263 1208 se

1240 1220 1243 1245 ἶ
1269 1226 1462 1271 quotannis
1489 1226 1541 1258 bis
1575 1226 1621 1258 ita
1656 1226 1790 1259 mutari
1815 1226 1979 1259 solitum:
2024 1225 2142 1269 primo
2171 1225 2263 1259 circa

1269 1275 1582 1317 natalemChristi,
1602 1278 1729 1310 deinde
1742 1277 1832 1310 circa
1844 1278 1969 1310 festum
1989 1275 2263 1322 IoannisBapti—

1268 1336 1362 1365 stae;
1397 1329 1535 1374 illisque
1554 1329 1775 1372 temporibus
1799 1340 1834 1361 se
1853 1328 2011 1368 efferari,
2044 1334 2077 1360 et
2099 1328 2177 1371 cogi
2199 1329 2263 1360 im-

1267 1388 1351 1425 petu
1380 1381 1537 1426 quodam
1562 1386 1710 1413 naturae
1743 1380 1878 1412 versari
1902 1380 1938 1411 in
1965 1378 2072 1423 sylvis
2096 1379 2188 1411 inter
2210 1379 2264 1412 iu-

1269 1445 1350 1477 pos;
1386 1432 1543 1465 maximo
1564 1438 1681 1464 antem
1707 1429 1858 1463 horrore
1884 1436 1918 1462 et
1938 1430 2110 1473 languore
2134 1441 2264 1474 corpo-

1268 1485 1316 1517 ris
1341 1496 1375 1517 se
1400 1483 1510 1522 affici,
1535 1489 1727 1526 antequam
1754 1481 1817 1525 pili
1840 1487 2069 1525 erumperent
2092 1487 2126 1514 et
2148 1481 2265 1514 forma

1268 1541 1479 1568 mutaretur.
1514 1533 1609 1565 Haec
1628 1531 1820 1565 affirmanti
1838 1533 1971 1564 credita
1988 1538 2084 1571 sunt3
2106 1533 2167 1566 sed
2184 1545 2263 1565 cum

1269 1588 1312 1619 ad
1331 1585 1586 1629 explorandam
1605 1585 1657 1617 rei
1684 1583 1871 1616 veritatem
1896 1583 1957 1615 diu
1983 1589 2105 1626 captus
2123 1583 2160 1616 in
2185 1595 2264 1616 arce

1269 1638 1508 1674 detineretur,
1539 1648 1577 1667 ac
1600 1635 1789 1679 diligenter
1813 1634 2064 1667 observaretur
2095 1646 2114 1667 a
2147 1641 2265 1668 custo-

1271 1689 1372 1722 dibus
1404 1687 1573 1725 carceris,
1621 1699 1666 1719 an
1694 1686 1888 1730 aliquando
1916 1686 2113 1718 efficeretur
2147 1686 2265 1730 lupus,

1270 1740 1418 1773 retinuit
1441 1750 1581 1782 semper
1615 1738 1764 1770 eandem
1793 1737 1967 1776 sormam,
1995 1749 2103 1782 quam
2127 1735 2264 1770 habuit.

1270 1791 1300 1825 Is
1316 1791 1381 1824 suit
1397 1790 1508 1823 exitus
1527 1790 1677 1822 fabulae.
1723 1788 1827 1821 Unde
1846 1794 1984 1821 constat
2009 1800 2068 1828 ea,
2104 1800 2196 1833 quae
2221 1789 2264 1821 de

1242 1855 1244 1857 ’
1271 1842 1446 1885 ambiguis
1464 1842 1555 1885 lupis
1572 1846 1785 1879 narrantur,
1813 1851 1885 1872 esse
1903 1840 2002 1878 falsa,
2030 1845 2154 1883 utpote
2173 1852 2264 1885 quae

1243 1893 1244 1899 ¹
1272 1892 1435 1927 homines
1456 1899 1572 1925 mente
1596 1892 1691 1936 capti
1712 1891 1777 1924 sibi
1804 1890 2058 1933 imaginantur.

1374 610 1497 644 Certos
1531 609 1694 645 homines
1719 611 1807 644 effici
1839 612 2032 658 quotannis
2060 613 2185 656 lupos,
2229 620 2263 646 et

1240 1145 1242 1158 1

978 1939 1218 1972 velleris

1374 1987 1521 2020 Aeson
1558 1999 1605 2019 ex
1641 1997 1746 2019 sene
1780 1984 1823 2016 in
1861 1984 2075 2016 iuvenem
2102 1982 2161 2030 79).

1376 2056 1458 2089 Non
1494 2061 1545 2088 est
1579 2053 1738 2087 absimile
1773 2053 2000 2095 figmentum,
2037 2052 2134 2097 quod
2170 2057 2264 2084 extat

1245 2101 1247 2120 ³
1272 2105 1451 2152 rhythmis
1475 2105 1698 2138 Germanicis
1729 2116 1843 2147 nuper
1875 2103 2095 2145 Noribergae
2127 2102 2261 2135 editum

1245 2145 1247 2163 Ι
1273 2161 1315 2192 de
1333 2160 1486 2204 quodam
1506 2156 1654 2196 balneo,
1681 2155 1741 2188 ubi
1760 2167 1860 2188 senes
1886 2161 1920 2188 et
1943 2154 2080 2187 vetulae
2102 2153 2262 2187 lavantes

1273 2211 1517 2245 iuvenescant;
1562 2207 1644 2239 item
1671 2208 1765 2252 quod
1793 2206 1829 2239 in
1853 2204 2001 2239 historia
2028 2205 2124 2239 orbis
2148 2217 2261 2250 nuper

1274 2261 1408 2294 inventi
1440 2259 1586 2301 legitur,
1630 2271 1756 2303 nempe
1788 2258 1823 2291 in
1847 2257 2007 2291 Bonnica
2042 2256 2157 2290 insula
2189 2268 2261 2290 esse

1245 2298 1247 2349 l
1272 2314 1428 2350 sontem,
1467 2311 1526 2356 qui
1556 2308 1718 2343 homines
1741 2310 1888 2342 ess'oetos
1912 2309 2094 2347 restituat,
2121 2319 2186 2340 nec
2209 2312 2262 2339 ta-

1244 2355 1247 2390 l
1273 2375 1353 2396 rnen
1380 2375 1486 2395 canos
1502 2361 1548 2407 ⁸⁰)
1576 2368 1707 2400 mutet,
1743 2374 1807 2394 nec
1832 2360 1935 2393 tollat
1958 2371 2063 2404 rugas
2087 2359 2157 2391 iam
2179 2370 2262 2391 con-

1272 2421 1418 2448 tractas:
1448 2414 1546 2447 cuius
1558 2420 1676 2446 tamen
1688 2413 1795 2446 sontis
1814 2412 1989 2451 meminit,
2007 2417 2045 2444 ut
2062 2409 2111 2442 rei
2128 2422 2262 2455 nequa-

1274 2478 1380 2511 quam
1400 2466 1519 2505 fictae,
1548 2465 1583 2497 in
1604 2465 1675 2498 suis
1694 2464 1883 2497 decadibus
1900 2463 2025 2495 Petrus
2038 2461 2178 2508 Martyr
2188 2462 2262 2495 An-

1272 2518 1388 2561 gerius
1407 2517 1703 2555 Mediolanensis,
1738 2515 1890 2559 scriptor
1910 2512 2111 2547 historicus.
2164 2512 2262 2558 Quin

1245 2212 1248 2296 ἰ

1304 2619 1351 2651 78)
1373 2617 1566 2647 ttcrodot.1V,
1586 2618 1627 2642 98.

1241 2641 1245 2690 Ι
1303 2662 1350 2693 79)
1372 2662 1451 2686 ovid.
1471 2663 1536 2685 Met.
1556 2661 1618 2689 vn,
1637 2658 1798 2684 285—293.

1242 2691 1245 2717 ¹
1307 2706 1354 2736 so)
1378 2702 1477 2735 canos]
1497 2703 1538 2728 sic
1558 2704 1639 2727 Editt.
1656 2702 1749 2728 1555:
1770 2701 1818 2728 ru.
1836 2701 1909 2725 1559.
1931 2706 2021 2725 eunos.
