2421 3005
86 110 162 149 525
438 109 526 146 XCI.

189 197 251 232 De
279 197 486 239 cornice,
513 209 652 232 corvo
679 204 723 232 et
750 198 999 246 noctua50).

191 266 282 301 Tres
308 267 450 301 fabulae
479 267 587 302 simul
608 279 791 302 connexae
819 274 919 302 sunt:
957 278 1029 301 una
1054 266 1098 300 de

88 319 251 360 cornice,
277 332 370 365 quae
388 320 493 353 docet
509 319 759 365 garrulitatem
788 320 970 367 plerisque
997 318 1098 353 odio-

87 384 164 406 sam
184 384 278 412 esse,
306 371 517 416 praesertim
536 371 776 417 sapientibus;
813 385 898 406 nam
925 371 1007 405 ideo
1032 372 1099 404 fin-

88 423 185 469 gitur
212 424 337 458 cornix
364 424 550 458 Minervae
574 424 703 459 invisa.
756 424 878 458 Altera
905 425 948 457 de
974 432 1098 463 corvo,

56 514 59 516 ,
89 488 182 522 quae
204 477 309 510 docet
327 476 518 511 consilium
537 477 629 511 bene
644 476 827 511 monentis
843 488 918 510 non
944 487 1018 510 esse
1045 487 1099 508 re-
1126 477 1127 480 ’

392 529 532 563 Corvus
555 529 672 570 enim,
710 529 796 562 dum
823 528 962 573 spernit
985 526 1099 561 consi-
1126 562 1127 569 ἵ

89 581 178 614 lium
197 579 371 620 cornicis,
399 581 475 626 ipse
493 581 643 615 accersit
667 580 735 615 sibi
751 592 923 625 magnum
949 579 1098 612 malum.
1125 586 1127 593 '

88 528 328 573 pudiandum.

89 631 216 665 Tertia
233 632 276 666 de
293 632 508 678 Nyctimene
532 633 571 666 in
594 639 765 666 noctuam
791 643 966 666 conversa
985 630 1099 664 conti-

88 690 152 718 net
173 685 451 720 detestationem
474 685 671 731 impietatis
700 690 808 730 atque
835 684 995 719 incestae
1019 682 1099 716 libi-

90 736 207 778 dinis,

90 788 255 829 diamus,
281 795 316 822 et
337 788 376 824 in
400 796 631 834 conspectum
658 788 783 821 venire
811 800 886 821 non
913 787 1100 821 erubesca-

91 853 182 874 mus.
237 840 311 886 Qui
325 842 421 876 enim
440 841 703 887 turpitudinem
719 840 892 880 subeunt,
929 840 1100 873 omnibus

89 890 252 927 honestis
267 893 397 935 invisi,
424 894 574 938 perinde
592 905 632 926 ac
652 898 805 925 noctuae
820 920 830 933 ,

92 950 323 990 conspectum
366 945 522 990 fugiunt.

92 1008 258 1037 causam,
286 1009 395 1042 quam
414 996 587 1037 Ovidius,
613 1008 677 1030 cur
702 1008 786 1029 aves
809 995 1101 1029 circumvolitent

90 1054 284 1089 noctuam,
310 1049 498 1089 videlicet,
534 1061 610 1081 non
635 1048 735 1094 quod
758 1059 838 1081 eam
866 1060 1010 1081 exosam
1037 1045 1099 1080 ha-

90 1101 223 1141 beant,
265 1100 328 1134 sed
358 1101 457 1148 quod
484 1101 533 1134 ita
557 1105 788 1134 venerentur.
855 1099 917 1133 Ait
942 1099 1099 1132 aviculas

93 1152 182 1186 olim
201 1153 245 1185 ab
271 1152 333 1185 illa
359 1153 585 1193 admonitas,
613 1164 658 1185 ne
675 1151 874 1186 insiderent
896 1152 1099 1191 arboribus,

95 1256 319 1290 colluderent
337 1264 372 1290 et
388 1262 595 1295 cantarent;
624 1257 684 1290 sed
699 1253 793 1289 hanc
810 1256 1098 1290 admonitionem

94 1320 176 1342 cum
193 1307 355 1342 aviculae
372 1308 691 1354 contempsissent,
719 1320 778 1342 eas
796 1308 891 1342 visco
908 1308 1099 1352 implicitas

91 1370 173 1393 sero
206 1360 446 1403 poenituisse,
483 1361 582 1405 quod
613 1360 756 1394 salubre
784 1360 873 1393 illud
908 1359 1097 1393 consilium

91 1410 323 1456 sprevissent.
402 1411 522 1457 Atque
557 1409 628 1445 hoc
670 1411 723 1444 ait
756 1423 849 1452 esse,
901 1424 964 1445 cur
1002 1423 1098 1451 aves,

92 1463 207 1497 sicubi
236 1470 407 1497 noctuam
439 1463 618 1504 viderint,
658 1463 864 1509 frequentes
891 1476 969 1498 eam
996 1463 1099 1509 quasi

91 1515 276 1557 salutent,
317 1517 497 1550 deducant
514 1543 523 1557 ,
576 1521 757 1550 sectentur
774 1543 783 1557 ,
831 1515 1099 1556 circumsidant,

91 1566 403 1609 circumvolitent,
430 1574 606 1614 tanquam
626 1567 849 1602 admirantes
865 1569 940 1603 eius
957 1568 1099 1613 sapien-

91 1618 193 1654 tiam.
260 1619 358 1654 Haec
381 1619 527 1666 quidem
552 1620 679 1654 festiva
701 1627 805 1659 sunt;
847 1622 907 1655 sed
932 1621 1021 1654 illud
1047 1627 1099 1654 est

89 1670 272 1712 festivius,
307 1669 488 1717 habetque
511 1672 592 1717 plus
617 1672 824 1717 gravitatis,
861 1674 960 1719 quod
990 1679 1097 1718 poeta

91 1721 151 1756 hic
169 1723 292 1768 fingit:
337 1723 503 1757 videlicet
524 1730 697 1758 noctuam
720 1724 843 1769 fugere
867 1732 1096 1770 conspectum

93 1781 204 1821 atque
230 1776 346 1809 lucem
377 1782 528 1821 propter
556 1776 753 1810 admissum
779 1777 955 1819 dedecus,
1000 1778 1126 1823 quod

91 1827 214 1873 patrio
240 1828 348 1862 cubili
374 1841 410 1862 se
435 1828 675 1873 implicuerit,
713 1839 868 1874 eamque
892 1830 938 1862 ob
964 1829 999 1862 id
1025 1842 1099 1863 esse

91 1885 166 1913 tam
182 1879 337 1914 invisam
356 1881 502 1921 avibus,
527 1886 567 1914 ut
584 1893 710 1914 omnes
728 1892 808 1913 eam
825 1882 909 1914 odio
930 1879 1098 1915 habeant.

91 1931 284 1966 Caeterum
329 1938 370 1966 ut
411 1933 457 1966 ad
496 1932 649 1966 cornicis
691 1932 851 1966 fabulam
896 1934 1099 1973 redeamus,
1124 1952 1127 1983 3

90 1983 231 2018 Plinius
246 1983 295 2029 5¹)
321 1984 446 2019 scribit
469 1985 607 2018 nullam
633 1985 814 2018 cornicem
838 1983 990 2019 Athenis
1015 1998 1098 2019 cou-
1124 1986 1126 2035 4¹

238 2036 276 2070 id
298 2037 457 2071 arbitror
488 2037 597 2071 etiam
623 2036 797 2071 Ovidium
823 2038 1020 2071 transferre
1053 2039 1095 2071 ad
1124 2039 1126 2083 l

92 2048 107 2070 S
136 2048 197 2069 lclt

90 2048 272 2129 fibulam,
306 2090 392 2122 dum
415 2089 519 2134 fingit
546 2089 727 2123 cornicem
752 2102 826 2124 esse
848 2089 1003 2124 invisam
1030 2090 1097 2123 Mi-

92 2152 246 2181 nervae,
275 2152 385 2186 quam
406 2141 537 2175 Graeci
554 2138 727 2188 Ἀθήναν
745 2142 940 2188 appellant.

415 2226 769 2265 Erichthonius.

142 2297 202 2333 Vs.
230 2295 317 2333 553.

374 2299 491 2332 Pallas
524 2300 810 2339 Erichthonium,
852 2300 981 2343 prolem
1023 2302 1098 2334 sine

405 2356 514 2385 matre
537 2356 698 2386 creatam.

191 2419 327 2453 Poetae
352 2419 546 2453 voluerunt
562 2419 747 2453 Palladem
766 2420 895 2454 florere
918 2428 1094 2467 perpetua

87 2470 315 2516 virginitate,
351 2473 449 2518 quod
472 2479 512 2506 ut
541 2473 766 2513 crederetur,
801 2473 982 2508 finxerunt
1008 2473 1095 2508 Vul—

88 2535 241 2564 canum,
282 2523 399 2558 Deum
425 2525 538 2569 ignis,
579 2524 616 2558 id
643 2531 713 2565 est,
754 2525 933 2559 fervorem
965 2538 1095 2560 concu-

88 2576 283 2620 piscentiae
295 2603 304 2617 ,
329 2577 391 2611 diu
410 2590 489 2611 cum
507 2577 655 2611 Pallade
673 2577 847 2612 luctatum
865 2585 972 2625 atque
988 2591 1094 2624 supe-

121 2677 170 2710 50)
192 2678 273 2704 ovid.
293 2680 357 2705 Met.
375 2679 410 2709 ll,
428 2680 477 2704 531
500 2687 558 2711 sqq.

119 2729 168 2763 51)
193 2731 276 2796 1ἑξηίἐπ.
302 2732 363 2757 Nat.
389 2732 461 2756 Hist.
482 2733 525 2762 X,
558 2740 579 2757 c.
598 2733 638 2758 ¹4.
674 2732 724 2757 Ed.
750 2732 855 2756 Franz.
888 2733 982 2762 (c.12.
1010 2734 1093 2759 Editt.

155 2771 191 2791 an
207 2773 239 2797 iq.
260 2785 266 2790 .

578 109 865 146 ENARRATIO
901 108 1031 144 LIBRI
1056 108 1100 146 ΙΙ.
1136 109 1616 148 METAMORPHOSEON
1652 113 1814 150 OVIDII.

1122 195 1126 221 ἶ
1152 206 1284 235 ratum.

242 749 284 770 ac
306 737 411 772 docet
433 736 583 772 honeste
607 737 824 777 vivendum,
858 742 898 770 ut
919 736 1011 769 bene
1037 746 1099 768 au-
1125 761 1127 769 Α

858 892 973 926 lucem
991 897 1100 937 atque
1126 886 1127 906 ³

597 943 802 978 Politianus
843 944 952 977 aliam
997 942 1100 986 fingit
1125 939 1127 963 5

2084 117 2161 155 526

1347 199 1402 234 Ex
1436 212 1475 234 ea
1509 212 1596 234 vero
1630 200 1722 234 lucta
1749 201 1901 236 Vulcani
1934 210 1968 238 et
1991 203 2162 247 Palladis,

1152 258 1278 286 natum
1302 265 1377 288 esse
1394 250 1673 286 Erichthonium
1688 280 1697 293 ,
1724 255 1826 299 quasi
1845 255 1889 288 de
1915 261 2011 290 terra
2041 263 2076 290 et
2098 257 2160 291 lite

1152 312 1405 350 procreatum,
1441 306 1539 352 quod
1564 304 1750 364 Vulcanus
1774 314 1962 351 superatus
1991 309 2159 344 effectum

1250 445 1448 490 Cecrops
1479 445 1688 488 geminus
1717 458 1791 480 seu
1822 445 2060 491 bicorpor.

1205 515 1265 550 Vs.
1284 514 1371 550 555.
1419 517 1684 562 Virqinibusque
1712 517 1825 551 tribus
1856 519 1991 560 yemino
2020 520 2060 552 de
2098 520 2160 554 Ce-

1467 581 1564 612 crope
1582 571 1686 603 natis.

1256 627 1412 663 Iustinus
1431 629 1555 663 scribit
1574 629 1791 674 Cecropem,
1818 641 1938 673 regem
1963 627 2161 664 Athenien-

1153 681 1267 722 sium,
1290 693 1478 715 revocasse
1497 694 1579 715 suos
1606 693 1625 714 a
1659 681 1757 726 vagis
1785 681 1995 716 libidinibus
2012 683 2058 715 ad
2085 694 2161 715 ma-

1152 733 1367 768 trimonium
1380 760 1389 772 ,
1422 745 1462 767 ac
1488 733 1569 766 ideo
1587 733 1673 777 fingi
1691 734 1874 778 geminum
1891 741 2041 779 propter
2057 734 2160 767 femi-

1152 799 1220 820 nae
1240 792 1275 819 et
1291 785 1402 818 maris
1419 785 1725 820 coniunctionem.
1769 786 1968 830 Gregorius
1985 799 2070 820 vero
2087 786 2160 821 Na-

1154 839 1345 872 zianzenus
1364 838 1402 870 in
1420 837 1492 870 vita
1511 837 1636 871 Basilii
1653 837 1797 881 Magni,
1818 838 1941 872 scribit
1959 837 2159 884 Cecropem

1153 892 1242 925 duas
1268 890 1424 925 tenuisse
1445 889 1605 934 linguas,
1630 889 1807 923 Graecam
1835 896 1869 923 et
1886 891 2160 935 Aegyptiacam,

1154 950 1261 989 atque
1286 941 1380 976 hanc
1406 954 1479 976 esse
1512 954 1677 981 causam,
1713 954 1776 975 cur
1804 942 1960 987 fingatur
1983 942 2159 986 geminus.

1153 995 1330 1030 Traditur
1353 995 1460 1028 etiam
1481 994 1637 1039 Cecrops
1664 994 1768 1027 initio
1794 994 1896 1039 regni
1923 994 2030 1028 fuisse
2054 1006 2159 1039 asper

1126 1036 1127 1090 J
1153 1056 1188 1083 et
1206 1049 1336 1089 durus,
1364 1059 1404 1080 ac
1422 1053 1545 1092 postea
1565 1047 1655 1080 lenis
1671 1053 1780 1092 atque
1802 1045 1999 1081 humanus:
2030 1059 2099 1093 qua
2117 1059 2159 1080 ex

1125 1110 1127 1144 ς
1152 1113 1191 1134 re
1227 1101 1417 1133 confictam
1448 1111 1522 1133 esse
1550 1099 1710 1132 fabulam
1742 1097 1960 1133 Plutarchus
1983 1099 2030 1142 ⁵²)
2063 1099 2158 1133 arbi-

1126 1149 1127 1160 *
1152 1160 1282 1187 tratur.

91 1216 183 1238 neve
214 1204 308 1237 inter
334 1206 482 1239 frondes
506 1205 554 1238 ita
580 1203 807 1245 lascivirent,
843 1204 1099 1243 subsultarent,

1218 1229 1420 1264 Coronis
1448 1229 1499 1261 ab
1528 1228 1754 1273 Apolline
1796 1228 2096 1273 interempta.

1205 1301 1263 1335 Vs.
1287 1300 1374 1335 612.
1422 1300 1578 1332 Poenitet
1620 1298 1683 1331 heu
1729 1310 1804 1331 sero
1844 1310 1971 1341 poenae
2015 1300 2162 1333 erudelis

1502 1355 1685 1384 amantem.

1258 1412 1432 1453 Coronis,
1466 1410 1673 1456 Aesculapii
1702 1417 1839 1451 mater,
1883 1410 2020 1445 interiit
2052 1411 2161 1456 pesti-

1154 1465 1284 1500 lentia:
1312 1463 1396 1498 hinc
1413 1465 1561 1509 fingitur
1580 1464 1651 1497 telo
1676 1463 1893 1508 interempta
1915 1463 1960 1496 ab
1976 1464 2159 1509 Apolline.

1152 1518 1245 1553 Solis
1269 1518 1366 1551 enim
1394 1516 1488 1550 radii
1516 1516 1762 1550 assimilantur
1787 1515 1946 1560 sagittis,
1983 1522 2018 1549 et
2044 1515 2160 1549 nimio

1153 1572 1228 1605 eius
1250 1571 1393 1603 fervore
1425 1569 1608 1602 interdum
1644 1580 1706 1601 aer
1731 1568 1770 1600 fit
1803 1567 1985 1613 pestilens.
2063 1568 2161 1613 Qua-

1152 1630 1302 1669 propter
1312 1622 1492 1655 Homerus
1511 1632 1656 1667 quoque
1674 1619 1789 1664 fingit,
1816 1619 1971 1653 interfici
1989 1620 2033 1653 ab
2049 1620 2161 1665 Apol-

1152 1677 1252 1717 line,
1293 1674 1355 1721 qui
1392 1681 1490 1719 peste
1523 1673 1744 1707 moriuntur.
1824 1671 2005 1717 Apollinis
2038 1679 2158 1706 autem

1154 1728 1318 1772 exemplo
1344 1724 1413 1760 hoc
1444 1726 1525 1759 loco
1551 1736 1765 1766 monemur,
1809 1737 1854 1758 ne
1880 1724 2001 1758 statim
2029 1723 2160 1758 habea-

1152 1793 1232 1814 mus
1259 1780 1366 1813 fidem
1396 1777 1637 1817 delatoribus,
1666 1789 1737 1810 neu
1763 1777 1849 1822 quid
1876 1789 1918 1809 ex
1943 1777 2156 1822 impotentia

1124 1847 1127 1914 n
1153 1832 1266 1866 animi
1282 1831 1477 1872 faciamus,
1505 1830 1604 1864 cuius
1623 1836 1745 1874 postea
1763 1841 1829 1863 nos
1848 1829 2044 1873 poenitent.

1459 1917 1519 1950 De
1555 1914 1849 1959 Aesculapio.

1206 1981 1235 2011 V
1239 1994 1281 2014 ss.
1293 1979 1367 2014 629
1379 1992 1431 2025 sq.
1449 1980 1507 2013 sed
1524 1983 1639 2012 natum
1654 1976 1806 2019 flammis
1828 1980 1985 2022 uteroque
2000 1977 2158 2019 parentis

1207 2034 1357 2077 Eripuit.

1256 2094 1419 2128 Deorum
1447 2091 1509 2126 filii
1535 2103 1553 2124 a
1581 2090 1696 2135 poetis
1728 2089 1968 2123 nominantur
1992 2087 2160 2123 homines

1152 2147 1297 2192 ingenio
1317 2152 1352 2180 et
1368 2145 1499 2178 virtute
1516 2149 1759 2189 praestantes,
1787 2154 1828 2175 eo
1844 2142 1942 2188 quod
1959 2154 2084 2175 omnes
2102 2154 2159 2174 ex-

1153 2201 1319 2234 cellentes
1346 2204 1440 2231 artes
1467 2203 1501 2229 et
1527 2196 1676 2229 virtutes
1702 2194 1739 2227 in
1760 2192 1970 2228 hominibus
1993 2195 2081 2227 fiant
2104 2193 2158 2226 di-

1151 2252 1237 2286 vino
1262 2252 1408 2285 adflatu.
1464 2249 1538 2282 Hac
1565 2249 1607 2281 de
1633 2258 1737 2281 causa
1760 2246 1996 2291 Aesculapius
2026 2245 2158 2279 dicitur

1151 2305 1244 2338 filius
1263 2303 1462 2349 Apollinis,
1493 2301 1575 2347 quia
1589 2327 1597 2340 ,
1626 2312 1705 2333 cum
1722 2299 1831 2333 fuerit
1852 2298 2025 2332 excellens
2043 2297 2155 2331 medi-

1151 2370 1232 2396 cus,
1264 2357 1398 2390 dictum
1425 2361 1476 2389 est
1500 2366 1580 2386 eum
1608 2352 1730 2385 divino
1764 2358 1865 2385 motu
1898 2351 2083 2390 adiuvari,
2121 2355 2156 2382 et

1151 2409 1297 2456 quidem
1315 2408 1348 2440 vi
1368 2407 1452 2441 solis
1465 2434 1473 2446 ,
1501 2405 1564 2451 qui
1581 2405 1724 2449 plantas
1742 2404 1850 2437 fovet.

1385 2494 1568 2541 Ocyroe
1603 2492 1648 2527 in
1685 2504 1839 2539 equam
1863 2490 1921 2536 ⁴³).

1253 2565 1323 2599 Per
1348 2564 1538 2610 Ocyroen,
1579 2575 1670 2609 quae
1703 2573 1722 2595 a
1756 2559 1871 2594 veloci
1893 2558 1991 2592 fluxu
2018 2568 2153 2590 nomen

1149 2616 1256 2651 habet
1271 2645 1279 2659 ,
1307 2630 1347 2650 ac
1365 2618 1512 2663 fingitur
1533 2621 1671 2650 mutata
1691 2614 1728 2647 in
1747 2625 1892 2659 equam,
1921 2610 2080 2644 arbitror
2100 2610 2152 2642 in-

1182 2723 1230 2752 52)
1251 2722 1388 2746 Plutarch.
1409 2722 1442 2745 de
1461 2726 1526 2744 sera
1545 2717 1665 2743 numinis
1685 2703 1806 2740 vindicta
1826 2722 1849 2741 c,
1864 2715 1889 2738 6.

1181 2767 1229 2797 53)
1251 2766 1330 2791 Ovid.
1350 2767 1414 2791 Met.
1430 2765 1462 2796 ll,
1477 2764 1529 2788 633
1545 2770 1606 2794 sqq.
