2421 3005
69 88 145 126 309
548 80 752 117 LXXXVII.

69 175 141 208 iam
167 171 205 206 in
230 170 327 205 nuda
352 171 449 205 silice
475 168 578 204 enixa
604 167 775 213 gemellos
792 167 996 213 relinquere
1011 178 1068 199 co-

65 232 184 271 gatur.
238 223 428 258 Postremo
446 220 680 267 amplificavit
696 217 792 254 hunc
809 219 928 253 locum
946 230 966 251 a
984 230 1069 263 pro-

805 76 1093 116 ENARRATIO
1128 75 1410 111 BUCOLICON
1448 74 1655 110 VlRGlLll.

2052 77 2128 111 310

1127 177 1252 199 eorum
1299 163 1440 198 animos
1484 162 1552 197 sibi
1593 164 1884 203 demererentur,
1938 162 2127 198 collocare.

1093 187 1098 261 l
1120 216 1281 250 Proinde
1301 229 1381 251 cum
1399 215 1685 260 Transpadanos
1709 227 1814 260 agros
1829 215 2012 259 Augustus
2035 213 2126 247 divi-

67 277 249 322 digiorum
279 275 485 315 mentione,
521 280 556 307 et
580 273 679 318 cupit
706 271 838 305 certior
857 270 934 304 fieri
958 282 978 303 a
1004 270 1066 303 Ti·
1092 266 1095 309 ἷ
1120 270 1220 303 deret
1256 268 1358 314 (nam
1386 268 1642 312 Transpadani
1677 267 1891 301 adiuverant
1921 265 2123 300 Antonium

60 335 141 375 tyro
158 328 379 368 Meliboeus,
407 326 486 373 quiS
504 325 602 359 Deus
619 325 720 359 istius
739 324 804 357 otii
823 323 855 357 ei
872 323 918 357 sit
935 328 1052 357 autor.

161 380 311 426 Tityrus
327 385 448 413 autem
468 378 611 412 orditur
638 376 887 410 narrationem
914 386 1017 409 suam
1045 386 1063 407 a

54 431 125 466 loci
150 431 393 476 descriptione
419 430 559 476 egregie
591 435 734 464 servato
762 430 908 462 decoro.
968 426 1062 461 Nam

54 496 130 518 non
160 496 246 518 mox
268 483 449 517 Meliboeo
482 483 698 527 respondet,
743 493 809 525 per
833 491 941 526 quem
967 478 1062 512 istud

54 536 169 570 otium
187 549 229 570 ac
244 535 472 570 securitatem
492 536 539 568 sit
559 540 792 573 consecutus,
821 532 881 566 sed
898 542 963 576 per
985 542 1077 563 am-·

51 588 160 633 bages
182 588 379 635 quasdam,
418 587 548 634 quibus
574 586 612 619 in
634 586 820 629 narrando
845 584 1059 628 plerumque

50 641 168 674 solent
186 639 240 674 uti
259 639 396 673 rustici.
449 638 615 672 Primum
634 649 713 671 eam
732 637 858 672 urbem
877 634 1058 675 describit,

49 692 89 725 in
115 704 186 738 qua
212 692 272 725 ille
299 689 432 725 viderit
452 703 556 724 suum
575 689 707 724 Deum.
762 687 979 722 Continetur
994 698 1056 720 au-

49 750 121 777 tem
144 743 243 778 urbis
266 742 407 776 Romae
433 743 510 777 laus
533 742 572 775 in
596 739 652 775 his
675 738 1010 785 comparationibus
1035 750 1054 771 a

48 795 214 830 dissimili
236 795 372 835 ductis,
407 807 500 840 quae
524 792 740 827 mirabiliter
768 797 852 826 sunt
875 790 1055 835 simplices

48 853 84 881 et
109 847 217 893 plane
233 847 438 881 Bucolicae.
490 845 609 879 Porro
633 846 809 889 datawper
830 842 1053 876 Meliboeum

48 899 237 934 occasione
268 898 462 943 exponitur
491 895 550 931 hic
577 909 723 944 quoque
751 907 880 936 causa,
921 906 985 928 cur
1017 906 1053 928 se

46 950 225 992 Romam,
264 950 390 984 relicta
421 949 594 990 Mantua,
636 948 810 993 Virgilius
845 947 1053 988 contulerit,

46 1009 87 1036 ut
102 1002 266 1036 narratio
283 1002 330 1036 sit
345 1008 379 1035 et
394 1001 573 1046 prolixior
591 1007 626 1034 et
650 1000 826 1034 illustrior
838 1027 847 1041 ,
876 998 1052 1032 libertatis

46 1054 182 1089 scilicet
194 1054 471 1101 consequendae
483 1053 632 1098 gratiae.
662 1052 785 1097 Fingit
800 1058 920 1086 autem
933 1062 968 1084 se
980 1062 1053 1083 ser-

45 1119 133 1140 vum
154 1105 263 1141 fuisse
286 1105 529 1152 (quamquam
551 1117 591 1139 re
613 1117 697 1139 vera
724 1105 815 1137 liber
842 1103 911 1137 fuit
933 1101 1052 1146 Virgi-

45 1157 153 1206 lius),
195 1164 235 1192 ut
268 1157 421 1202 Augusti
452 1156 626 1190 beneficia
660 1156 774 1200 magis
808 1161 843 1189 et
870 1152 1052 1199 copiosius

46 1209 244 1254 praedicet,
263 1221 303 1242 ac
324 1215 489 1242 versatur
506 1206 565 1241 hic
583 1214 678 1242 totus
698 1207 798 1241 locus
817 1207 853 1239 in
875 1217 1051 1251 prosopo-

47 1261 155 1306 poeia
170 1261 340 1306 quadam.
393 1260 487 1295 Nam
507 1266 583 1293 tum
601 1272 638 1293 se
660 1259 819 1304 primum
842 1257 1051 1291 liberiorem

48 1312 195 1346 vivendi
211 1311 412 1352 rati0nem,
441 1318 475 1345 et
496 1311 763 1356 prosperiorem
788 1311 956 1343 fortunae
982 1315 1053 1343 sta-

49 1371 127 1398 tum
140 1363 173 1411 3)
189 1369 335 1396 nactum
355 1362 426 1403 ait,
454 1375 535 1396 cum
554 1362 668 1402 veteri
687 1362 801 1395 amica
820 1361 972 1394 Mantua
991 1371 1053 1405 pa-

49 1415 119 1449 tria
143 1414 286 1455 relicta,
313 1414 470 1447 Romam
498 1415 543 1447 ad
559 1413 785 1459 Amaryllida
813 1413 974 1452 venerit,
1002 1418 1054 1445 at-

51 1478 121 1514 que
148 1464 246 1501 hunc
276 1467 395 1500 locum
428 1465 662 1510 amplificavit
693 1465 886 1499 collatione
911 1463 1055 1509 pristini

50 1525 182 1560 status,
209 1518 347 1552 nullam
373 1517 442 1552 sibi
465 1518 617 1562 gratiam
643 1529 662 1551 a
689 1517 840 1551 Mantua
865 1529 939 1551 esse
964 1516 1055 1549 rela-

50 1577 148 1611 tam,
173 1582 397 1616 quamquam
424 1570 539 1603 multa
565 1569 602 1602 in
630 1582 709 1602 eam
731 1569 925 1603 contulerit
948 1568 1056 1601 bene-

50 1622 150 1663 ficia,
174 1622 315 1655 Romae
335 1628 456 1655 autem
472 1619 597 1655 haberi
614 1619 793 1655 honorem
814 1620 952 1655 virtuti.

155 1673 286 1707 Postea
322 1672 523 1706 Meliboeus
558 1674 762 1717 gratulatur
790 1673 920 1719 Tityro
956 1672 1056 1705 illam

52 1724 282 1765 felicitatem,
319 1731 354 1758 et
390 1724 515 1758 laudat
547 1736 608 1758 rus
639 1724 714 1757 eius
752 1726 796 1758 ab
826 1724 1058 1758 amoenitate.

53 1777 123 1811 Sed
142 1776 226 1823 quia
246 1776 367 1822 Tityri
392 1787 547 1821 persona
566 1782 642 1809 tota
668 1783 834 1810 versatur
856 1776 893 1808 in
912 1775 1059 1820 agendis

54 1828 179 1874 gratiis
197 1828 343 1863 Caesari
361 1828 544 1872 Augusto,
576 1840 682 1874 quem
711 1827 785 1860 dixi
807 1827 962 1871 Eclogae
986 1839 1060 1861 esse
1085 1827 1088 1855 ἕ

54 1886 210 1921 statum,
237 1880 319 1914 ideo
340 1880 503 1914 absoluta
522 1879 754 1919 narratione,
784 1879 828 1912 ab
846 1878 1060 1923 impossibili

55 1938 270 1978 argumento
284 1933 393 1966 ducto
410 1931 479 1971 ait,
504 1943 693 1978 nunquam
710 1932 885 1971 futurum,
912 1930 1061 1964 utillius
1087 1951 1088 1957 κ

1087 2009 1088 2015 ,
1114 1981 1209 2025 pulsi
1243 1987 1358 2014 erant.

55 1984 94 2017 in
119 1996 155 2018 se
179 1984 393 2019 meritorum
420 1983 665 2018 obliviscatur.
737 1982 909 2016 Meliboei
938 1989 1058 2015 autem

57 2035 175 2070 oratio
199 2043 252 2070 est
275 2043 450 2082 perpetua
476 2037 654 2082 quaedam
673 2036 716 2069 de
734 2034 915 2080 praesenti
939 2046 1061 2067 rerum

57 2094 153 2123 statu
171 2089 329 2134 querela.

58 2139 203 2173 citatem
234 2140 320 2175 satis
352 2140 575 2185 praedicavit
607 2140 829 2180 Meliboeus,
873 2138 966 2171 redit
998 2151 1062 2183 per

59 2192 290 2225 collationem
317 2198 352 2225 et
375 2189 590 2233 antithesin,
618 2198 657 2226 ut
682 2193 719 2225 in
737 2191 917 2237 principio
937 2203 1062 2235 coepe-

59 2249 136 2284 rat,
163 2244 209 2277 ad
225 2255 328 2278 suam
345 2250 379 2277 et
396 2243 550 2277 aliorum
563 2270 572 2284 ,
599 2244 661 2289 qui
679 2245 774 2288 agris
791 2243 863 2278 suis
883 2243 1063 2288 pelleban-

59 2301 139 2335 tur,
175 2295 371 2330 miseriam.
433 2294 498 2329 Est
526 2301 646 2329 autem
668 2296 779 2329 variis
805 2295 928 2340 figuris
954 2301 989 2328 et
1014 2295 1062 2327 as-

59 2346 209 2382 fectibus
229 2347 428 2382 illustratus
445 2344 502 2380 hic
519 2353 723 2391 postremus
742 2348 855 2382 locus.

108 2433 209 2467 Alia
239 2432 493 2478 dispositio
523 2433 723 2467 eiusdem
752 2433 798 2466 in
827 2434 1017 2467 eandem

450 2484 676 2529 Eclogam.

167 2551 341 2591 Solebant
355 2552 514 2586 Romani
541 2554 778 2598 imperatores
804 2554 842 2586 in
866 2553 1065 2599 municipa-

64 2602 158 2637 libus
180 2603 295 2648 agris,
322 2605 442 2640 eiectis
460 2605 640 2640 veteribus
658 2606 814 2645 colonis,
842 2605 994 2645 milites,
1027 2611 1068 2639 ut

99 2722 130 2754 3)
150 2722 266 2756 statum]
288 2724 337 2750 Ed.
357 2724 432 2752 1568.
451 2726 550 2751 mendo
571 2727 700 2757 typogn:
722 2726 823 2750 flatum.

383 2088 505 2134 Quare
531 2094 723 2134 postquam
747 2087 817 2120 iam
839 2086 960 2132 Tityri
986 2086 1061 2119 seli·
1087 2107 1089 2117 ι

1120 321 1157 354 in
1177 321 1274 354 civili
1297 321 1392 355 hello
1421 326 1545 354 contra
1564 320 1785 365 Augustum)
1798 346 1807 360 ‚
1834 318 1954 352 amisit
1969 324 2004 351 et
2019 330 2125 352 suum

1119 372 1302 417 Virgilius.
1356 372 1389 406 Is
1411 379 1604 418 postquam
1620 373 1783 415 Augusto
1802 371 1942 405 Romae
1963 370 2123 404 innotuit

1117 424 1421 459 intercedentibus
1441 424 1628 464 Pollione,
1656 423 1866 457 Maecenate
1889 430 1924 457 et
1942 421 2040 462 aliis,
2068 422 2123 455 in-

1115 477 1221 520 genio
1247 478 1400 517 meruit,
1429 483 1468 510 ut
1484 489 1569 521 ager
1584 476 1651 511 sibi
1671 482 1842 520 paternus
1862 474 2123 509 restitueretur.

1114 528 1181 562 Hic
1204 528 1356 573 Augusti
1380 529 1593 562 beneficium
1617 528 1803 572 praedicat
1828 533 1947 572 poeta.
2000 524 2121 558 Imita-

1113 587 1173 614 tur
1203 592 1348 614 carmen
1382 593 1494 625 genus
1531 579 1872 614 demonstrativum.
1936 577 2031 611 Nam
2063 588 2119 610 or-

1112 632 1196 666 dine
1221 638 1427 666 recensetur
1451 633 1584 665 factum
1611 645 1629 666 a
1655 631 1805 676 Tityro,
1840 630 1902 676 qui
1926 628 2120 673 Virgilium

1110 690 1370 729 repraesentat.
1432 683 1603 717 Meliboei
1631 695 1784 729 persona
1809 683 1947 716 adiecta
1971 686 2044 721 est,
2080 688 2119 714 ut

1110 736 1344 770 contentione
1377 742 1571 769 ornaretur
1596 742 1630 769 et
1655 736 1937 780 amplificaretur
1959 744 2118 767 carmen.

1108 788 1202 823 Nam
1221 786 1279 822 hic
1299 788 1388 822 alias
1404 788 1570 832 deplorat
1588 800 1714 821 eorum
1736 793 1868 821 sortem
1882 813 1891 827 ‚
1928 786 1990 832 qui
2009 797 2026 818 e
2045 784 2117 818 suis

1107 841 1394 884 possessionibus
1427 839 1529 873 eiecti
1556 846 1678 880 erant,
1715 839 1803 873 alias
1831 839 1921 872 bene
1946 842 2117 883 precatur

1106 892 1274 938 Virgilio.
1327 892 1366 926 Si
1389 891 1524 926 eximas
1548 891 1720 925 Meliboei
1745 902 1938 935 personam
1953 917 1962 931 ‚
1994 899 2113 923 sermo

1107 944 1227 991 Tityri
1252 951 1426 990 perpetua
1455 944 1634 990 quaedam
1668 942 1832 976 narratio
1857 941 1987 981 fuerit,
2022 951 2114 986 quae

1106 1009 1176 1043 qua
1194 997 1356 1036 ratione,
1393 1008 1466 1042 quo
1493 995 1621 1029 ordine
1650 1000 1807 1035 constet,
1836 994 1967 1039 quibus
1991 991 2037 1026 sit
2056 1003 2114 1024 or·

1106 1055 1190 1082 nata
1206 1049 1348 1093 figuris,
1384 1048 1432 1081 ita
1459 1049 1604 1080 demum
1625 1046 1803 1090 intelliget
1827 1046 2055 1083 adolescens,
2083 1043 2113 1077 si

1105 1100 1221 1135 soluta
1240 1101 1406 1134 oratione
1425 1111 1572 1133 carmen
1591 1098 1808 1144 exposuerit.

1410 1186 1548 1219 Aliud
1584 1185 1804 1218 eiusdem.

1209 1255 1354 1290 Nomen
1386 1253 1543 1299 Eclogae
1577 1265 1652 1286 non
1685 1259 1738 1286 est
1765 1264 1786 1285 a
1818 1251 1935 1296 capris
1967 1250 2115 1287 factum,

1106 1308 1169 1341 sed
1185 1307 1396 1352 simpliciter
1416 1306 1594 1350 significat
1611 1304 1805 1338 lectionem
1829 1315 1891 1338 seu
1915 1301 2115 1336 enarratio-

1106 1371 1191 1393 nem
1208 1371 1271 1393 seu
1289 1358 1576 1393 adnotationem.
1630 1357 1723 1391 Sunt
1738 1362 1859 1390 autem
1880 1355 1919 1388 in
1934 1353 2013 1388 aliis
2031 1365 2116 1387 con-

1108 1411 1232 1445 tinuae
1259 1410 1523 1456 expositiones,
1560 1409 1598 1442 in
1624 1408 1704 1443 aliis
1730 1407 1912 1453 colloquia
1947 1405 2116 1440 distincta

1109 1475 1346 1508 personarum
1360 1489 1369 1503 ‚
1398 1468 1432 1496 et
1455 1463 1493 1495 in
1518 1468 1674 1507 utroque
1690 1460 1777 1507 quid
1797 1461 1942 1498 deceat,
1971 1464 2006 1490 et
2027 1470 2116 1503 quo-

1109 1516 1220 1549 modo
1246 1515 1432 1559 ingeniose
1461 1520 1655 1558 utramque
1681 1513 1838 1546 formam
1868 1509 2117 1547 tractaverint,

1111 1568 1379 1601 observandum
1403 1572 1466 1600 est.
1520 1565 1625 1600 Nunc
1649 1565 1693 1597 de
1709 1564 1828 1609 prima
1847 1562 1981 1605 Ecloga
1998 1560 2117 1605 Virgi·

1110 1619 1150 1652 lii
1181 1620 1309 1653 dicam.
1383 1618 1433 1651 Ut
1457 1624 1577 1651 autem
1604 1622 1711 1649 antea
1736 1615 1887 1655 monui,
1922 1612 2117 1657 significari,

1111 1683 1168 1705 res
1184 1683 1335 1716 magnas
1359 1669 1520 1714 figuratis
1544 1668 1840 1708 narrationibus,
1868 1666 2116 1712 quaerendum

1113 1729 1165 1757 est
1192 1728 1445 1767 argumentum
1474 1733 1516 1754 ex
1541 1728 1747 1765 temporum
1774 1719 1921 1752 illorum
1946 1715 2116 1750 historiis.

1113 1774 1216 1808 Duae
1241 1781 1324 1808 sunt
1351 1785 1528 1818 personae
1554 1773 1591 1805 in
1622 1772 1740 1816 prima
1763 1771 1918 1813 Ecloga,
1963 1780 2117 1814 quarum

1114 1827 1228 1859 altera
1250 1826 1323 1870 agit
1339 1825 1472 1869 gratias
1499 1836 1565 1868 pro
1585 1824 1727 1856 reddito
1748 1821 1898 1867 praedio
1916 1821 1965 1866 ‘¹);
2005 1819 2117 1852 altera

1114 1879 1280 1922 deplorat
1294 1878 1387 1911 bella
1406 1876 1546 1915 civilia,
1574 1882 1608 1908 et
1624 1875 1865 1908 calamitatem
1884 1872 2030 1911 civium,
2055 1871 2115 1916 qui

1115 1942 1156 1963 ex
1183 1929 1470 1974 possessionibus
1499 1928 1572 1962 suis
1598 1932 1749 1971 propter
1777 1925 1879 1958 civile
1901 1923 2035 1957 bellum
2061 1935 2116 1955 ex-

1412 1981 1517 2013 Hunc
1552 1980 1671 2012 locum
1706 1989 1936 2011 communem
1969 1974 2119 2008 assumit

1114 2033 1245 2077 Ecloga
1260 2059 1269 2073 ‚
1298 2032 1360 2078 qui
1377 2031 1569 2076 praecipue
1587 2029 1645 2063 hic
1660 2030 1906 2064 observandus
1923 2033 1983 2061 est.
2040 2025 2119 2059 Mo—

1115 2092 1176 2119 net
1191 2084 1286 2118 enim
1305 2084 1531 2128 deprecanda
1550 2089 1585 2116 et
1601 2082 1749 2115 vitanda
1775 2093 1848 2115 esse
1870 2078 2017 2114 dissidia
2034 2077 2119 2111 civi-

1114 2138 1175 2172 lia.
1230 2136 1390 2170 Historia
1410 2142 1551 2175 autem,
1583 2146 1675 2180 quae
1701 2133 1867 2178 praebuit
1892 2130 2117 2165 occasionem

1115 2188 1199 2224 huic
1216 2188 1388 2228 carmini,
1416 2186 1504 2220 haec
1525 2192 1594 2220 est:
1631 2185 1715 2220 Non
1731 2185 1833 2218 facile
1849 2185 2020 2218 sedantur
2035 2181 2119 2215 civi-

1116 2242 1165 2276 les
1181 2241 1357 2275 tumultus
1369 2266 1378 2280 ,
1407 2246 1447 2273 ut
1463 2237 1552 2272 haec
1569 2238 1645 2282 ipsa
1664 2235 1816 2272 historia
1835 2235 2003 2270 ostendit.

1221 2292 1312 2326 Cum
1331 2291 1504 2326 Octavius
1521 2290 1703 2334 Augustus
1727 2296 1762 2322 et
1783 2287 1835 2324 M.
1852 2286 2032 2321 Antonius
2056 2298 2120 2329 op-

1116 2345 1328 2391 pressissent
1367 2343 1522 2377 Brutum
1566 2348 1601 2375 et
1635 2341 1796 2375 Cassium
1816 2368 1825 2381 ,
1866 2337 2047 2373 Antonius
2083 2336 2119 2367 in

1116 2397 1240 2431 Asiam
1266 2395 1426 2435 traiecit,
1462 2393 1636 2428 Octavius
1652 2392 1810 2426 Romam
1838 2391 1964 2429 rediit,
2002 2394 2039 2421 ut
2063 2399 2119 2421 res

1116 2450 1275 2483 urbanas
1295 2447 1549 2486 constitueret,
1577 2452 1612 2479 et
1636 2445 1815 2478 veteranis
1840 2444 1943 2476 daret
1967 2438 2121 2484 promis-

1118 2513 1175 2536 sos
1196 2512 1314 2545 agros.
1369 2500 1439 2533 Sed
1458 2498 1542 2545 quia
1561 2497 1705 2531 crudele
1725 2502 1777 2530 est
1793 2494 1967 2539 expellere
1984 2502 2121 2535 posses-

1119 2565 1240 2592 sores,
1267 2550 1356 2585 haec
1379 2551 1455 2596 ipsa
1478 2563 1534 2584 res
1560 2561 1696 2583 novum
1721 2547 1853 2580 bellum
1877 2545 2039 2587 Augusto
2063 2554 2121 2575 ex-

1120 2604 1257 2639 citavit.
1310 2603 1404 2638 Nam
1427 2602 1560 2638 Lucius
1581 2599 1781 2639 Antonius,
1808 2599 1919 2630 frater
1942 2594 1992 2630 Μ.
2008 2594 2121 2627 Anto·

1157 2722 1185 2751 4)
1205 2721 1333 2753 praedio]
1353 2720 1497 2791 ΕΦὲόοθῧὲ
1516 2719 1612 2744 mendo
1633 2720 1763 2748 typogm
1784 2714 1899 2747 praelio.
