2421 3005
554 92 773 130 LXXXVIII.

190 179 250 214 Vs.
266 180 352 216 262.
381 179 500 228 Pub-i]
532 181 564 213 id
585 187 658 221 est,
692 182 851 215 resoluto
871 182 1083 226 putrefacto,

87 238 188 266 cocto
212 233 257 265 ad
281 232 405 267 solem.

85 285 244 330 quadam
267 284 403 316 cultura
426 290 460 316 et
478 284 689 317 mollitione.

187 334 247 369 Vs.
279 334 367 370 264.
418 336 556 380 Iugera]
599 335 635 368 id
672 342 722 369 est
743 362 751 373 ,

85 396 271 430 agrorum.

186 436 247 471 Vs.
266 436 353 473 265.
394 441 442 471 At
466 440 498 471 εἰ
520 439 618 482 qnos]
655 437 801 472 Nonum
831 442 1079 482 praeceptum:

80 487 181 532 Elige
198 488 414 521 conveniens
431 488 561 522 solum.
603 488 692 522 ltem
711 489 741 522 si
756 490 903 522 arbores
919 488 956 520 in
973 487 1078 520 aliam

80 547 215 573 terram
237 541 425 579 transfers,
454 546 538 572 tunc
556 540 704 574 obverte
721 540 818 573 illam
842 546 982 584 partem
1007 552 1079 572 me-

78 591 204 630 ridiei,
231 603 322 637 quae
341 597 443 624 antea
461 591 529 624 suit
548 592 712 625 meridiei
730 593 891 625 obversa.

180 641 241 676 Vs.
261 642 348 678 266.
376 640 550 690 Similem]
571 643 604 676 id
625 650 695 683 est,
723 643 875 677 similem
895 642 989 675 inter
1006 642 1078 686 pri-

77 706 176 728 mum
196 694 314 727 solum
336 700 370 727 et
388 695 562 733 alterum,
589 695 625 727 in
642 696 739 740 quod
755 695 793 727 fit
809 693 1010 727 translatio.

180 744 240 779 Vs.
258 746 345 781 271.
373 744 469 793 Axi]
496 746 531 778 id
550 752 618 783 est,
647 746 732 790 polo
751 744 1038 790 septentrionali.

90 95 166 134 389

804 334 893 367 illud
926 334 1080 377 spatium

200 796 238 831 's.
256 798 345 832 272.
371 795 621 844 A1e11eris³³)]
647 797 782 830 Verum
803 795 872 830 hoc
893 803 956 836 est,
983 796 1076 829 mul-
1102 822 1105 830 ,

76 853 151 881 tum
171 849 278 882 refert
295 862 313 881 a
331 849 462 882 teneris
480 850 715 882 assuefactum
744 861 817 883 esse
829 875 838 888 ,
867 848 951 894 quia
968 849 1076 881 rudes
1102 887 1104 897 ι

74 904 111 932 et
125 899 241 932 teneri
262 900 373 932 animi
391 900 505 933 multo
524 900 662 934 facilius
688 900 826 946 aliquid
854 899 1075 944 concipiunt,

74 962 183 995 quam
201 951 327 984 adulti.

177 1001 236 1036 Vs.
252 1002 340 1038 273.
369 1001 534 1050 Collibus]
557 1002 746 1036 Decimum
765 1009 996 1048 praeceptum
1013 1015 1074 1036 seu

73 1059 191 1098 caput.

175 1104 236 1139 Vs.
263 1104 351 1142 275.
392 1104 531 1153 Densa]
575 1105 611 1138 id
645 1111 714 1145 est,
750 1106 855 1140 serite
891 1106 999 1138 dense
1037 1105 1102 1137 in?

72 1168 202 1202 campo
226 1157 366 1201 pingui.

175 1216 236 1251 Vs.
250 1217 339 1252 277.
366 1216 584 1266 Inunyuem]
615 1218 651 1251 id
679 1224 748 1257 est,
777 1218 925 1250 arbores
954 1217 1073 1251 distri-

69 1269 230 1302 buantur
246 1269 283 1302 in
308 1269 565 1315 quincuncem,
599 1270 661 1303 ubi
687 1277 784 1302 recto
811 1269 937 1302 ordine
964 1276 1072 1309 stant,

71 1332 215 1365 quaque
233 1327 266 1353 te
281 1327 411 1355 vertas.
447 1321 606 1354 Romani
625 1321 719 1354 enim
739 1333 864 1354 omnes
883 1332 951 1360 res,
979 1332 1071 1366 quae
1098 1346 1099 1354 1

1014 1371 1071 1405 Sic
1097 1383 1099 1414 j

68 1428 187 1456 totum
203 1422 318 1456 solum
336 1422 535 1456 diviserunt
550 1422 648 1456 iuxta
665 1423 751 1456 assis
773 1422 986 1456 divisionem
999 1448 1008 1462 ‚
1037 1430 1071 1457 et
1097 1417 1099 1444 3

1096 1463 1098 1512 ζ
1125 1466 1213 1500 tium
1244 1475 1368 1512 caput:
1412 1468 1568 1513 Quando
1599 1468 1687 1501 ssant
1718 1467 1926 1513 aquilones,
1968 1478 2129 1511 praeser-

1096 1514 1098 1532 ἶ
1124 1519 1187 1551 tim
1219 1519 1309 1551 circa
1336 1520 1555 1564 principium
1584 1526 1617 1552 et
1644 1521 1750 1552 finem
1777 1517 1935 1564 hyemis,
1976 1530 2051 1552 non
2076 1519 2128 1551 fo-

172 1533 233 1568 Vs.
259 1534 348 1570 279.
396 1538 438 1569 Ut
460 1535 572 1580 saepe]
610 1532 766 1568 Pulchra
798 1534 997 1569 similitudo
1027 1537 1069 1569 de
1096 1545 1097 1572 ἶ

375 1585 423 1618 Et
438 1598 523 1619 vera
542 1593 593 1619 est
609 1587 783 1620 sententia
801 1585 1068 1631 Xenophontis:
1096 1613 1097 1631 Ξ

68 1634 168 1672 Nihil
185 1642 237 1670 est
254 1648 318 1669 nec
337 1634 540 1680 pulchrius,
565 1649 631 1671 nec
658 1639 871 1682 speciosius,
908 1651 971 1672 nec
1000 1639 1070 1672 uti-
1095 1657 1097 1662 2

69 1371 185 1404 dividi
199 1376 386 1415 poterant,
416 1372 616 1404 diviserunt
636 1382 700 1415 per
717 1377 836 1415 partes
862 1371 960 1404 assis.

68 1473 218 1518 sing-ulis
235 1474 495 1520 quincuncibus
512 1474 719 1508 tribuerunt
735 1487 818 1509 suos
836 1475 991 1508 ordines.

67 1586 165 1620 bono
183 1586 322 1619 ordine.

68 1688 137 1722 lius
156 1688 253 1721 bono
273 1687 411 1722 ordine.

171 1747 231 1782 Vs.
249 1747 337 1783 282.
372 1749 570 1794 Renidenti]
599 1748 633 1781 id
661 1755 730 1788 est,
768 1748 958 1793 splendidi.

68 1798 164 1833 enim
200 1799 391 1843 legendum
428 1806 490 1834 est.

66 1849 210 1884 Emicat
230 1851 362 1895 effigies
380 1857 413 1884 et
432 1863 554 1896 sparsa
576 1849 754 1885 orichalca
776 1852 953 1884 renident.

1013 1749 1069 1782 Sic

66 1962 239 2007 profundi
255 1963 409 1996 debeant
427 1976 500 1997 esse
519 1964 674 1997 scrobes.

169 2021 230 2056 Vs.
246 2022 334 2058 289.
375 2023 500 2068 Vitem]
527 2024 686 2057 Arbores
712 2023 957 2057 immittuntur
986 2036 1069 2068 pro-

63 2073 212 2108 fundius
230 2073 267 2107 in
283 2081 415 2107 terram
438 2088 545 2120 quam
564 2077 665 2109 x‘ites.

170 2133 231 2168 Vs.
247 2133 336 2170 293.
364 2133 590 2183 IVonflabra]
622 2135 656 2168 id
676 2141 746 2175 est,
776 2134 882 2168 xenii.

171 2194 233 2229 Vs.
250 2195 338 2231 298.
367 2198 458 2229 Neve
473 2193 552 2244 tibi]
570 2196 830 2230 Duodecimum
851 2201 974 2240 caput:
1003 2194 1068 2235 Illi,

70 2247 131 2294 qui
149 2247 273 2280 vineas
289 2247 430 2287 colunt,
460 2254 587 2280 curant
607 2260 666 2282 eas
682 2249 778 2287 fieri,
806 2255 845 2281 ut
867 2248 937 2281 sint
962 2259 1069 2292 expo-

68 2300 158 2334 sitae
176 2299 379 2332 meridiano
397 2299 485 2338 soli,
513 2305 547 2332 et
565 2300 829 2345 aliquantulum
854 2299 1005 2339 orienti,
1033 2299 1067 2331 id

70 2357 143 2391 est,
179 2351 266 2384 istae
292 2351 416 2383 vineae
440 2358 521 2384 sunt
545 2351 722 2395 optimae,
758 2364 849 2396 quae
874 2358 957 2385 sunt
980 2351 1068 2384 sitae

71 2403 116 2436 ad
140 2409 259 2435 ortum
285 2403 505 2440 brumalem;
551 2409 673 2446 postea
699 2403 817 2437 minus
843 2404 958 2436 malae
987 2409 1069 2437 sunt

72 2454 260 2499 oppositae
280 2455 474 2491 occidenti;
505 2455 696 2498 pessimae,
723 2455 970 2498 septentrioni.

107 2597 156 2625 34)
176 2597 329 2626 putrefacto
350 2611 383 2614 —
402 2597 493 2626 Sicut]
521 2597 562 2621 sic
582 2596 700 2626 scripsi:

145 2632 232 2656 Coelo
248 2632 287 2655 ad
306 2632 408 2661 solem]
429 2633 504 2656 sicut

107 2682 157 2709 ³5)
177 2682 199 2706 A
219 2683 341 2710 teneris]
365 2683 405 2706 sic
421 2683 470 2707 Ed.
489 2682 562 2706 1522.
583 2682 608 2705 iu
629 2683 677 2704 hm·
697 2686 856 2711 comment.;
885 2682 908 2704 iu
926 2684 999 2706 teitu
1017 2689 1067 2706 au-

145 2720 199 2740 tem
219 2719 265 2745 (z
286 2718 334 2741 Ed,
355 2718 506 2748 unagaen-,J
528 2719 555 2741 ὶη
577 2718 695 2742 teneris.

825 93 1111 130 ENARRATIO
1145 92 1431 129 GEORGICON
1468 92 1675 128 VIRGILII.

475 232 632 279 Sicut‘ffi)
661 232 802 276 ingenia
830 231 964 266 habent
994 245 1083 277 opus
1108 248 1111 254 ·

564 1798 616 1832 Ita
652 1800 736 1832 alibi
773 1800 890 1845 inquit
917 1800 1067 1834 Statius:
1094 1828 1097 1851 ⁴:

1094 2543 1095 2567 ἒ
1123 2535 1288 2568 dentibus
1307 2534 1344 2566 in
1363 2540 1509 2567 terram.

736 2597 783 2621 Ed.
807 2597 880 2621 1544.
900 2598 1068 2628 putrefacto.
1094 2592 1095 2595 ¹

2066 95 2139 130 390

1243 180 1303 215 Vs.
1321 181 1408 216 299.
1444 179 1622 228 Corylum]
1660 186 1806 224 propter
1833 181 2018 220 umbram,
2055 181 2139 225 quia

1138 232 1270 267 sitibus
1287 239 1390 266 nocet
1415 234 1555 266 uu‘abra.
1660 232 1807 274 Fluyella
1831 234 1979 273 summa]
2017 232 2051 264 id
2076 239 2139 271 est,

1137 296 1181 317 ne
1201 297 1319 318 sumas
1339 285 1479 328 plantas
1499 297 1539 317 ex
1557 283 1706 317 summis
1725 282 1844 315 ramis.

1230 335 1300 370 'Vs
1319 337 1405 370 301.
1437 339 1568 370 Tantus
1591 347 1688 369 amm·
1715 331 1850 379 terrae]
1880 331 2004 373 idest,
2034 333 2137 367 citius

1136 388 1358 429 proveniunt
1377 389 1518 431 plantae
1539 387 1678 419 vicinae
1699 385 1890 417 radicibus.

1243 436 1298 470 Vs.
1317 439 1402 473 302.
1434 435 1551 484 Oleae]
1580 438 1615 470 id
1636 444 1706 475 est,
1736 449 1779 470 ne
1797 436 1906 469 serito
1924 435 2010 467 alias
2031 436 2136 468 arbo-

1134 500 1190 522 res
1213 488 1307 521 inter
1325 489 1461 528 oleam,
1491 497 1524 522 et
1545 490 1659 522 oleam
1678 489 1772 522 inter
1790 487 1876 521 alias
1894 486 2052 520 arbores.

1237 539 1297 573 Vs.
1317 541 1403 574 308.
1432 539 1536 588 Redi]
1569 542 1601 573 id
1629 546 1698 579 est,
1728 539 1882 584 proiicit.

1237 591 1296 625 Vs.
1316 592 1402 627 312.
1437 594 1508 626 Hoc
1534 590 1609 639 ubi]
1639 592 1780 625 Scilicet
1806 589 1952 627 accidit,
1989 588 2135 634 quando

1132 643 1241 675 semel
1278 649 1361 676 sunt
1395 644 1561 677 incensae
1594 644 1705 676 oleae.
1829 638 1964 687 Valent]
2008 641 2044 673 id
2073 646 2136 679 est,

1132 705 1206 726 non
1235 701 1418 732 crescunt,
1462 702 1495 727 et
1519 695 1658 728 etiamsi
1686 700 1866 733 crescunt,
1910 704 1982 724 non
2014 698 2135 725 tamen

1132 746 1310 790 recipiunt
1332 746 1493 778 nativam
1519 746 1604 779 vim.

1235 797 1294 830 Vs.
1314 797 1400 831 314.
1432 795 1605 844 Oleasier]
1636 797 1703 829 Ein
1723 797 1854 829 xxilder
1870 797 2027 829 olbaum.
2077 794 2133 827 Sic

1131 847 1279 893 quidam
1313 849 1487 882 ineruditi
1512 850 1674 882 fecerunt
1698 846 1789 881 lianc
1813 847 2055 881 differentiam
2080 846 2133 879 in-

1130 906 1184 932 ter
1202 900 1307 933 ficum
1327 908 1361 934 et
1378 912 1608 945 sycomorum
1622 928 1630 941 ,
1667 907 1700 933 et
1717 900 1885 932 dixerunt
1901 911 2132 943 sycomorum

1130 963 1203 985 esse
1229 952 1333 985 ficum
1362 953 1583 997 sylvestrem.
1653 952 1721 985 Sed
1746 958 1888 990 errant,
1923 950 2005 995 quia
2031 961 2132 994 syco-

1129 1015 1252 1037 morus
1272 1011 1323 1038 est
1348 1004 1536 1048 peculiaris
1559 1004 1692 1048 species
1717 1001 1851 1036 liabens
1874 1014 2024 1046 pomum
2049 1014 2131 1046 par-

1128 1055 1192 1086 tim
1211 1055 1298 1095 fico,
1324 1056 1456 1100 partim
1474 1068 1578 1088 moro
1597 1055 1723 1089 simile.
1778 1054 1823 1087 Et
1845 1060 1896 1087 est
1920 1065 2130 1099 sycomorus

1129 1106 1232 1138 valde
1260 1107 1435 1141 celebrata
1464 1108 1585 1141 arbor.
1652 1106 1717 1140 Est
1741 1106 1888 1150 propria
1913 1105 2068 1150 Aegypti
2097 1111 2131 1137 et

1127 1157 1364 1203 Palaestipae.
1417 1158 1463 1191 Et
1484 1165 1625 1202 oportet
1644 1158 1742 1203 prius
1761 1157 1881 1190 fricari
1907 1163 1940 1189 et
1968 1157 2045 1189 radi
2075 1169 2131 1189 ar-

1127 1209 1251 1242 borem
1279 1207 1392 1250 lianc,
1437 1217 1475 1243 ut
1499 1212 1560 1243 liat
1587 1212 1696 1243 ferax.
1765 1210 1962 1253 Propterea
1992 1220 2131 1241 accom-

1098 1273 1101 1279 ’
1128 1262 1296 1294 modatur
1322 1263 1365 1295 ad
1391 1262 1565 1306 populum
1594 1261 1701 1305 legis,
1738 1261 1798 1306 qui
1824 1260 1902 1293 radi
1930 1260 2052 1300 debet,
2094 1260 2130 1293 id

1127 1319 1197 1352 est,
1227 1313 1288 1358 qui
1307 1326 1397 1357 opus
1416 1311 1524 1346 babet
1540 1313 1727 1358 disciplina
1747 1313 1804 1345 illa
1825 1319 1858 1345 et
1876 1313 1971 1356 lege,
2000 1318 2039 1345 ut
2057 1324 2130 1344 me-

1126 1365 1193 1397 lius
1210 1364 1285 1408 regi
1308 1366 1431 1409 possit.

1229 1415 1289 1450 Vs.
1305 1415 1392 1451 315.
1418 1419 1492 1451 lVec
1507 1417 1571 1450 tibi·
1586 1421 1656 1450 iam
1669 1411 1835 1461 prudens]
1856 1414 2042 1447 Decimum
2061 1421 2130 1448 ter-

1125 1570 1312 1604 diendum.

1228 1621 1288 1656 Vs.
1307 1622 1393 1656 316.
1419 1620 1575 1670 Movere]
1605 1622 1755 1661 scilicet,
1781 1628 1865 1654 ante
1886 1634 1958 1655 ver.

1228 1673 1289 1707 Vs.
1309 1675 1395 1709 321.
1430 1673 1571 1722 Prima]
1604 1674 1637 1707 id
1663 1681 1733 1713 cst,
1762 1673 1798 1706 Si
1824 1673 1875 1707 vis
1898 1674 2040 1713 fodere,
2076 1674 2128 1706 so-

1096 1747 1097 1750 =
1124 1725 1198 1758 (lito
1218 1725 1309 1758 circa
1328 1732 1561 1762 antummum
1590 1732 1711 1758 nostra
1731 1725 1839 1759 sossio
1858 1737 1919 1758 seu
1936 1725 2125 1769 proscissio

1123 1778 1162 1810 fit
1180 1777 1217 1809 in
1237 1789 1331 1810 vere.

1228 1836 1288 1871 Vs.
1306 1836 1392 1872 324.
1433 1839 1516 1870 Vere
1539 1835 1683 1880 lumeni]
1710 1835 1908 1869 Luculenta
1932 1836 2124 1881 descriptio

1095 1902 1097 1918 ε
1123 1888 1227 1922 veris.

170 1909 231 1944 Vs.
247 1910 335 1946 288.
364 1909 544 1959 Forsitan]
564 1911 804 1945 Undecimum
826 1918 943 1956 caput,
960 1924 1066 1957 quam
1094 1925 1096 1929 ·

1226 1948 1285 1982 Vs.
1305 1946 1390 1984 325.
1418 1951 1522 1982 Pater
1545 1948 1767 1991 omnipotens]
1802 1946 1924 1980 Iovem
1947 1948 2123 1989 intelligit.

1124 2000 1218 2033 Haec
1236 2008 1339 2044 pocta
1358 2000 1536 2044 Epicureo
1561 2012 1661 2032 more
1688 1999 1793 2039 dicit,
1829 1999 1890 2044 qui
1915 1999 2125 2044 appellatio-

1123 2065 1184 2085 nes
1211 2052 1276 2085 Dei
1307 2052 1513 2086 tribuebant
1545 2051 1612 2095 ipsi
1643 2062 1763 2083 rerum
1796 2057 1960 2085 naturae.
2021 2051 2124 2085 Scitis

1094 2116 1097 2136 ·ῑ
1124 2110 1242 2137 autem
1263 2105 1341 2137 illas
1366 2104 1536 2148 profanas
1561 2103 1750 2147 opiniones
1775 2103 1858 2135 odio
1881 2102 2007 2147 dignas
2037 2116 2122 2137 esse.

1122 2156 1167 2190 Et
1185 2162 1235 2189 est
1251 2156 1425 2189 mirabilis
1444 2155 1557 2199 caligo
1575 2153 1815 2187 humanarum
1841 2155 2016 2187 mentium
2029 2182 2038 2194 ,
2072 2162 2123 2194 nt,

1124 2221 1202 2242 cum
1221 2220 1262 2240 eo
1280 2209 1349 2241 sint
1368 2207 1522 2247 conditi,
1551 2213 1589 2239 ut
1609 2213 1805 2249 agnoscant
1823 2205 1939 2239 Deum
1953 2233 1962 2246 ,
1991 2213 2121 2250 negent

1123 2267 1243 2293 tamen
1274 2261 1389 2293 Deum
1420 2272 1505 2292 esse.
1571 2258 1678 2292 Tales
1714 2258 1821 2290 etiam
1858 2259 2003 2292 suerunt
2037 2258 2122 2302 Epi-

1123 2312 1231 2346 curei.

1226 2370 1286 2404 Vs.
1306 2370 1392 2405 326.
1422 2370 1598 2414 Coniuqis]
1628 2369 1662 2402 id
1685 2375 1754 2409 est,
1783 2375 1911 2402 terrae.

1225 2430 1284 2464 Vs.
1305 2430 1390 2465 327.
1418 2431 1549 2474 Mayno
1571 2430 1722 2474 corpore]
1751 2429 1783 2461 id
1811 2435 1879 2466 est,
1917 2435 2000 2461 tunc
2025 2435 2118 2461 terra

1123 2484 1159 2516 fit
1186 2484 1359 2516 foecunda
1386 2482 1583 2521 imbribus,
1621 2479 1839 2514 etlialitibus
1857 2479 1959 2513 bonis
1976 2480 2118 2513 descen-

1572 2532 1625 2565 llli
1654 2533 1776 2565 vitales
1802 2530 1931 2564 balitus
1957 2539 2119 2565 recreant

1123 2594 1267 2620 terrain.

1224 2645 1283 2679 Vs.
1303 2645 1388 2678 330.
1417 2646 1527 2679 Auris
1547 2644 1710 2686 Zephyri]
1742 2641 1774 2672 id
1804 2647 1876 2677 est,
1905 2640 1972 2675 illis
2002 2642 2118 2675 vitali-

1094 2732 1095 2737 ,
1122 2699 1204 2737 bus,
1233 2697 1413 2735 suavibus,
1443 2695 1603 2729 dulcibus
1624 2693 1790 2726 iuditibus
1808 2700 1989 2726 recreatur
2011 2701 2114 2728 terra.

1516 2744 1565 2780 25
