2421 3005
103 87 179 124 189
518 82 674 119 LXXXI.
733 80 1140 118 INTERPRETATIO
1170 81 1507 118 OLYMPIORUM
1542 81 1756 120 PINDARI.
2110 90 2184 126 190

210 173 270 196 Hoc
289 171 439 196 discrimen
457 171 634 196 Psalmorum
655 171 682 194 et
702 169 817 194 Pindari
836 170 914 195 initio
934 169 1171 194 considerandum
1191 172 1242 194 eet.
1285 170 1388 194 Postea
1411 170 1567 201 cogitetur,
1600 171 1635 195 ad
1661 171 1723 202 quid
1747 171 1838 202 prosit
1864 172 1979 198 Pindari
2004 174 2095 200 lectio.
2140 179 2176 202 ct

102 207 184 234 multi
202 207 250 231 alii
271 209 371 237 poetae
390 209 418 231 et
437 207 592 237 scriptores
613 205 738 229 historici
760 208 841 230 extra
860 205 1036 234 Ecclesiam.
1059 207 1181 229 narrant
1199 205 1249 229 alii
1268 206 1340 230 alias
1360 205 1513 230 historias.
1542 208 1568 229 et
1596 206 1722 230 intexunt
1741 209 1900 232 sententias
1921 212 1949 233 et
1967 210 2172 236 admonitiones

103 244 180 268 vitae
198 243 300 273 utiles,
320 244 350 266 ut
370 243 525 271 Homerus,
545 241 704 265 Herodotus
726 242 753 264 et
772 241 838 266 alii:
864 241 903 264 ita
923 240 1062 264 Pindarus
1082 245 1211 272 magnam
1230 242 1339 271 partem
1357 240 1463 264 veteris
1482 241 1609 265 Graecae
1627 241 1765 266 historiae
1784 243 1901 275 recitat,
1926 244 2091 277 PelopidaS,
2117 249 2175 272 Ar-

103 280 262 310 gonautas‚
287 277 444 306 Aeacidas,
471 282 587 308 quorum
606 275 741 300 memoria
761 276 910 306 praecipue
930 275 1096 300 delectatur.
1142 275 1211 299 Nam
1231 276 1329 300 ordine
1348 277 1484 306 Aeacum,
1516 276 1615 300 deiude
1636 276 1734 307 Pelea,
1761 278 1956 309 Telamonem,
1989 281 2126 306 Achillem
2145 284 2173 306 et

104 313 219 338 Aiacem
237 313 392 342 praedicat.
428 312 536 335 Laudat
555 313 583 335 et
602 312 703 335 nrbes.
723 314 751 334 et
771 310 942 341 quarundam
961 310 1043 334 initia
1061 312 1274 334 commemorat:
1302 312 1333 334 ut
1347 311 1476 341 Cyrenes
1497 312 1523 334 et
1538 312 1702 337 Thebarum.
1739 313 1865 337 Athenas
1884 321 1943 338 cnm
1963 321 2031 346 prae
2049 317 2171 341 caeteris

104 348 268 378 laudasset,
300 347 365 371 irati
385 346 506 371 Thebani
524 347 656 370 mulctam
676 346 701 370 ei
722 346 900 377 indixerunt,
936 351 1018 376 quam
1036 345 1242 378 Athenienses,
1275 353 1337 370 cum
1360 346 1467 370 nollent
1487 347 1513 370 ei
1532 346 1668 377 officium,
1701 348 1773 378 quod
1793 348 1864 378 ipsis
1884 351 2040 383 tribuerat,
2073 352 2173 377 damno

110 389 194 414 esse,
223 383 380 408 solverunt.

192 426 317 457 Legatur
342 431 411 457 ergo
430 424 569 448 Pindarus
595 426 710 455 propter
736 426 860 449 veterem
885 423 1047 455 historiam,
1078 423 1245 454 praesertim
1271 431 1331 448 cum
1356 425 1444 449 multa
1462 427 1576 457 narret,
1604 431 1675 456 quae
1693 431 1830 456 nusquam
1850 427 1914 451 alibi
1936 430 2039 454 extant.
2084 432 2180 461 Quae-

105 461 171 486 dam
190 461 328 485 interdum
347 460 450 484 fabulis
468 460 606 484 involvit:
640 462 670 483 ut
689 466 750 484 cum
769 460 823 490 ait,
855 459 1001 483 Tantalum
1021 459 1146 489 punitum
1166 465 1247 489 esse,
1282 459 1354 490 quod
1371 460 1511 484 adhibitus
1531 461 1565 484 ad
1585 461 1707 485 Deorum
1728 462 1843 491 epulas,
1877 464 2048 488 ambrosiam
2067 465 2178 490 furatus

107 497 164 527 sit,
188 500 248 527 ‘quo
269 496 414 519 involucro
434 495 575 526 significat
596 495 718 525 aliquam
737 494 884 526 religionis
904 494 1093 518 violationem.
1132 494 1394 525 Bellerophontem,
1413 496 1518 526 inquit,
1548 502 1608 520 cum
1628 496 1738 526 Pegaso
1757 499 1855 520 vectus
1874 503 1959 528 saepe
1981 499 2098 524 vicisset
2116 507 2178 525 ma-

106 537 179 563 gnos
198 531 320 555 hostium
339 531 496 560 exercitus,
522 530 610 554 tantis
631 530 733 553 elatum
753 529 949 559 successibuS,
978 529 1087 560 Pegaso
1107 529 1236 553 voluisse
1255 529 1331 553 intra
1349 530 1457 554 coelum
1476 530 1555 558 vehi:
1591 531 1641 554 sed
1662 538 1826 556 excussum.
1860 532 1887 556 in
1908 535 2014 558 terram
2034 535 2176 566 delapsum

107 572 190 596 esse,
217 568 245 589 et
263 572 329 589 crus
351 565 491 596 fregisse,
521 570 553 589 ac
572 566 672 595 postea
691 571 821 588 moerore
840 564 990 588 extinctum
1011 571 1092 596 esse,
1127 569 1181 595 qua
1200 563 1310 594 pictura
1330 565 1488 596 signifieat,
1519 566 1648 590 infelices
1669 573 1734 590 esse
1752 569 1869 591 conatus
1889 568 2010 592 omnium
2029 570 2179 600 hominum,

107 601 154 632 qui
173 602 351 630 erumpentes
371 604 452 624 extra
472 602 562 623 metas
584 599 627 624 sui
647 599 717 628 loci,
748 599 852 623 altiora
871 599 1086 629 concupiscunt,
1114 600 1143 622 ut
1164 599 1291 629 exempla
1311 600 1461 624 ostendunt
1481 601 1607 624 omnibus
1627 602 1778 627 aetatibus.
1821 603 1962 627 Antonius
1982 610 2037 628 non
2058 608 2177 629 conten-

105 637 152 660 tus
172 635 283 659 dimidia
301 635 412 665 Imperii
430 635 548 659 Romani
566 636 662 665 parte,
683 641 744 658 cum
763 635 841 658 solus
861 640 983 664 regnare
1001 635 1104 663 vellet,
1132 640 1252 663 prorsus
1273 635 1446 665 opprimitur.
1492 636 1527 659 Ut
1538 636 1568 666 ss)
1590 638 1717 666 constat,
1744 638 1815 661 hanc
1833 638 1987 663 salutarem
2006 640 2176 664 admonitio-

106 677 171 695 nem
191 670 274 694 etiam
293 670 388 693 divina
407 670 561 694 autoritate
580 669 712 693 traditam
732 675 806 693 esse.
843 669 921 692 Iubet
941 669 1015 693 enim
1034 669 1138 692 Paulus
1159 674 1191 693 eo
1210 675 1264 693 nos
1285 670 1441 700 excellere,
1474 671 1605 695 videlicet
1627 672 1719 695 studio
1741 672 1841 702 quietis
1862 674 1890 696 et
1909 674 2024 704 propria
2043 675 2176 699 faciendi:

107 705 292 736 significans,
325 705 488 729 ambitiosas
508 707 626 728 naturas
647 704 839 728 excellentiam
865 709 1001 735 quaerere
1027 703 1170 729 contrario
1197 704 1293 735 modo,
1327 705 1435 729 scilicet
1462 705 1554 730 studio
1581 707 1710 730 turbandi
1735 707 1860 732 ordinem
1886 710 2115 742 gubernationis,
2151 712 2179 735 et

110 740 275 771 erumpendi
296 742 377 764 extra
396 741 486 764 metas
506 739 613 770 proprii
632 739 727 765 officii.

213 784 347 809 Historiis
366 790 434 808 vero
453 783 553 808 intexit
573 783 673 814 ubique
692 783 864 813 gravissima
885 785 1049 815 praecepta,
1076 789 1109 808 ac
1127 782 1277 815 praecipue
1297 783 1331 807 de
1350 783 1474 813 iustitia,
1502 785 1530 807 et
1550 784 1582 808 de
1602 785 1757 815 modestia,
1785 786 1818 810 de
1835 787 1934 817 poenis
1949 788 2053 813 iniuste
2067 789 2180 820 rapien-

107 819 176 844 tium
195 820 304 851 aliena,
329 821 357 844 et
376 825 488 850 eorum,
514 818 561 849 qui
580 819 669 842 stulta
688 818 838 842 ambitione
858 818 923 842 moti
936 835 943 845 ,
964 825 1019 843 non
1039 819 1204 843 necessaria
1223 818 1297 842 bella
1316 820 1438 844 movent.
1475 819 1650 844 Gravissime
1670 820 1776 850 inquit:
1791 818 1843 844 Ἔα
1863 821 2005 855 πόλεμον,
2030 822 2062 847 ἔα
2080 823 2180 857 μαχᾶν

106 852 195 887 χωρὶς
213 853 289 878 θεοῦ.
333 856 373 878 Ac
393 859 478 885 saepe
497 855 608 883 monet,
634 858 682 877 eas
701 859 806 884 poenas
825 860 881 878 non
901 859 967 877 casu
987 854 1129 884 accidere,
1156 854 1206 878 sed
1226 853 1320 877 divina
1338 853 1516 884 providentia
1535 854 1612 886 regi,
1641 857 1667 879 et
1688 855 1785 879 ordine
1805 857 1937 881 divinitus
1958 859 2068 884 sancito
2088 861 2180 884 scele-

106 895 171 914 rum
187 895 302 914 comites
323 895 399 916 esse,

212 932 288 957 Talis
308 932 361 956 fnit
380 934 462 956 vetus
482 931 639 962 sapientia,
666 932 824 956 narrationi
844 932 1026 957 historiarum
1045 933 1149 957 addere
1170 934 1338 964 praecepta,
1369 934 1400 957 nt
1420 934 1496 958 vitae
1516 935 1630 962 regulas
1650 941 1711 959 cum
1734 934 1890 960 illustribus
1912 937 2045 967 exemplis
2065 938 2182 962 coniun-

107 969 227 1000 gerent,
254 969 281 992 et
299 967 425 992 homines
445 967 668 998 perterrefactos
688 968 823 992 mirandis
843 968 933 991 ruinis
953 968 1109 998 potentium
1128 975 1227 1000 regum
1247 970 1275 992 et
1293 968 1465 1000 principum,
1492 970 1526 993 ad
1546 970 1684 993 iustitiam
1704 972 1731 994 et
1749 971 1918 996 modestiam
1937 973 2092 998 flecterent.

215 1011 374 1043 Virgilius,
406 1011 503 1042 paucis
524 1012 618 1036 verbis
638 1012 770 1041 mutatis,
802 1012 921 1042 sumpsit
943 1017 960 1035 a
979 1011 1100 1036 Pindaro
1122 1012 1307 1041 sententiam,
1342 1018 1413 1044 quae
1433 1015 1478 1037 est
1496 1014 1574 1037 velut
1592 1015 1788 1045 argumentum
1808 1014 1958 1040 universae
1976 1017 2070 1041 mnndi
2089 1016 2179 1041 histo-

108 1047 184 1071 riae:
218 1047 332 1072 Discite
350 1048 501 1072 institiam
521 1047 644 1076 moniti,
677 1048 705 1071 et
724 1055 783 1071 non
802 1049 930 1072 temnere
949 1046 1113 1078 Dirosssss).
1165 1048 1244 1072 Hauc
1270 1053 1366 1072 vocem
1391 1048 1431 1072 ait
1451 1049 1588 1072 Pindarus
1608 1049 1719 1073 assiduo
1740 1050 1863 1074 clamore
1883 1053 2014 1081 repetere
2034 1055 2179 1077 cruentum

107 1082 232 1107 Ixionem
255 1082 284 1105 iu
311 1084 375 1106 rota
399 1082 551 1111 iacentem,
577 1084 607 1105 ut
633 1083 758 1112 exemplo
785 1088 854 1106 suae
874 1087 979 1112 poenae
999 1082 1108 1106 discant
1127 1083 1271 1110 homines,
1304 1089 1370 1106 esse
1388 1083 1596 1108 Providentiam
1621 1084 1775 1115 vindicem,
1810 1091 1842 1110 ac
1871 1086 2031 1116 punientem
2051 1088 2178 1117 scelera,

109 1123 162 1141 nec
180 1117 276 1141 laxent
295 1117 392 1141 frenos
411 1117 504 1141 caecis
525 1119 552 1141 et
571 1117 732 1141 errantibus
752 1117 947 1147 cupiditatibus
959 1133 966 1147 ,
995 1117 1046 1140 sed
1066 1123 1176 1147 semper
1195 1118 1357 1141 intueantur
1378 1118 1516 1142 lucentem
1530 1118 1557 1142 in
1573 1119 1710 1143 mentibus
1725 1120 1852 1145 notitiam
1868 1121 2003 1146 divinitus
2021 1128 2178 1153 accensam,

110 1157 181 1183 quae
199 1152 335 1176 discernit
353 1152 428 1176 iusta
448 1154 476 1176 et
494 1152 615 1183 iniusta,
645 1153 671 1175 et
690 1152 872 1176 severissime
892 1151 1029 1182 praecipit
1047 1152 1139 1184 iusta,
1165 1154 1192 1176 et
1212 1153 1339 1182 prohibet
1358 1153 1510 1177 contraria.

214 1194 327 1226 Aliquid
344 1195 373 1219 in
392 1196 503 1219 naturis
524 1201 579 1219 non
599 1196 771 1219 monstrosis
791 1195 949 1219 conducunt
968 1195 1003 1219 ad
1022 1195 1163 1226 regendos
1190 1202 1298 1227 mores,
1331 1197 1431 1221 crebra
1456 1197 1589 1228 cogitatio
1615 1198 1649 1222 de
1675 1198 1796 1230 virtute,
1829 1200 1912 1225 lectio
1939 1203 1967 1225 et
1994 1202 2185 1227 consideratio

112 1230 319 1260 exemplorum,
354 1232 383 1254 et
409 1230 554 1260 diligentia
581 1231 703 1254 excitata
729 1231 850 1254 lectione
878 1233 905 1254 et
931 1236 1000 1254 voce
1021 1231 1195 1262 sapientum,
1228 1231 1424 1256 adsuefaciens
1444 1232 1554 1256 animos
1574 1233 1609 1256 ad
1629 1239 1724 1257 curam
1750 1234 1879 1259 frenandi
1905 1236 2104 1261 immoderatos
2131 1238 2183 1261 im-

111 1266 203 1295 petus.
239 1265 276 1288 Et
295 1265 385 1294 magis
403 1266 552 1295 penetrant
576 1264 603 1288 in
624 1265 732 1289 animos
753 1265 822 1288 talia
842 1265 969 1296 scripta,
995 1265 1022 1289 in
1043 1265 1140 1296 quibus
1163 1266 1326 1290 dulcissime
1345 1267 1433 1291 mixta
1452 1270 1518 1291 sunt
1537 1267 1662 1292 historiis
1682 1272 1850 1299 praecepta:
1885 1272 1955 1302 quod
1982 1279 2042 1296 cum
2068 1273 2095 1296 in
2115 1273 2182 1296 Pin-

113 1299 218 1324 daricis
238 1299 406 1323 carminibus
427 1299 652 1330 splendidissime
673 1303 700 1323 et
720 1300 891 1324 suavissime
910 1300 975 1331 fiat,
994 1300 1065 1323 nihil
1083 1300 1195 1324 dubium
1215 1303 1275 1332 est,
1302 1307 1399 1326 eornm
1420 1302 1569 1327 lectionem
1589 1303 1668 1327 bonis
1689 1304 1799 1328 naturis
1818 1306 1901 1330 valde
1920 1307 2068 1337 prodesse.

741 1343 844 1368 Multa
861 1344 1024 1368 Dircaeum
1042 1344 1124 1368 let-at
1143 1350 1223 1368 aura
1243 1349 1384 1377 cygnum,

744 1378 865 1409 Tendit,
891 1379 1018 1409 Antoni,
1046 1379 1162 1410 quoties
1181 1379 1212 1403 in
1231 1379 1311 1404 altos

741 1411 873 1438 Nubium
892 1414 1028 1438 tractus:
1047 1426 1081 1430 —
1107 1413 1196 1445 inquit
1215 1414 1351 1439 Horatius
1359 1413 1443 1444 ***).

113 1455 185 1486 quod
203 1455 383 1480 verissimum
405 1461 485 1487 esse,
511 1456 634 1480 lectores
654 1455 898 1487 animadvertent,
932 1463 993 1481 cum
1014 1457 1146 1481 videbunt
1164 1457 1331 1487 Pindarum,
1362 1460 1473 1489 sumpta
1499 1460 1648 1485 occasione
1675 1468 1709 1486 ex
1737 1462 1815 1486 urbis
1841 1466 1889 1487 ant
1914 1464 2038 1490 familiae
2063 1466 2181 1491 alicuius

111 1491 240 1522 origiue,
259 1491 359 1516 relicto
378 1491 474 1515 humili
490 1492 672 1523 argumento,
698 1492 776 1516 velut
795 1492 955 1517 evolantem
974 1492 1002 1516 in
1022 1492 1167 1516 sublimem
1188 1493 1347 1518 aetheream
1366 1494 1527 1526 regionem,
1560 1496 1720 1521 laetissimo
1741 1502 1824 1522 cantu
1844 1500 1959 1524 veteres
1979 1501 2114 1526 historias
2135 1509 2183 1527 ce-

111 1525 232 1550 lebrare.

216 1568 307 1599 Saepe
325 1567 413 1600 igitur
432 1568 565 1593 iuventus
583 1569 655 1594 hunc
675 1576 796 1601 cygnum
817 1570 921 1597 audiat.
960 1572 1052 1602 Saepe
1070 1571 1148 1602 legat
1168 1570 1227 1594 eius
1247 1571 1411 1596 dulcissima
1429 1572 1571 1606 carmina,
1592 1580 1663 1605 quae
1681 1575 1807 1599 omnibus
1825 1576 1998 1607 temporibus
2017 1579 2181 1610 gratissima

111 1602 284 1634 sapientibus
302 1603 425 1630 fuerunt.
461 1604 624 1629 Alexander
645 1606 760 1630 Macedo
781 1606 947 1630 vulneratus
967 1606 1100 1637 agnovit,
1126 1606 1242 1630 militem
1262 1607 1418 1631 Thebanum
1436 1614 1517 1639 esse,
1552 1609 1598 1639 qui
1622 1611 1720 1640 procul
1746 1616 1848 1642 magno
1868 1613 1990 1637 clamore
2012 1615 2091 1644 quasi
2112 1621 2181 1639 con-

111 1638 259 1662 solaturus
278 1644 390 1670 regem,
416 1639 608 1669 pronuntiavit
627 1646 741 1665 versum
760 1640 873 1665 Pindari
888 1640 998 1673 ssssss*),
1023 1638 1140 1674 ῥέζοντά
1158 1648 1183 1665 τι
1202 1639 1250 1664 καὶ
1270 1642 1376 1666 παθεῖν
1395 1640 1492 1667 ἔοικεν.
1536 1643 1594 1668 Nec
1612 1645 1735 1669 arbitror
1760 1648 1868 1670 tantum
1893 1654 1963 1672 sono
1989 1652 2093 1673 motum
2113 1656 2178 1674 esse

110 1673 318 1705 Alexandrum,
344 1674 389 1704 qni
414 1674 538 1698 Boeotiis
558 1675 710 1699 communis
728 1678 806 1706 erat3
842 1676 892 1700 sed
911 1682 1025 1700 versum
1044 1676 1183 1708 insignem
1201 1677 1363 1708 agnovisse.
1401 1678 1458 1702 Nec
1476 1679 1615 1704 vetuisset
1634 1679 1748 1704 Pindari
1767 1681 1875 1707 domum
1894 1683 2003 1708 destrui
2020 1684 2049 1708 iu
2068 1685 2176 1710 excidio

112 1708 287 1738 Thebarum,
313 1708 368 1732 nisi
388 1708 558 1733 dulcissimis
579 1710 638 1733 eius
658 1710 773 1741 scriptis
793 1711 947 1735 delectatus
968 1713 1054 1737 esset.

219 1751 292 1775 Nota
311 1751 368 1775 sint
386 1751 472 1783 igitur
491 1754 519 1775 et
536 1754 653 1777 nostrae
672 1754 820 1779 iuventuti.
857 1756 899 1779 Ac
918 1756 947 1778 nt
966 1761 984 1779 a
1001 1755 1128 1786 pluribus
1148 1755 1206 1787 legi
1225 1757 1253 1780 et
1273 1755 1394 1788 intelligi
1408 1757 1517 1782 Graeca
1532 1758 1658 1790 possint,
1678 1759 1809 1785 Latinam
1823 1761 2085 1792 interpretationem
2099 1764 2183 1796 edidi,

113 1792 184 1818 quac
202 1787 341 1816 utcunque
361 1786 518 1811 sententias
537 1787 645 1819 reddit,
669 1789 785 1813 omissis
806 1789 945 1813 interdum
966 1790 1114 1821 epithetis,
1141 1797 1210 1821 quae
1231 1791 1429 1816 obscuritatem
1451 1792 1478 1817 in
1500 1794 1601 1818 Latina
1621 1794 1741 1819 lectione
1763 1796 1886 1821 allatura
1906 1800 1996 1823 erant.

215 1829 279 1853 Etsi
298 1830 392 1854 autem
410 1830 463 1854 hae
484 1832 582 1854 tennes
601 1832 731 1862 pagellae
750 1839 806 1857 non
825 1836 889 1857 sunt
909 1840 1008 1857 munus
1026 1834 1196 1859 conveniens
1215 1836 1294 1859 tanto
1316 1836 1392 1865 viro,
1428 1837 1471 1861 cui
1498 1840 1616 1868 propter
1641 1839 1806 1869 sapientiam
1834 1842 1862 1864 et
1889 1841 2039 1875 virtutem,
2071 1845 2180 1874 partem

113 1864 328 1896 gubernationis
347 1871 430 1896 reges
451 1867 478 1889 et
497 1865 640 1896 principes
661 1867 803 1891 tribuunt.-
837 1870 929 1891 tamen
950 1875 1011 1893 cum
1031 1869 1152 1901 scirem,
1177 1872 1206 1894 te
1225 1871 1253 1894 et
1271 1870 1345 1894 inter
1364 1874 1493 1896 caeteras
1513 1879 1560 1897 res
1587 1874 1664 1898 vitae
1689 1876 1867 1900 necessarias
1893 1877 2011 1901 tuendas
2038 1879 2182 1909 guberna-

112 1899 187 1931 tori,
213 1899 298 1923 etiam
317 1900 464 1930 complecti
486 1906 582 1925 curam
601 1902 789 1926 conservandi
808 1902 920 1926 litteras
941 1905 970 1927 et
989 1903 1149 1935 doctrinas.
1175 1910 1244 1935 qnae
1265 1907 1332 1929 suut
1350 1907 1431 1930 nervi
1454 1908 1560 1939 legum.
1588 1909 1751 1941 religioniS,
1778 1909 1959 1941 disciplinae.
1985 1914 2013 1936 et
2031 1915 2181 1939 multarum

115 1934 237 1965 artium,
257 1940 327 1965 quae
346 1935 422 1959 vitae
440 1936 621 1960 necessariae
640 1938 719 1960 sunt:
740 1937 853 1967 speravi
874 1938 923 1962 tibi
942 1943 998 1962 non
1021 1938 1161 1969 ingratum
1181 1940 1259 1971 fore,
1279 1941 1304 1964 si
1323 1941 1364 1964 tui
1382 1942 1501 1966 nominis
1520 1943 1622 1967 mentio
1643 1944 1670 1968 in
1690 1944 1740 1968 hac
1759 1945 1880 1969 editione
1899 1938 1995 1977 fieret,
2015 1950 2183 1979 praesertim

111 1975 175 1994 oum
194 1969 322 1993 eruditae
339 1969 516 2000 antiquitatis
537 1972 564 1994 et
582 1972 709 1996 veterum
728 1972 911 1996 historiarum
930 1973 1090 2004 cognitione
1109 1974 1228 1998 maxime
1248 1975 1404 1999 delecteris.
1442 1978 1534 2008 Teque
1552 1984 1620 2009 oro,
1647 1981 1677 2002 ut
1696 1980 1766 2003 hanc
1785 1980 2019 2011 significationem
2038 1984 2092 2008 mei
2111 1990 2180 2016 erga

111 2004 140 2028 te
160 2003 264 2043 studii,
293 2004 359 2028 boni
378 2005 520 2029 consulas.
565 2005 595 2044 Id
614 2006 640 2029 si
659 2012 715 2030 non
734 2009 877 2031 merentur
897 2008 949 2031 hae
969 2008 1113 2047 pagellae,
1146 2010 1239 2034 tamen
1258 2010 1373 2035 Pindari
1392 2012 1496 2036 nomini
1515 2013 1650 2044 tribuito,
1683 2021 1762 2045 quem
1786 2015 1912 2041 iuniores
1939 2018 2048 2043 avidius
2073 2020 2179 2052 legent,

116 2039 276 2071 cogitantes
295 2039 368 2064 hunc
388 2041 513 2064 veterem
534 2042 702 2071 scriptorem
721 2047 739 2066 a
759 2042 786 2066 te
806 2047 912 2073 quoque
931 2043 1097 2074 magnifieri.
1134 2044 1209 2069 Bene
1227 2045 1300 2069 vale.

243 2117 444 2146 Melanthonis
475 2119 505 2147 in
529 2118 692 2148 Pindarum
725 2129 844 2149 carmen
875 2121 905 2149 in
929 2121 985 2150 Ed.
1002 2119 1098 2151 1563.
1127 2123 1172 2150 illi
1203 2123 1347 2161 epistolae
1381 2125 1566 2154 subiunctum
1596 2128 1749 2156 invenitur
1778 2130 1867 2159 etiam
1894 2131 2082 2170 inscriptum:
2117 2133 2179 2171 „In

109 2159 310 2190 Pindarum.”
333 2162 364 2189 in
386 2161 540 2190 Grathusii
562 2162 741 2192 collectione
764 2164 1023 2203 Epigrammatum
1046 2165 1119 2195 Mel.
1142 2165 1196 2196 fol.
1219 2166 1248 2194 K
1262 2162 1393 2196 δι’-Ε
1410 2166 1425 2196 1
1439 2171 1453 2186 ²
1477 2175 1507 2197 et
1532 2170 1561 2197 in
1580 2170 1731 2199 Vincentii
1755 2171 1886 2202 editione
1911 2183 2011 2203 eorum
2035 2175 2086 2205 fol.
2103 2177 2133 2205 K
2148 2176 2180 2205 4.

109 2202 177 2242 (ubi
199 2205 229 2232 in
254 2205 387 2242 margine
410 2205 590 2243 adscriptum
622 2212 682 2235 est:
720 2209 805 2235 Anno
838 2206 968 2247 1545.)‚
1005 2215 1166 2247 praeterea
1196 2209 1226 2237 in
1255 2209 1381 2248 Scriptis
1411 2212 1535 2249 publicis
1565 2214 1741 2243 Academiae
1771 2216 2008 2256 Vl‘itebergensis
2037 2229 2181 2248 annorum

110 2245 355 2277 1544—1545.
386 2247 495 2277 Witeb.
520 2247 665 2288 1545.†)
697 2249 749 2280 fol.
766 2249 854 2288 H4.‚
888 2257 918 2279 et
950 2261 1095 2280 annorum
1120 2251 1362 2283 1544—1553.
1392 2254 1462 2284 ibid.
1488 2254 1658 2294 1553.††)
1690 2257 1743 2288 fol.
1766 2256 1852 2292 Q6b
1867 2271 1909 2300 sq.
1935 2269 1964 2290 et
1988 2263 2057 2291 ibid.
2083 2261 2178 2293 1560.

108 2289 306 2362 {om-gd††)
328 2290 381 2320 fol.
397 2291 418 2320 S
436 2289 488 2327 l.·;
517 2293 548 2320 in
571 2292 658 2321 huius
673 2294 765 2333 Corp.
781 2294 914 2323 Reform.
939 2302 1039 2324 autem
1055 2295 1120 2324 Vol.
1137 2296 1176 2326 X.
1199 2297 1278 2326 inter
1302 2298 1364 2326 eius
1387 2299 1516 2327 carnssna
1539 2310 1597 2328 non
1622 2301 1748 2340 legitur,
1779 2312 1961 2343 quapropter
1983 2305 2038 2334 hoc
2062 2316 2181 2345 quoque

138 2343 165 2362 ic
187 2343 204 2362 a
248 2343 341 2363 unus:

144 2485 179 2516 *)
198 2488 251 2517 Ut]
271 2488 312 2513 sic
330 2489 382 2513 Ed.
401 2489 496 2521 15:584
528 2490 579 2516 Ed.
597 2490 672 2515 1563.
692 2491 728 2515 Et

144 2530 198 2560 *ἢ
218 2532 298 2563 vn-g.
319 2533 388 2557 Aen.
411 2533 461 2565 VI,
479 2534 541 2558 620.

145 2572 216 2606 ’βῆ
236 2575 333 2600 Horat.
355 2577 439 2601 Odar.
454 2578 504 2607 lv,
524 2578 551 2608 2,
570 2577 697 2602 25—27,

144 2617 336 2652 *ss**)31>ind.
359 2621 436 2647 Nem.
457 2623 482 2652 4,
502 2622 548 2649 32.
567 2622 617 2647 Ed.
638 2621 758 2647 Boeckh.

146 2662 185 2695 †)
206 2663 317 2693 Scripta
336 2665 469 2694 quaedam
490 2665 517 2688 in
537 2665 687 2690 Academia
702 2666 935 2697 witenhergensi
955 2673 971 2692 a
990 2668 1176 2702 Bet-toribus,
1202 2670 1323 2695 Decanis
1344 2673 1371 2695 et
1389 2672 1453 2696 aliis
1473 2673 1588 2698 eruditis
1608 2675 1770 2706 quibusdam
1790 2677 1869 2701 Viris
1888 2678 1996 2708 publice
2016 2679 2176 2709 proposita:

181 2698 216 2722 ab
235 2703 308 2722 anno
327 2700 363 2723 M.
379 2700 410 2723 D.
424 2700 534 2723 XLllll.
558 2707 642 2731 usque
665 2701 700 2724 ad
720 2702 802 2725 finem
820 2703 886 2725 anni
907 2704 1112 2735 quadragesimi
1133 2706 1227 2735 quinti.
1264 2706 1469 2738 witenbergae
1488 2710 1567 2733 Auno
1587 2711 1623 2734 M.
1643 2711 1673 2735 D.
1688 2711 1774 2735 XLV.
1812 2712 1837 2735 Β.

144 2739 210 2773 ††)
227 2741 299 2766 Vide
319 2749 343 2773 p.
361 2743 408 2767 181
426 2750 466 2774 sq.
486 2746 569 2769 nolas
578 2744 630 2777 ssss)
650 2747 677 2769 et
693 2744 786 2778 *ssss),
812 2745 840 2770 in
860 2746 956 2777 quibus
975 2748 1072 2772 harum
1093 2748 1250 2774 Editionum
1269 2749 1372 2775 indices
1391 2752 1553 2783 perscripsi.
