2341 2973
194 118 268 153 203
782 111 903 146 PHIL.
941 110 1052 146 MEL.
1081 110 1284 147 SCRIPTA
1318 111 1656 148 PHILOLOGICA.
2171 118 2246 154 204

193 206 299 237 decus
316 205 547 247 quaerentes,
573 205 608 232 et
623 199 788 232 laborum
809 199 981 244 requiem.
1022 197 1122 243 (Ant.
1143 199 1192 245 1.)
1248 206 1366 233 autem
1392 212 1455 233 suo
1485 200 1657 233 laetitiam
1687 200 1815 234 attulit.
1872 200 1935 234 Cui
1954 203 2117 236 accidunt
2133 210 2247 247 grata,

192 253 381 288 Perficitur
406 257 523 285 autem
550 248 638 284 haec
662 251 836 284 divinatio
863 251 900 283 in
932 250 1083 294 gratiam
1116 250 1193 294 pio·
1246 257 1399 284 mortem
1421 251 1652 286 obliviscitur.

192 319 292 344 rum,
321 303 381 349 qui
400 302 613 347 supplicant.
644 302 691 335 Et
708 309 764 342 tu,
793 314 813 334 o
830 302 910 335 Pisa
923 328 932 341 ,
961 302 1080 346 accipe
1098 299 1193 335 bunc
1351 301 1450 347 (Ant.
1469 303 1520 349 4.)
1549 302 1659 337 Decet
1675 309 1792 336 antem
1812 316 1867 337 me
1884 310 1917 337 et
1932 304 2140 349 Blepsiadas
2160 306 2245 338 cele-

192 356 379 402 bymnum.
432 354 562 397 Magna
580 354 692 398 gloria
711 360 781 393 est,
811 354 865 386 cui
892 353 1067 396 contingit
1088 366 1191 386 suum
1245 353 1369 393 brare,
1396 361 1429 387 et
1446 355 1562 387 dicere
1579 354 1740 388 victrices
1759 368 1883 389 eorum
1901 368 2048 397 manus,
2076 356 2138 402 qui
2151 369 2246 391 nunc

193 419 333 441 munus.
387 404 466 438 Alia
491 417 576 438 vero
602 405 678 439 aliis
702 406 794 437 bona
823 404 1010 445 eveniunt,
1046 411 1079 438 et
1097 404 1192 439 Deus
1245 411 1379 438 sextam
1413 418 1584 439 coronam
1615 404 1759 440 habent.
1827 407 1919 441 Nam
1946 413 1980 440 et
2008 409 2053 441 ad
2084 415 2246 443 mortuos

192 459 300 492 variis
320 458 436 490 modis
455 457 661 489 benefacere
678 463 805 501 potest.
1246 456 1399 500 pertinet
1436 457 1548 500 gloria
1585 464 1830 501 posterorum,
1876 471 1940 492 nec
1975 458 2090 503 pulvis
2126 460 2247 493 obruit

295 509 375 555 (Ep.
397 508 447 553 1.)
473 507 546 541 Vos
564 507 882 551 autemAeginetas
899 507 1061 541 adiunxit
1077 509 1190 541 fatum
1246 514 1481 551 cognatorum
1514 509 1678 553 gloriam.
1739 509 1818 554 (Ep.
1848 508 1900 556 4.)
1936 509 2066 554 lphion
2090 523 2246 555 proavus

193 561 286 600 on-i,
314 560 452 604 generis
469 558 606 591 autori:
636 565 669 591 te
688 557 960 592 Timosthenem
986 559 1023 591 in
1049 559 1192 593 'Nemeis
1245 559 1393 594 audiens
1412 560 1579 593 Mercurii
1599 560 1707 593 filiam
1722 560 1893 602 Famam,
1921 560 2245 596 dicetCallimacho

192 612 421 656 conspicuum
437 637 445 649 ‚
489 610 734 643 Alcimedonta
767 610 804 643 in
835 610 1024 656 Olympiis.
1105 611 1193 644 Erat
1216 628 1219 662 ς
1245 610 1432 644 victoriam
1453 612 1488 644 in
1503 611 1699 656 Olympiis,
1729 624 1834 657 quem
1853 611 1987 657 Iupiter
2004 614 2037 647 ei
2053 620 2244 658 cognatum

191 666 387 701 formosus,
423 667 457 693 et
478 661 577 694 sactis
601 673 734 695 ornans
757 662 930 699 formam;
978 675 1061 694 nam
1087 662 1191 705 Aegi·
1216 665 1219 706 ξ
1245 662 1352 695 dedit.
1406 663 1525 696 Addat
1544 670 1662 696 autem
1680 662 1815 707 Iupiter
1839 661 1893 698 his
1918 665 2021 699 bonis
2045 665 2113 698 alia
2138 666 2245 705 bona,

190 727 274 747 nam
292 714 446 758 patriam
472 713 684 751 celebravit,
716 725 794 746 cum
822 713 959 747 vicisset
984 714 1094 746 lucta:
1130 714 1192 746 ubi
1216 707 1219 733 l
1246 719 1277 746 et
1306 714 1460 758 depellat
1482 727 1605 748 saevos
1628 715 1784 748 morbos.
1852 714 1948 760 Opto
1976 717 2103 757 etiam,
2138 729 2181 750 ne
2209 717 2245 749 in

191 771 372 799 exercetur
396 763 531 796 Iustitia
546 790 555 804 ‚
592 764 748 798 assidens
771 766 864 809 apud
884 763 1003 797 lovem
1032 763 1190 808 hospita·
1215 777 1219 817 l
1244 762 1310 797 hac
1326 766 1479 808 gloriosa
1499 767 1568 798 vita
1585 766 1746 800 Nemesis
1765 766 1907 800 inimica
1929 767 1996 812 ipsi
2011 775 2156 807 noceam
2185 769 2245 802 sed

192 818 280 857 lem,
309 815 400 860 (Str.
418 815 470 860 2.)
495 814 606 858 magis
626 828 733 860 quam
753 816 875 849 colunt
892 829 968 848 eam
988 816 1047 848 alii
1074 814 1189 848 homi·
1215 820 1218 873 ,
1244 822 1282 848 ut
1301 828 1407 860 agens
1434 818 1543 851 vitam
1572 818 1823 863 tranquillam,
1861 825 1988 863 augeat
2012 831 2095 853 suos
2123 825 2156 853 et
2184 831 2246 864 pa·-

190 881 263 902 nes.
317 867 388 899 Ubi
405 878 533 910 magna
553 867 745 899 multitudo
771 867 937 907 confluit,
973 867 1114 900 difficile
1140 873 1191 901 est
1215 879 1218 913 1
1244 867 1362 902 triam.

190 926 284 953 recte
302 918 471 951 iudicare.
525 918 593 951 Sed
610 918 665 951 lex
691 918 811 951 divina
836 917 928 951 hanc
953 919 1105 952 insulam
1130 931 1189 951 va·
1215 928 1217 958 ζ

190 972 252 1004 riis
276 968 475 1014 hospitibus
500 969 683 1002 constituit
711 981 783 1003 esse
806 970 942 1003 felicem
973 971 1189 1004 columnam.
1651 970 1740 1010 Ode
1768 971 1843 1011 IX,

189 1022 345 1055 Veniens
370 1027 509 1064 tempus
533 1027 649 1054 servet
672 1020 771 1065 (Ant.
792 1022 844 1067 2.)
870 1022 1044 1061 insulam,
1090 1021 1190 1054 attri-
1215 1017 1218 1049 l

188 1075 312 1107 butam
333 1071 566 1105 Doriensibus
582 1078 663 1116 post
676 1073 832 1106 Aeacum
847 1099 856 1112 ,
885 1086 989 1118 quem
1007 1073 1138 1116 Apollo
1157 1078 1190 1105 et
1215 1080 1218 1116 3

188 1126 375 1169 Neptunus
389 1150 398 1163 ‚
426 1123 644 1156 aedificaturi
661 1136 803 1157 murum
822 1122 895 1163 Ilii,
929 1124 997 1157 sibi
1020 1123 1190 1157 adiunxe-
1215 1129 1218 1167 ξ
1347 1123 1438 1166 (Str.
1463 1123 1506 1167 l.)
1535 1120 1740 1154 Archilochi
1759 1134 1902 1154 carmen
1920 1134 2052 1156 sonans
2068 1121 2104 1154 in
2119 1121 2244 1168 Olym-

188 1182 273 1210 runt
295 1175 431 1209 socium
457 1174 733 1214 aedificationis,
773 1175 855 1221 quia
883 1182 960 1208 erat
984 1176 1116 1215 fatum,
1153 1175 1189 1207 in
1245 1172 1322 1216 pia,
1351 1174 1504 1216 gloriose
1522 1173 1635 1206 victor
1656 1186 1675 1205 o
1697 1173 1887 1213 Callinice,
1916 1180 1969 1206 ter
1987 1179 2168 1207 cantatum
2190 1186 2243 1208 sa—

186 1229 279 1261 bello
321 1227 449 1270 rapido
493 1226 567 1270 igni
602 1226 753 1259 Troiam
796 1227 993 1271 perituram
1011 1226 1056 1271 ¹⁶)
1104 1239 1188 1260 esse.
1215 1220 1218 1241 ⁹
1244 1224 1286 1257 tis
1321 1225 1386 1257 suit
1417 1226 1513 1268 apud
1545 1225 1717 1257 Cronium
1760 1225 1957 1263 tumulum,
2008 1231 2047 1257 ut
2088 1225 2244 1269 praeiret

188 1279 268 1324 (Ep.
282 1279 334 1323 2.)
358 1278 553 1323 Postquam
573 1284 692 1311 autem
708 1290 800 1311 nova
820 1278 927 1311 turris
947 1284 1104 1311 extructa
1126 1284 1189 1317 est,
1215 1283 1217 1337 i
1242 1273 1484 1320 Epharmosto
1504 1277 1647 1309 (lucenti
1668 1276 1817 1309 sodales.
1872 1275 1975 1309 Nunc
2001 1287 2086 1309 vero
2114 1278 2242 1310 accedo

187 1337 257 1364 tres
293 1331 467 1363 dracones
497 1329 731 1369 adstiterunt,
772 1342 925 1375 quorum
949 1331 1021 1363 ‹luo
1051 1329 1189 1363 decide-
1215 1345 1217 1380 ἱ
1243 1326 1361 1359 lovem
1381 1326 1435 1360 liis
1459 1328 1696 1367 carminibus,
1733 1334 1766 1360 et
1788 1327 2079 1371 promontorium
2096 1327 2243 1368 Helidis,

187 1388 292 1420 runt,
328 1387 362 1414 et
387 1381 507 1413 afflicti
534 1381 668 1414 mortui
692 1389 792 1417 sunt;
826 1382 950 1414 tertius
973 1393 1058 1413 vero
1085 1378 1189 1413 vehe-
1215 1383 1217 1412 ζ
1244 1379 1340 1423 quod
1362 1378 1496 1424 Lydius
1514 1379 1645 1423 Pelops
1666 1378 1800 1422 accepit
1825 1378 1917 1411 dotis
1941 1378 2019 1411 loco
2042 1379 2086 1412 ab
2106 1378 2243 1424 Hippo-

187 1433 296 1467 meuti
325 1433 481 1465 clamore
507 1433 649 1476 irrupit.
718 1431 756 1464 ld
783 1432 987 1477 prodigium
1014 1432 1189 1476 interpre-
1214 1455 1216 1462 ⁴
1243 1429 1374 1463 damin.
1427 1430 1526 1475 (Ant.
1546 1430 1596 1477 1.)
1619 1430 1720 1463 Mitte
1736 1430 1900 1473 sagittam
1919 1436 1954 1462 et
1967 1430 2011 1462 ad
2026 1427 2242 1475 Pythonem.

185 1492 279 1518 tatus
318 1490 370 1517 est
394 1484 543 1528 Apollo:
587 1484 762 1528 Pergama
794 1484 979 1528 capientur
1009 1495 1047 1516 ea
1075 1489 1188 1528 parte,
1242 1480 1323 1515 Non
1351 1480 1478 1514 humili
1501 1483 1662 1515 oratione
1687 1482 1799 1515 utaris
1827 1488 1974 1525 propter
1998 1481 2107 1515 luctas
2137 1480 2242 1516 huius

187 1549 255 1582 qua
282 1543 383 1569 tuum
411 1548 501 1579 opus
526 1541 596 1575 est,
639 1542 679 1568 ut
706 1533 773 1568 hoc
799 1541 977 1569 ostentum
1004 1534 1188 1578 significat.
1244 1533 1310 1564 viri
1328 1559 1336 1571 ,
1390 1531 1562 1566 citharam
1598 1534 1728 1566 feriens
1747 1559 1756 1571 ,
1810 1533 1871 1578 qui
1907 1533 2081 1566 oriundus
2115 1540 2166 1567 est
2201 1546 2242 1567 ex

186 1589 278 1632 (Str.
303 1587 355 1633 3.)
392 1586 589 1631 Capientur
623 1593 741 1620 autem
777 1599 851 1619 non
883 1587 958 1620 sine
993 1588 1062 1620 tuis
1097 1586 1188 1619 filiis.
1242 1584 1398 1628 Opunte.
1466 1585 1646 1619 Laudabis
1674 1591 1790 1617 autem
1823 1590 1856 1617 et
1883 1585 2008 1617 urbem
2047 1590 2081 1616 et
2115 1585 2242 1624 civem,

185 1638 403 1672 Domabitur
430 1645 548 1671 autem
576 1650 655 1671 cum
682 1638 807 1682 primis
831 1644 864 1670 et
889 1638 1036 1683 quartis.
1092 1637 1188 1669 Haec
1242 1648 1349 1681 quam
1371 1635 1539 1676 Themis,
1567 1643 1601 1670 et
1616 1637 1684 1669 filia
1703 1636 1776 1669 eius
1789 1636 1968 1668 Eunomia
1991 1636 2164 1670 servatrix
2189 1649 2240 1670 re-

186 1703 265 1724 cum
285 1690 389 1733 plane
405 1689 548 1723 dixisset
563 1689 679 1728 Deus,
708 1689 916 1734 properavit
934 1690 978 1721 ad
990 1686 1187 1727 Xanthum,
1241 1688 1302 1731 gii.
1369 1688 1491 1721 Floret
1524 1695 1641 1721 autem
1677 1700 1716 1721 ea
1750 1688 1835 1721 urbs
1862 1686 2021 1720 victoriis
2039 1685 2178 1732 Pythiis
2207 1695 2241 1721 et

186 1748 220 1775 et
238 1743 281 1773 ad
301 1747 480 1786 equestres
500 1742 722 1779 Amazones,
753 1753 793 1773 ac
811 1742 855 1773 ad
873 1740 1011 1774 [strum.
1052 1740 1187 1784 Neptu-
1212 1756 1215 1779 ς
1241 1740 1458 1784 Olympicis,
1507 1741 1601 1772 unde
1633 1751 1787 1773 coronae
1824 1745 1974 1771 matrem
2005 1737 2238 1773 Locrensium

186 1806 251 1826 nus
270 1804 353 1825 vero
374 1793 417 1825 ad
445 1791 616 1826 Isthmum
642 1805 785 1825 currum
813 1792 977 1835 agitavit,
1012 1792 1187 1826 comitans
1212 1791 1215 1815 ἶ
1241 1791 1420 1825 attollunt.
1490 1790 1568 1836 (Ep.
1597 1790 1645 1837 1.)
1680 1791 1755 1835 Ego
1788 1796 1906 1823 autem
1940 1789 2086 1822 charam
2114 1791 2239 1824 urbem

184 1847 341 1878 Aeacum
374 1844 490 1877 aureis
515 1844 637 1889 equis,
672 1843 772 1889 (Ant.
796 1844 848 1888 3.)
885 1850 917 1876 et
951 1845 995 1877 ad
1021 1841 1187 1876 Corinthi
1239 1843 1434 1887 splendidis
1462 1843 1642 1877 illustrans
1675 1842 1910 1880 carminibus,
1956 1842 2114 1886 undique
2147 1840 2240 1875 hanc

188 1896 265 1938 iuga
287 1895 427 1928 visurus
443 1895 666 1928 sacrificium.
1239 1896 1370 1927 famam
1389 1907 1554 1939 spargam
1573 1893 1720 1927 celerius
1739 1905 1830 1938 equo
1849 1899 1883 1925 et
1900 1904 2009 1932 nave,
2037 1892 2067 1925 si
2090 1893 2239 1926 feliciter

292 1945 387 1978 ldem
413 1959 498 1979 vero
523 1959 596 1979 non
632 1947 782 1979 delectat
812 1960 946 1979 omncs.
1009 1948 1128 1991 Quare
1157 1946 1185 1980 si
1239 1946 1641 1980 excellentiGratiarum
1658 1943 1764 1977 horto
1782 1945 1891 1977 fruar.
1932 1943 2008 1976 Hae
2025 1943 2120 1976 enim
2137 1956 2239 1990 prae-

186 1997 347 2030 Milesiae
386 2010 570 2030 occurram
608 1996 744 2042 hymno
781 1999 825 2031 ad
861 1998 1033 2042 gloriam,
1075 2010 1183 2043 quam
1238 1999 1324 2031 bent
1347 1997 1580 2030 delectabilia.
1648 1996 1694 2028 Et
1716 1995 1802 2028 boni
1829 2001 1862 2027 et
1887 1994 2064 2038 sapientes
2092 2007 2134 2029 ex
2161 1995 2238 2030 Deo

185 2055 310 2081 nactus
330 2054 381 2081 est
408 2049 596 2089 imberbis,
630 2061 674 2082 ne
700 2062 757 2082 me
784 2062 910 2094 aspero
939 2049 1056 2093 lapide
1082 2049 1186 2082 seriat
1210 2063 1213 2099 j
1239 2050 1329 2094 (Sir.
1346 2049 1398 2091 2.)
1425 2055 1518 2082 sunt.
1578 2047 1771 2092 Quomodo
1799 2046 1892 2078 enim
1914 2045 2082 2080 Hercules
2105 2048 2238 2081 triden-

185 2100 289 2133 livor.
343 2100 434 2133 Nam
454 2106 487 2133 et
505 2107 625 2144 postea
645 2100 738 2133 virili
757 2108 871 2134 aetate
890 2101 925 2134 in
940 2101 1083 2135 Nemeis
1102 2100 1185 2133 vicit
1210 2110 1213 2157 Ι
1238 2107 1309 2133 tem
1343 2101 1511 2133 movisset
1545 2100 1702 2138 clavam,
1744 2099 1890 2144 quamlo
1915 2098 1959 2130 ad
1983 2097 2111 2142 Pylum
2141 2105 2237 2133 stans

186 2151 266 2196 (Ep.
283 2150 335 2197 3.)
356 2151 553 2194 pancratio.
606 2152 702 2185 Haec
718 2152 843 2186 similis
861 2153 974 2197 gloria
992 2158 1042 2185 est
1060 2151 1184 2196 priori.
1209 2160 1212 2204 Ι
1238 2151 1425 2196 Neptunus
1441 2150 1606 2185 sustinuit
1624 2163 1702 2183 cum
1716 2150 1729 2182 ἰ’
1786 2148 1827 2181 Et
1846 2161 2007 2193 pugnans
2030 2161 2110 2183 cum
2127 2151 2237 2195 Apol-

186 2203 323 2235 Docere
343 2202 445 2235 facile
462 2209 513 2235 est
529 2202 664 2236 scienti.
700 2204 856 2237 Stultitia
875 2210 926 2238 est
943 2209 1060 2237 autem
1074 2230 1083 2243 ,
1111 2216 1183 2235 non
1210 2208 1211 2223 ¹
1237 2203 1327 2241 line,
1356 2203 1523 2236 sustinuit
1539 2202 1643 2235 eum?
1697 2202 1769 2236 Nec
1788 2200 1892 2234 Pluto
1911 2200 2098 2234 immotam
2123 2203 2236 2236 tenuit

186 2254 284 2298 prius
306 2253 452 2287 discere.
520 2253 566 2286 Et
593 2266 665 2287 non
690 2255 844 2299 experti,
883 2256 1063 2289 stultiores
1090 2261 1183 2288 sunt.
1238 2255 1395 2298 virgam,
1423 2267 1492 2299 qua
1514 2253 1677 2286 mortalia
1697 2265 1849 2297 corpora
1872 2253 2016 2287 deducit
2039 2254 2085 2286 ad
2108 2267 2234 2288 cavum

186 2305 361 2349 Expertus
390 2317 498 2349 opera
524 2318 585 2338 sua
611 2306 736 2339 melius
757 2307 873 2339 dicere
897 2313 1034 2351 potest,
1074 2319 1182 2352 quam
1239 2307 1366 2339 vicum.
1433 2306 1500 2338 Sed
1529 2305 1639 2337 abiise
1667 2303 1760 2338 lnmc
1784 2317 2006 2345 sermonem,
2043 2305 2126 2350 quia
2151 2317 2235 2338 con-

187 2357 267 2395 alii,
309 2356 372 2401 qui
400 2357 527 2390 modus
552 2369 592 2389 ex
622 2358 876 2391 certaminibus
900 2359 1016 2392 virum
1041 2359 1083 2391 ad
1110 2359 1184 2402 glo-
1209 2369 1211 2376 ⁴
1237 2357 1358 2391 viciari
1384 2356 1479 2394 Diis,
1515 2358 1635 2390 odiosa
1663 2357 1837 2401 sapientia
1864 2363 1924 2391 est.
1990 2356 2036 2389 Et
2067 2356 2233 2400 gloriatio

186 2409 274 2440 riam
298 2409 461 2440 adducat.
1237 2409 1483 2452 intempestiva
1519 2410 1618 2454 (Ant.
1642 2409 1694 2455 2.)
1721 2409 1877 2442 insaniae
1901 2414 2086 2442 consonat.
2151 2408 2233 2442 Non

288 2459 391 2492 Nunc
411 2459 440 2491 ei
459 2459 670 2491 Alcimedon
694 2460 798 2493 decus
821 2468 890 2501 est,
924 2468 1047 2495 nactus
1075 2461 1183 2494 xicto-
1237 2461 1364 2495 strid:=s
1399 2460 1494 2493 talia.
1563 2461 1698 2493 Omitte
1729 2461 1880 2498 bellum,
1925 2459 2049 2492 omitte
2074 2471 2231 2504 pugnam

188 2509 276 2541 riam
302 2511 536 2550 tricesimam,
572 2510 662 2555 (Str.
679 2509 730 2557 4.)
760 2511 821 2556 qui
848 2512 924 2544 Deo
951 2514 1112 2553 iuvante,
1150 2519 1184 2545 et
1237 2514 1311 2546 sine
1330 2512 1417 2544 Deo.

186 2572 258 2592 non
278 2560 352 2593 sine
371 2562 524 2603 viribus,
553 2562 739 2596 iuvenibus
756 2559 908 2596 redn'um
934 2565 1117 2604 odiosum,
1151 2570 1183 2597 et
1340 2564 1535 2597 Convertas
1559 2570 1675 2596 autem
1700 2562 1857 2606 linguam
1885 2564 1928 2594 ad
1953 2562 2078 2595 urbem
2104 2562 2232 2596 Proto-

186 2611 375 2654 ingloriam
394 2613 574 2657 linguam,
611 2621 644 2647 et
667 2614 733 2647 iter
757 2616 932 2648 occultum
958 2618 1050 2650 fecit.
1104 2616 1182 2648 Avo
1237 2615 1573 2659 genianpuntem,
1601 2615 1660 2647 ubi
1673 2614 1870 2647 Deucalion
1891 2613 2071 2658 etl'yrrha
2089 2615 2232 2648 (lescen-

1237 2669 1357 2700 dentes
1372 2679 1411 2699 cx
1428 2667 1604 2700 Parnasso
1617 2694 1626 2707 ,
1655 2666 1891 2699 condiderunt
1907 2666 2052 2699 domum
2065 2692 2074 2705 ,
2101 2671 2136 2698 et
2155 2665 2231 2699 sine

1402 1047 1682 1088 Epharmos1¹0
1713 1048 1858 1088 opinatio
1886 1048 2082 1091 παλαιστῇ,

224 2731 268 2757 16)
289 2731 454 2760 ιιετῐῑιιτιιηι]
475 2732 521 2755 Ed.
542 2732 615 2756 ¹563.
638 2734 732 2757 mendo
754 2735 881 2763 typogra
908 2734 1067 2764 periturum,
1237 2719 1426 2752 concubitu
1446 2719 1536 2751 nacti
1555 2725 1637 2752 sunt
1655 2716 1860 2751 hominibus
1877 2717 2029 2750 similem
2053 2717 2230 2750 secturam
