2421 3005
105 91 180 130 241
546 88 734 123 LXXXIII.

105 180 215 214 corda
247 177 368 211 minus
399 175 618 211 cruciantur.

104 237 250 276 stupens
269 236 366 263 metu
385 236 419 262 et
436 228 585 263 laetitia.
640 227 742 262 Vidit
765 230 859 263 enim
881 230 1111 263 excellentem

104 283 288 323 animum,
324 288 358 316 et
381 280 632 315 fortitudinem
657 280 733 316 filii.
786 283 837 316 Ac
857 281 919 315 Dii
940 282 1111 321 fecerant,

101 341 143 369 ut
176 335 317 368 videret
353 333 556 374 contraria,
597 345 706 379 quam
743 334 909 368 nuntiata
954 335 1109 368 fuerant.

100 386 256 420 Vocavit
281 392 401 420 autem
428 385 607 420 Tiresiam
636 385 795 420 vicinum
829 393 961 421 vatem.
1029 385 1109 426 Hic,

99 451 195 486 quae
231 445 404 473 eventura
439 444 557 472 essent
588 436 851 484 Amphitryoni
880 445 915 472 et
947 438 1108 479 caeteris,

99 490 316 525 vaticinatus
341 497 409 524 est:
455 490 558 536 (Ant.
578 489 632 537 4.)
659 492 758 537 quod
786 491 822 524 in
849 498 945 525 terra
973 490 1108 524 occisu—

98 555 160 578 rus
193 551 306 583 esset,
343 549 378 576 et
409 541 447 575 in
479 542 593 583 mari,
635 543 856 587 perniciosas
878 543 1032 582 belluas;
1074 549 1108 576 et

99 596 279 641 quendam
300 607 379 628 cum
401 593 548 640 obliqua
573 595 741 640 superbia
765 595 1011 638 incedentem,
1039 595 1107 627 ini-

96 647 332 681 micissimum
365 647 508 687 virum,
544 647 634 680 dixit
669 647 871 692 periturum
905 659 991 681 esse.
1060 646 1108 680 Et

97 700 245 745 quando
270 698 333 732 Dii
356 699 396 732 in
423 711 552 744 campo
577 697 754 744 Phlegrae
785 700 1000 744 pugnabunt
1024 711 1104 732 cum

681 178 774 222 (Str.
795 176 847 223 4.)
886 177 991 212 Stetit
1015 189 1112 220 ergo,

95 751 331 795 Gigantibus,
359 763 461 785 coma
480 751 555 786 eius
577 751 647 784 erit
671 752 922 796 pulverulenta
947 763 1032 796 prae
1055 757 1105 785 te·
1131 768 1133 778 ‹

93 803 219 837 lorum
239 804 348 837 iactu.
409 804 490 849 (Ep.
506 803 559 850 4.)
592 803 779 837 Praedixit
803 804 932 843 etiam,
962 816 1043 837 eum
1066 803 1104 836 in

94 867 184 900 pace
217 855 319 889 omni
355 861 521 900 tempore
555 856 730 890 continuo
763 863 995 901 accepturum
1030 868 1104 889 esse

94 907 431 952 compensationem
461 908 697 954 tranquillam
715 908 899 942 laborum
928 908 966 941 in
990 908 1103 949 coelo,

94 959 222 993 Heben
248 960 457 1004 coniugems
502 967 537 994 et
560 961 705 1005 nuptias
732 961 997 994 celebraturum
1029 972 1103 994 esse

93 1012 191 1057 apud
207 1010 351 1052 Iovem,
380 1019 414 1046 et
430 1012 663 1047 laudaturum
684 1019 846 1047 sanctam
864 1014 1027 1047 domum.

512 1097 604 1139 Ode
634 1098 690 1140 11.

144 1166 388 1200 Timodemo
410 1165 637 1206 Atheniensi,
666 1168 788 1200 victori
808 1169 1055 1211 inpancratia.

197 1233 291 1277 (Str.
316 1232 367 1278 1.)
396 1232 445 1266 Ut
470 1232 690 1266 HomerIdae
718 1234 931 1281 plerumque
955 1240 1104 1269 sumunt

92 1283 237 1317 initium
255 1284 457 1318 carminum
477 1297 495 1317 a
518 1284 619 1318 Iove:
649 1285 698 1319 sic
721 1286 786 1319 iste
811 1287 867 1320 vir
887 1288 1102 1321 fundamen-

93 1341 169 1368 tum
198 1337 438 1369 certaminum
466 1342 500 1369 et
526 1337 762 1370 victoriarum
790 1339 943 1384 sumpsit
968 1339 1004 1371 in
1021 1339 1101 1372 luco

91 1386 184 1421 lovis
204 1387 390 1422 Nemeaei.
446 1386 538 1434 (Str.
556 1389 610 1435 2.)
640 1388 794 1423 Debitor
821 1396 940 1424 autem
968 1397 1021 1425 est
1039 1403 1102 1436 pa-

91 1439 195 1473 triae.
250 1439 288 1473 Si
310 1439 455 1486 quidem
480 1440 517 1474 in
542 1440 598 1473 via
623 1453 704 1474 eum
735 1448 832 1477 aetas
867 1443 967 1476 dedit
995 1455 1102 1476 orna-

90 1497 254 1524 mentum
280 1491 420 1537 magnis
436 1491 608 1533 Athenis,
636 1500 676 1527 ut
702 1506 809 1539 saepe
834 1496 1004 1541 decerpat
1027 1496 1101 1529 fru—

91 1548 166 1576 ctus
182 1541 417 1578 Isthmiorum
440 1551 475 1578 et
492 1543 724 1591 Pythiorum.
771 1545 950 1592 Congruit
967 1554 1101 1588 autem,

90 1594 182 1640 (Str.
198 1595 251 1643 5.)
281 1608 357 1629 non
372 1597 499 1641 procul
524 1610 543 1630 a
563 1597 770 1632 Pleiadibus
790 1601 974 1635 montanis
993 1599 1101 1633 Orio-

89 1658 175 1680 nem
200 1647 380 1683 incedere.
449 1648 495 1682 At
513 1649 668 1684 Salamis
691 1651 832 1685 nutri1·e
853 1652 973 1686 virum
1000 1652 1101 1685 belli-

90 1710 214 1732 cosum
238 1706 376 1744 potest,
412 1700 450 1733 in
467 1701 580 1733 Troia
607 1700 742 1735 Hector
774 1704 914 1737 audivit
939 1705 1101 1739 Aiacem.

95 1750 149 1784 Te
162 1763 248 1784 vero
262 1751 445 1786 laboriosa
457 1752 607 1785 victoria
623 1754 831 1797 pancratiae
845 1756 929 1789 facit
946 1755 1037 1803 (Str.
1048 1756 1102 1802 4.)

95 1802 181 1836 inde
224 1803 385 1849 abusque
422 1809 609 1838 vetustate.
678 1803 928 1842 Acharnenses
951 1809 982 1855 ³)
1019 1815 1103 1842 sunt

95 1855 167 1887 viri
182 1855 306 1896 fortes,
333 1863 367 1890 et
384 1863 536 1890 narrant
554 1857 751 1891 certamina
770 1865 908 1893 vestrae
927 1859 1103 1899 familiam

96 1912 254 1952 quatuor
274 1907 370 1941 enim
390 1909 560 1942 victorias
578 1910 673 1954 apud
692 1910 913 1945 Parnassum
939 1919 1104 1957 reporta-

95 1959 149 1992 vit
184 1971 226 1993 ex
259 1957 479 2001 Corinthiis,
528 1961 620 2007 (Sir.
644 1959 697 2008 5.)
722 1962 759 1995 in
790 1964 923 2007 angulo
956 1964 1102 2009 Pelopis

96 2016 178 2044 octo
197 2023 370 2054 coronas,
395 2019 531 2057 septem
549 2014 586 2046 in
602 2014 767 2054 Nemeis;
797 2016 897 2048 domi
914 2029 1000 2050 vero
1025 2017 1103 2061 plu·

94 2074 152 2097 res
178 2075 287 2109 quam
309 2070 349 2097 ut
373 2066 560 2099 numerari
584 2066 744 2111 possint,
790 2067 828 2100 in
854 2067 948 2103 Iovis
973 2080 1101 2113 agone.

94 2113 193 2148 Haec
207 2116 324 2149 canite
343 2116 581 2159 Timodemo,
609 2130 689 2152 cum
707 2119 866 2164 glorioso
883 2121 1019 2155 reditu:
1048 2121 1104 2155 in-

96 2166 202 2212 cipite
221 2167 318 2202 dulci
339 2180 436 2203 voce.

500 2265 593 2308 Ode
625 2267 702 2308 111.

114 2331 431 2371 ,Aristoclidae
454 2335 658 2378 Aeqinetae,
689 2336 810 2369 victori
828 2338 865 2369 ἰη
877 2338 1074 2380 pancratia-

200 2399 292 2445 (Str.
316 2401 366 2448 1.)
405 2401 438 2435 Ο
471 2404 677 2436 veneranda
708 2403 811 2438 Musa
839 2412 974 2447 mater,
1017 2418 1100 2451 sup-

96 2449 211 2494 plico,
244 2458 285 2486 ut
316 2465 375 2488 eas
408 2454 446 2487 in
477 2452 694 2500 hospitalem
730 2456 883 2490 insulam
910 2458 1100 2503 Aeginam,

97 2499 167 2535 hoc
184 2515 286 2538 sacro
305 2518 448 2548 mense,
482 2520 555 2554 quo
573 2508 800 2542 celebrantur
817 2508 951 2544 Nemea
966 2524 971 2544 :
1002 2512 1098 2556 apud

132 2601 164 2633 3)
184 2602 247 2627 inde
265 2605 390 2636 abusque
409 2608 559 2631 vetustate.
593 2608 791 2632 Achai-nenses
812 2606 876 2639 (Ed,
895 2610 970 2633 1558.
1007 2612 1099 2634 Acar-

168 2637 299 2669 nenses)]
319 2640 359 2663 sic
377 2642 426 2664 Ed.
442 2642 534 2669 1555:
555 2643 602 2666 Ed.
624 2643 690 2666 ¹56³
719 2644 806 2672 abque
822 2646 970 2669 vetii<tate.
1006 2647 1099 2669 Acar-

168 2678 290 2703 nenses;
328 2675 428 2705 Heynii
461 2680 489 2700 ot
516 2678 645 2700 Boeckhii
671 2680 802 2706 uitet-pn:
838 2679 981 2702 Achai-nae
1008 2682 1099 2704 autem

167 2707 336 2737 antiquitus3
356 2710 430 2734 Pind.
443 2707 579 2742 Ἀχάρναι
601 2710 628 2735 δὲ
646 2711 821 2744 παλαίφατοι
841 2712 1098 2745 (Ιιζᾱίῑῑ.ειιιίᾶι;υίοι·.

166 2740 374 2776 παλαίφατον).

94 2783 281 2816 Menam.
304 2786 413 2818 Omen.
436 2788 519 2819 Vox..
545 2790 634 2820 xlx.

790 89 1195 125 INI'ERPRETATIO
1220 89 1508 125 NEMEORUM
1535 89 1747 127 PINDARI.

1130 854 1132 858 ’
1159 861 1194 887 et
1217 855 1365 889 accessit
1395 856 1440 888 ad
1473 856 1702 889 excellentem
1739 857 1930 898 virtutem,

2096 90 2173 128 242

1166 177 1317 211 fluvium
1334 177 1496 222 Asopum
1515 184 1598 211 sunt
1614 178 1761 214 iuvenes
1782 178 1985 212 carminum
2009 177 2171 217 artifices,

1166 235 1264 262 tuam
1292 242 1416 263 vocem
1445 236 1671 276 quaerentes.
1731 231 1833 265 Alius
1857 231 1957 265 aliud
1982 230 2169 275 negotium

1165 281 1309 326 expetit.
1372 281 1499 315 Victor
1530 289 1650 316 autem
1684 283 1841 317 maxime
1881 294 2028 316 carmen
2061 289 2170 322 amat,

1164 333 1297 367 sociam
1314 346 1535 368 coronarum
1558 341 1592 368 et
1607 334 1857 376 victoriarum,
1887 334 1988 380 (Ant.
2007 333 2056 382 1.)
2072 335 2170 369 cuius

1164 386 1306 430 copiam
1331 386 1468 420 tribuas
1494 384 1605 427 mihi,
1634 399 1654 420 o
1672 386 1789 421 Musa.
1845 386 1964 432 Incipe
1987 387 2025 420 in
2050 393 2169 421 mente

1163 450 1242 471 mea
1261 436 1439 484 hymnum
1463 439 1534 472 filia
1563 439 1653 472 coeli
1681 439 1856 484 potentis;
1886 452 1951 484 ego
1970 451 2056 473 vero
2074 451 2171 473 com-

1162 489 1356 524 municabo
1380 504 1461 524 eum
1487 491 1633 525 illorum
1660 492 1908 533 sermonibus,
1936 499 1970 525 et
1992 492 2109 537 lyrae;
2136 498 2170 525 et

1162 539 1310 575 habebit
1342 543 1481 576 dulcem
1511 544 1695 585 laborem,
1739 544 1974 578 simulacrum
2010 544 2169 589 regionis

1162 593 1437 639 Myrmidonum
1454 595 1506 640 4),
1541 608 1697 641 quorum
1726 596 1918 643 antiquum
1943 597 2064 630 forum
2093 609 2170 630 non

1161 647 1392 680 dedecoravit
1431 646 1685 688 Aristoclides,
1731 661 1795 682 suo
1830 649 1910 682 loco
1953 648 2104 697 (Ep.1.)
2130 650 2168 684 in

1161 699 1339 743 pancratii
1367 699 1581 733 exercitatus
1611 701 1819 736 certamine.
1894 701 2012 735 Habet
2045 709 2167 736 autem

1160 750 1369 791 victoriam,
1413 751 1516 784 dulce
1551 752 1751 785 remedium
1796 753 1943 788 laboris.
2012 753 2050 787 Si
2086 755 2166 801 quis

1160 809 1280 836 autem
1309 800 1458 848 pulcher
1483 810 1555 844 est,
1582 810 1617 837 et
1641 805 1727 838 facit
1750 806 1987 850 congruentia
2013 807 2165 847 formae,

1974 870 2049 891 non
2068 860 2166 894 *ulte-

1159 907 1234 941 rius
1255 907 1286 954 5)
1323 907 1426 940 facile
1458 914 1509 941 est
1542 908 1708 942 traiicere
1734 921 1835 942 mare
1861 910 1955 943 ultra
1978 910 2164 946 columnas

1158 958 1341 1000 Herculis,
1379 960 1471 1004 (Sir.
1485 959 1540 1005 2)
1564 973 1653 1006 quas
1670 960 1786 995 Heros
1812 968 1991 996 extremae
2015 963 2164 1008 naviga-

1158 1011 1267 1045 tionis
1284 1018 1388 1045 testes
1408 1012 1547 1057 posuit,
1576 1013 1637 1059 qui
1657 1014 1809 1057 grandes
1826 1015 1964 1049 belluas
1981 1014 2019 1048 in
2035 1016 2162 1061 pelago

1157 1063 1321 1104 domuit,
1369 1070 1403 1097 et
1441 1064 1593 1109 proprio
1633 1065 1757 1099 labore
1799 1073 2010 1111 stagnorum
2046 1068 2162 1103 fluxus

1157 1121 1334 1149 scrutatus
1359 1122 1431 1157 est,
1458 1117 1520 1150 ubi
1537 1118 1720 1152 descendit
1736 1118 1780 1151 ad
1803 1119 1910 1154 finem
1930 1121 2161 1155 reducentem

1158 1165 1343 1208 homines,
1373 1174 1407 1201 et
1425 1175 1543 1202 terrae
1563 1176 1674 1204 metas
1693 1171 1861 1206 ostendit.
1915 1172 1984 1206 Sed
2010 1173 2097 1219 quid
2115 1174 2161 1207 ad

1157 1219 1314 1253 alienum
1343 1221 1639 1265 promontorium
1666 1223 1839 1257 ‹Iessexisti
1860 1236 1979 1258 meum
2004 1237 2159 1264 cursum,

1157 1272 1278 1304 anime
1295 1271 1350 1319 ⁶)?
1398 1272 1504 1307 Nunc
1537 1274 1632 1307 enim
1665 1275 1749 1308 volo
1787 1276 1967 1310 celebrare
1988 1277 2160 1318 Aeacum,

1158 1330 1191 1356 et
1209 1323 1284 1358 eius
1303 1336 1425 1368 genus.
1474 1325 1559 1359 Flos
1579 1326 1673 1359 enim
1692 1334 1744 1361 est
1760 1326 1843 1361 iusti
1859 1329 2057 1370 sermonis,
2085 1330 2161 1364 lau-

1157 1377 1242 1409 dare
1267 1376 1394 1410 bonos.
1457 1375 1559 1422 (Ant.
1576 1379 1630 1425 2)
1658 1378 1732 1414 Nec
1761 1377 1934 1416 honestus
1964 1394 2068 1415 amor
2097 1388 2160 1420 est,

1157 1428 1282 1462 alienis
1314 1429 1482 1464 laudibus
1514 1444 1734 1479 quemquam
1766 1445 1917 1473 ornare;
1953 1436 2015 1469 sed
2037 1435 2160 1469 dome-

1156 1481 1242 1513 stica
1256 1493 1401 1526 quaere.
1430 1482 1550 1517 Habes
1570 1492 1689 1519 autem
1704 1486 1893 1531 proprium
1913 1488 2037 1528 decus,
2063 1488 2162 1534 quod

1156 1533 1259 1566 dulce
1284 1540 1334 1567 est
1357 1535 1579 1578 praedicare.
1634 1537 1762 1571 Peleus
1784 1539 1941 1585 antiquis
1960 1540 2032 1574 suis
2050 1540 2162 1573 victo-

1127 1599 1130 1606 ν
1156 1585 1218 1618 riis
1242 1585 1395 1620 laetatus
1421 1594 1492 1627 est,
1531 1601 1610 1622 cum
1637 1591 1806 1625 secuisset
1830 1589 1969 1626 hastam
1990 1592 2163 1626 excellen-

1156 1643 1245 1670 tem:
1274 1638 1336 1683 qui
1356 1639 1450 1683 cepit
1467 1638 1601 1675 Iolcum
1619 1643 1717 1676 solus
1735 1642 1810 1677 siue
1831 1645 2010 1686 exercitu,
2037 1651 2072 1678 et
2087 1657 2164 1679 ma-

1156 1689 1275 1722 rinam
1293 1688 1428 1724 Thetin
1450 1691 1726 1738 comprehendit
1750 1708 1830 1729 cum
1854 1697 1990 1733 labore.
2043 1696 2163 1733 Fortis

1158 1747 1278 1774 autem
1300 1742 1499 1785 Telamon,
1535 1747 1735 1780 commilito
1761 1746 1870 1789 Iolai‚
1907 1750 1993 1783 vicit
2009 1749 2162 1784 Laome-

1157 1794 1325 1834 dontem,
1368 1794 1450 1842 (Ep.
1474 1797 1528 1843 2.)
1558 1805 1593 1832 et
1629 1801 1673 1833 ad
1709 1801 1903 1834 exercitum
1932 1803 2161 1836 Amazonum

1158 1846 1338 1889 profectus
1366 1855 1437 1888 est,
1475 1861 1593 1895 neque
1628 1864 1788 1897 unquam
1824 1853 1934 1886 timor
1966 1854 2101 1899 expulit
2130 1855 2163 1888 ei

1157 1897 1408 1932 fortitudinem
1446 1901 1571 1937 animi.
1632 1902 1799 1938 Naturali
1840 1905 1971 1939 virtute
2010 1906 2161 1953 quisque

1158 1960 1309 1993 maguus
1325 1957 1389 1985 est.
1442 1952 1512 1986 Sed
1536 1954 1597 2000 qui
1615 1961 1755 1989 tantum
1774 1956 1937 1991 doctrina
1957 1958 2071 1999 valet,
2100 1959 2163 1992 ob-

1157 2012 1282 2035 scurus
1300 2009 1371 2043 est,
1398 2003 1484 2038 alias
1504 2006 1572 2039 alia
1593 2007 1735 2051 spirans
1749 2035 1758 2048 ,
1787 2015 1822 2041 et
1840 2021 2027 2056 nunquam
2051 2010 2163 2044 felici-

1158 2059 1212 2085 ter
1234 2053 1340 2087 firmo
1365 2054 1500 2090 incedit
1525 2060 1635 2102 pede,
1663 2066 1696 2093 et
1712 2060 1881 2094 imbecilli
1901 2062 2025 2096 animo
2044 2069 2162 2108 gustat

1158 2105 1278 2139 varias
1303 2106 1464 2142 virtutes.
1527 2110 1620 2155 (Str.
1646 2111 1699 2157 3.)
1726 2110 1884 2149 Achilles
1918 2121 2038 2149 autem
2071 2128 2161 2160 puer

1158 2157 1195 2189 in
1217 2157 1328 2191 domo
1351 2157 1522 2205 Philyrae
1553 2174 1722 2203 manens,
1761 2165 1887 2200 crebro
1912 2166 1997 2201 lusit
2020 2167 2160 2212 magnis

1157 2209 1346 2254 operibus,
1386 2211 1532 2247 vibrans
1554 2226 1663 2258 grave
1686 2216 1844 2251 iaculum
1876 2219 1992 2253 simile
2025 2219 2158 2254 ventis:

1157 2267 1192 2295 et
1216 2274 1335 2306 pugna
1364 2264 1493 2298 occidit
1518 2265 1640 2300 leones
1668 2274 1702 2301 et
1726 2280 1854 2314 apros,
1892 2283 2045 2315 corpora
2071 2283 2157 2305 vero

1156 2314 1202 2346 ad
1221 2313 1431 2349 Saturnium
1451 2324 1662 2352 centaurum
1682 2318 1889 2355 anhelantia
1909 2323 2047 2363 attulit,
2075 2335 2155 2356 cum

1155 2367 1320 2400 sexennis
1337 2366 1454 2401 adhuc
1472 2376 1573 2404 esset.
1628 2370 1725 2406 Toto
1751 2374 1880 2407 deinde
1906 2380 2068 2418 ternpore
2090 2374 2157 2407 mi-

1189 2469 1218 2500 4)
1235 2471 1261 2493 et
1277 2470 1386 2494 habebit
1398 2471 1667 2505 —Myrmid0.1urn‚]
1680 2473 1721 2497 sic
1730 2474 1778 2497 Ed.
1793 2474 1883 2501 1553.;
1905 2474 1952 2497 Ed.
1964 2474 2037 2498 1553.
2047 2475 2074 2498 et
2092 2475 2151 2506 regi

1225 2505 1431 2535 Myrmidonum
1456 2506 1564 2531 habebit
1590 2507 1695 2532 dulcem
1720 2509 1861 2537 lahorem:
1895 2509 2011 2539 ueyne:
2038 2510 2154 2534 Gratum

1225 2545 1294 2563 vero
1314 2540 1424 2564 habehit
1442 2542 1564 2566 lahorem
1582 2543 1674 2570 (hunc
1692 2543 1826 2571 hymmum
1845 2545 1953 2571 meum)
1979 2544 2087 2568 insulae
2106 2544 2155 2568 de-

1225 2581 1274 2598 cus
1292 2575 1450 2606 (Αεμίηα),
1474 2578 1667 2607 Myrmidones
1688 2579 1730 2602 ubi
1752 2578 1835 2608 prisci
1854 2578 2024 2605 habitarunt.

1189 2627 1219 2660 5)
1248 2626 1379 2659 ulterius]
1414 2628 1455 2652 sic
1483 2628 1529 2660 (ε
1550 2629 1624 2653 Pind,
1654 2627 1765 2661 πρόσω)
1793 2630 1841 2653 Ed.
1859 2630 1955 2662 1553,
1988 2632 2022 2656 Η.
2047 2632 2153 2662 steph..

1226 2663 1337 2693 Restm,
1357 2663 1493 2693 Boeckh.;
1514 2665 1564 2689 Ed.
1586 2665 1661 2688 156³.
1681 2665 1807 2688 atteritis.

1189 2714 1219 2746 6)
1241 2722 1327 2738 meum
1348 2721 1475 2745 cursum,
1503 2712 1626 2747 anIme?]
1655 2716 1695 2739 sic
1721 2718 1767 2743 (ε
1795 2717 1870 2741 Pind.
1896 2714 1985 2749 θυμὲ,
2006 2737 2011 2742 .

1223 2748 1325 2779 πλόον)
1345 2751 1396 2775 Ed.
1418 2750 1509 2780 156³.;
1529 2751 1578 2775 Ed.
1595 2751 1668 2774 1558.
1690 2757 1777 2775 meum
1796 2758 1907 2776 cursum
1925 2749 2031 2776 animi?

1637 2784 1685 2820 16

2033 2737 2038 2741 .
2059 2737 2065 2744 .
2084 2716 2155 2748 ἐμὸν
