2421 3005
54 132 128 169 569
377 126 467 163 XCI.

55 221 209 257 fatetur,
245 228 319 250 non
351 227 423 250 esse
451 213 667 253 honestum,
709 219 748 246 ut
772 213 847 257 ipsa
875 211 920 246 sit
948 210 1063 255 magis

56 280 240 317 propensa
275 280 357 312 erga
385 273 564 306 exterum,
609 276 717 311 quam
749 276 830 309 erga
861 270 1062 308 parentem.

56 323 125 357 Sed
147 319 231 355 huic
256 325 471 365 argumento
499 317 652 362 opponit
677 316 900 350 contrarium
916 342 924 356 ,
964 315 1063 348 vide-

53 375 139 408 licet
158 385 194 407 se
212 384 288 405 non
306 383 409 416 posse
427 382 502 404 non
521 370 641 402 favere
661 367 779 402 Iasoni
797 374 947 413 propter
965 379 1064 411 egre-

57 426 132 471 gias
156 424 269 470 ipsius
298 425 417 463 dotes,
452 428 602 467 propter
624 427 800 461 aetatem,
834 432 964 464 genus,
992 419 1064 452 vir-

57 484 170 512 tutem
185 483 218 510 et
234 477 408 513 forrrmm3
438 486 546 520 seque
564 479 670 506 vocat
689 472 943 505 immaniorem
963 470 1064 505 omni

57 530 200 570 bellua,
235 528 264 562 si
283 525 340 561 his
365 526 508 560 dotibus
533 523 624 558 1111111
650 530 852 558 moveatur.
922 522 1063 557 Deinde

61 585 339 625 argumentatur
359 591 377 611 a
396 577 620 617 necessario,
649 577 749 610 illum
775 576 904 611 misere
929 575 1063 620 peritu-

36 645 160 673 111111,
186 631 257 665 nisi
285 630 488 664 adiuvetur.
552 630 659 674 Quod
689 636 941 672 argumentum
970 627 1063 660 ratio

57 684 192 717 refutat
211 683 255 716 ab
271 680 446 722 honesto,
475 681 615 715 etiamsi
642 681 701 714 ille
728 681 842 713 amari
870 685 1065 719 mereatur,

57 742 180 769 tamen
198 740 391 779 propterea
410 731 502 766 nihil
524 733 694 767 scelerate
712 732 916 766 faciendum
938 737 1063 764 contra

58 786 235 832 patriam3
262 786 346 819 item
366 786 411 819 ab
429 791 580 825 eventu,
608 796 682 818 esse
701 783 892 825 incertum,
921 783 1064 828 qualem

59 839 119 872 ille
144 837 298 883 gratiam
324 837 369 872 sit
398 837 576 870 relaturus
605 836 636 869 ei
660 847 727 880 pro
746 841 847 869 tanto
872 834 1066 873 beneficio;

60 896 96 924 et
120 890 164 923 ab
188 888 327 923 itineris
351 888 534 934 periculo,
569 899 642 921 esse
663 887 844 921 difficilem
869 900 910 921 ac
928 887 1067 931 pericu-

58 943 175 976 losam
213 941 484 986 navigationem
526 951 567 972 ex
605 937 747 974 Colchis
780 940 819 972 in
856 939 1065 974 Graeciam.

61 993 164 1039 Quae
189 998 401 1037 argumenta
420 991 633 1024 refelluntur
654 989 722 1024 hoc
741 993 870 1025 modo:
905 991 966 1025 sed
991 1002 1068 1023 non

61 1056 237 1089 apparere
272 1056 354 1077 eum
382 1043 459 1076 fore
494 1042 698 1086 ingratum;
740 1043 825 1076 item
859 1043 1067 1088 amplexum

62 1097 138 1130 eius
155 1100 362 1129 amoturum
383 1106 457 1128 esse
475 1106 618 1126 omnem
639 1094 789 1138 periculi
807 1101 955 1128 metum.

168 1146 267 1179 Haec
292 1152 343 1179 est
368 1158 508 1179 summa
543 1145 818 1189 disputationis,
859 1159 951 1192 quae
975 1145 1069 1190 peri-

60 1197 186 1244 phrasi
218 1197 389 1242 explicari
421 1197 534 1241 possit
567 1197 623 1230 vel
655 1195 723 1231 hoc
752 1199 880 1231 modo:
926 1197 1069 1237 Nescio,

62 1250 143 1297 quis
165 1255 286 1283 motus
313 1248 449 1282 rationi
473 1260 548 1282 non
572 1249 827 1294 obtemperans
853 1256 970 1284 verset
992 1248 1069 1282 ani-

60 1314 164 1335 mum
181 1313 322 1339 meum;
359 1306 453 1334 certe
473 1306 650 1346 quantum
672 1301 854 1346 intelligo,
883 1313 987 1334 amor
1007 1307 1069 1334 est.

63 1353 137 1386 Cur
159 1352 254 1386 enim
271 1352 431 1396 parentis
448 1352 542 1386 iussa
560 1350 652 1385 mihi
677 1352 892 1396 displicent?
929 1365 991 1386 cur
1017 1351 1070 1384 Ia-

62 1403 143 1439 soni
173 1403 324 1437 metuo?
372 1403 485 1448 Atqui
513 1409 630 1436 castae
660 1405 791 1438 mentis
824 1411 876 1439 est
904 1405 1069 1438 resistere

62 1455 192 1490 amori.
251 1455 403 1493 Fateor3
431 1456 493 1488 sed
519 1454 582 1500 qui
606 1456 778 1499 possum?
812 1456 992 1502 Equidem
1016 1456 1070 1489 ln-

62 1513 140 1542 ctor
172 1519 342 1548 mecum,
385 1512 494 1552 atque
531 1506 645 1540 invita
682 1505 766 1541 huic
800 1507 1070 1553 perturbationi

62 1558 177 1593 animi
200 1558 412 1597 succumbo;
451 1559 550 1591 aliud
577 1559 672 1591 enim
699 1571 822 1601 amor,
850 1560 948 1594 aliud
974 1560 1069 1593 ratio

62 1611 201 1645 suadet.
273 1612 325 1644 Ac
362 1612 584 1655 quamquam
619 1622 695 1643 non
734 1612 864 1656 ignoro
900 1613 1069 1645 affectum

62 1662 200 1696 amoris
225 1673 299 1695 esse
335 1661 529 1705 pessimum
560 1662 820 1696 consultorem:
871 1671 993 1697 tamen
1018 1664 1071 1697 illi

64 1714 315 1758 obtemperare
341 1725 462 1757 cogor.
524 1712 660 1746 Verum
686 1714 715 1747 si
742 1716 1067 1761 obtemperandum

63 1771 116 1800 est
132 1764 270 1805 amori,
299 1777 361 1798 cur
378 1764 471 1808 regis
494 1764 565 1797 filia
592 1771 752 1799 exterum
773 1773 881 1812 atque
904 1768 1068 1811 ignotum

63 1816 175 1851 amo?
223 1816 401 1862 siquidem
431 1814 518 1849 haec
543 1829 688 1862 quoque
712 1824 807 1850 terra
834 1816 943 1852 habet
967 1831 1070 1863 prae-

63 1874 198 1903 stantes
215 1870 331 1909 viros,
360 1867 528 1911 coniugio
544 1881 624 1901 meo
642 1881 716 1901 non
736 1869 916 1914 indignos.
972 1871 1069 1915 Quid

64 1933 149 1965 ergo
182 1921 226 1953 de
260 1920 322 1953 1110
357 1919 509 1953 sollicita
536 1920 641 1953 sum?
685 1921 818 1966 quidve
845 1935 922 1955 mea
947 1924 1069 1963 refert,

64 1973 138 2007 sive
155 1972 278 2012 vivat,
305 1971 379 2006 sive
398 1971 578 2005 intereat?
613 1970 713 2006 Nihil
732 1973 898 2018 quidem;
935 1976 995 2007 sed
1017 1981 1068 2007 ta-

63 2035 169 2064 men,
198 2023 283 2068 quia
302 2023 442 2057 iuvenis
462 2030 513 2057 est
537 2023 726 2057 nobilitate
750 2026 909 2069 generis,
936 2026 1068 2059 virtute

66 2082 100 2110 et
115 2076 234 2109 forma
252 2082 458 2120 praestans,
486 2075 608 2108 malim
633 2089 713 2110 eum
741 2077 860 2111 vivere
885 2091 993 2124 quam
1016 2079 1069 2110 in-

65 2127 194 2162 terire.
255 2126 348 2160 Illud
373 2126 516 2172 quidem
540 2127 641 2169 licet,
676 2128 732 2162 vel
758 2129 891 2175 absque.
921 2130 1068 2163 infamia

66 2178 212 2214 amoris.
266 2178 314 2211 At
330 2190 404 2211 non
421 2178 514 2212 votis
539 2185 678 2213 tantum
691 2207 700 2220 ,
729 2182 789 2215 sed
806 2181 907 2215 sactis
927 2194 1068 2216 conser-

67 2232 185 2264 vanda
217 2237 269 2265 est
302 2230 399 2264 iltius
434 2230 526 2271 vita,
569 2231 706 2277 alioqui
732 2233 860 2266 misere
895 2233 1068 2268 interibit.

65 2282 164 2327 Ergo
191 2295 270 2316 cum
296 2288 441 2327 praeter
460 2294 517 2315 me
541 2294 647 2315 nemo
666 2284 714 2317 illi
733 2285 923 2319 subvenire
944 2286 1069 2331 possit,

67 2347 129 2368 ero
159 2334 356 2368 immanior
389 2334 489 2367 omni
521 2334 660 2376 bellua,
705 2348 766 2369 ero
795 2338 894 2370 omni
919 2350 1004 2372 saxo
1035 2345 1069 2372 et

66 2387 163 2420 ferro
183 2386 330 2427 durior,
358 2385 428 2419 nisi
446 2386 647 2420 innocentis
663 2387 774 2421 vitam
793 2401 1068 2424 conservavero,

67 2438 137 2473 Sed
154 2439 238 2472 dum
259 2438 312 2471 illi
330 2438 491 2478 consulo,
519 2437 674 2482 patriam
693 2441 821 2483 prodo.
865 2440 989 2486 Egone
1007 2444 1068 2476 ad-

67 2490 208 2524 mittam
226 2489 296 2524 hoc
312 2490 492 2524 nefarium
505 2490 642 2524 scelus?
671 2490 795 2536 Quid?
837 2495 934 2538 quod
954 2495 1068 2528 incer-

67 2548 144 2576 tum
157 2548 220 2582 est,
238 2542 379 2589 qualem
393 2542 545 2587 gratiam
564 2542 638 2587 ipse
657 2540 745 2575 mihi
759 2543 936 2580 relaturus
947 2547 1067 2592 sitpro

66 2594 253 2628 beneficio.
304 2595 414 2628 Forte
430 2594 549 2629 salvus
567 2601 601 2627 et
626 2594 814 2629 incolumis
833 2596 987 2632 discedet
1010 2612 1068 2633 me

67 2646 189 2681 relicta
203 2673 212 2687 ‚
237 2646 417 2692 allamque
435 2647 540 2680 ducet
559 2659 727 2680 uxorem}
750 2646 785 2679 id
808 2647 837 2680 si
854 2648 902 2681 ita
922 2657 1068 2684 eventu-

67 2709 149 2731 rum
182 2704 292 2739 esset,
326 2704 402 2731 tum
427 2699 572 2731 mallem
606 2700 766 2743 profecto
792 2699 893 2733 illum
920 2701 1067 2735 iamiam

68 2749 227 2785 interire.
296 2750 365 2784 Sed
394 2750 569 2795 ingenuus
597 2751 735 2792 vultus,
778 2763 970 2795 generosus
994 2754 1069 2787 ani-

521 123 810 162 ENARRATIO
844 122 976 158 LIBRI
1003 121 1081 156 vll.
1117 119 1600 161 METAMORPHOSEON
1636 120 1798 156 OVIDII.

2044 122 2120 160 570

1113 222 1193 242 mus
1212 236 1221 250 ‚
1248 215 1281 242 et
1299 209 1472 243 excellens
1488 208 1584 242 illins
1601 209 1717 241 forma
1736 207 1826 242 mihi
1844 213 2064 256 persuadent
2081 225 2121 246 ac

1114 261 1352 306 pollicentur,
1382 261 1483 294 illum
1507 262 1585 294 fore
1608 258 1699 293 nihil
1725 262 1844 296 minus
1872 276 1980 309 quam
2001 265 2120 309 ingra-

1114 320 1204 347 tum.
1225 313 1337 359 «Quin
1355 313 1461 346 etiam
1485 312 1707 358 obligabitur
1722 313 1976 357 iureiurando,
2005 317 2122 361 prius-

1116 377 1225 410 quam
1250 377 1269 397 a
1299 378 1355 398 me
1378 365 1543 406 iuvetur,
1571 364 1738 411 quamvis
1764 366 1899 412 alloqui
1916 376 2122 405 servaturus

1116 417 1160 450 sit
1189 417 1295 449 fidem
1310 444 1319 457 ,
1368 423 1495 462 utpote
1532 429 1675 451 summo
1711 419 1884 452 beneficio
1922 421 2120 456 devinctus.

1116 468 1185 502 Sed
1206 468 1292 514 qnid
1319 481 1458 503 mecum
1486 469 1549 503 diu
1567 469 1737 514 disputo?
1764 477 1906 510 metuo,
1935 485 2026 517 quae
2047 486 2122 507 non

1117 526 1201 553 sunt
1219 522 1424 554 metuenda.
1467 519 1528 554 llle
1548 534 1604 555 me
1621 521 1782 565 legitimo
1802 523 2038 557 matrimonio
2056 525 2124 558 sibi

1117 572 1276 605 iunctam
1298 574 1518 607 adducturus
1540 580 1592 607 est
1609 573 1645 606 in
1664 574 1875 615 Graeciam,
1900 575 1961 609 ubi
1982 589 2043 609 ero
2070 590 2124 610 ce-

1118 623 1226 657 lebris
1245 630 1278 657 et
1300 622 1493 658 honorata.
1548 625 1645 670 Ergo
1664 626 1850 661 discedens
1869 628 2031 661 deseram
2058 641 2123 673 ego

1119 675 1274 720 patriam
1302 682 1336 709 et
1361 676 1576 720 parentem?
1628 677 1725 722 Quid
1752 679 1853 712 tnm'?
1894 686 1998 724 pater
2026 681 2122 714 enim

1119 733 1171 760 est
1195 739 1319 772 asper,
1354 730 1467 761 durus
1482 727 1549 775 ⁷⁰),
1587 735 1619 762 et
1645 730 1833 771 immanis,
1868 737 1902 764 et
1928 732 2045 775 patria
2073 739 2125 766 est

1118 779 1286 813 barbara.
1333 779 1437 812 Hanc
1452 780 1601 813 mutabo
1622 781 1772 814 meliore
1792 789 1826 816 et
1844 783 1994 817 cultiore
2015 790 2124 826 terra,

1120 843 1289 875 magnam
1340 831 1501 865 nominis
1557 832 1801 866 celebritatem
1855 842 2124 881 consequutura

1121 884 1217 928 apud
1234 881 1514 917 humanissimas
1541 890 1682 928 gentes,
1711 882 1778 918 hac
1806 885 1979 920 nimirum
2007 888 2125 928 laude,

1122 935 1219 980 quod
1245 935 1322 979 ipsa
1338 935 1386 980 ⁷¹)
1415 935 1638 970 Graecorum
1663 937 1813 970 salutem
1838 938 1977 982 patriae
2005 945 2040 972 et
2065 951 2127 983 pa—

1121 987 1217 1020 renti
1242 988 1421 1020 anteferre
1447 1000 1522 1020 non
1547 988 1763 1022 dubitarim:
1808 991 1980 1036 quodque
2008 988 2126 1024 adhuc

1122 1039 1235 1083 pluris
1253 1039 1346 1072 facio
1361 1066 1369 1078 ,
1398 1037 1566 1073 habitura
1584 1053 1662 1074 sum
1683 1041 1789 1074 talem
1806 1043 1992 1084 maritum,
2017 1055 2127 1088 quem

1123 1103 1204 1123 cnm
1228 1091 1396 1125 omnibus
1421 1092 1550 1135 opibus
1575 1099 1609 1125 et
1626 1093 1746 1137 regnis
1763 1106 1838 1127 non
1857 1096 2127 1129 commutarim.

1123 1143 1190 1175 Sed
1211 1143 1396 1186 nauigatio
1418 1144 1604 1177 subeunda
1624 1145 1782 1178 deterret
1798 1158 1871 1185 me;
1901 1147 2010 1180 audio
2029 1147 2126 1179 enim

1123 1194 1159 1226 in
1184 1194 1277 1226 mari
1302 1207 1375 1228 esse
1402 1202 1586 1237 monstra,
1620 1197 1741 1230 nescio
1769 1210 1874 1243 quae.
1934 1198 2012 1243 Ego
2040 1210 2126 1232 vero

1123 1244 1214 1279 1111111
1232 1258 1356 1279 moror
1374 1246 1557 1291 pericula,
1575 1260 1813 1294 quaecunque
1831 1248 1921 1282 1111111
1938 1251 2126 1284 subeunda

1123 1304 1223 1336 sunt;
1251 1311 1312 1331 ero
1332 1299 1426 1331 enim
1446 1299 1484 1332 in
1511 1300 1700 1345 complexu
1723 1308 1757 1334 et
1783 1302 1920 1346 gremio
1948 1303 2059 1347 ipsius
2076 1301 2129 1335 Ia-

1123 1362 1220 1383 son1s
1243 1362 1365 1383 secura
1386 1357 1451 1384 etc.
1597 1355 1600 1357 ’

1226 1402 1344 1435 Porro
1372 1402 1410 1436 in
1438 1404 1506 1437 fine
1525 1401 1632 1438 huius
1650 1405 1906 1449 disputationis
1924 1407 2020 1450 apud
2040 1405 2128 1440 Ovi-

1124 1453 1221 1486 dium
1243 1454 1314 1487 duo
1333 1453 1449 1488 adhuc
1471 1456 1695 1490 observanda
1713 1464 1813 1490 sunt:
1844 1458 2011 1498 alterum,
2029 1458 2128 1503 qnod

1124 1506 1174 1537 ait
1202 1505 1298 1552 (Vss.
1315 1505 1364 1540 69
1383 1507 1470 1552 sq.):

1578 1570 1790 1615 speciosaque
1806 1572 1945 1603 nomina
1962 1571 2077 1612 culpae

1174 1620 1344 1662 Impone‘s,
1372 1620 1516 1660 Dledea,
1544 1625 1634 1653 tuae.

1124 1700 1208 1721 nam
1239 1688 1456 1734 plerumque
1487 1689 1546 1729 fit,
1590 1696 1630 1723 ut
1654 1690 1822 1723 scelerate
1852 1689 1954 1724 sactis
1986 1688 2130 1725 honesti

1125 1747 1159 1773 et
1184 1740 1337 1784 speciosi
1364 1740 1459 1773 tituli
1486 1742 1792 1785 praetendantur;
1827 1742 2001 1780 alterum,
2031 1743 2129 1788 qnod

1124 1792 1271 1836 fingitur
1295 1792 1389 1825 ratio
1415 1792 1561 1838 quidem
1589 1793 1733 1826 vincere
1757 1793 1924 1833 affectus,
1953 1795 2014 1827 sed
2045 1807 2129 1827 ocu-

1124 1844 1243 1877 lorum
1260 1856 1384 1877 sensus
1402 1845 1487 1878 dare
1506 1857 1629 1878 rursus
1646 1845 1739 1878 vires
1756 1845 1941 1879 affectibus
1962 1845 2128 1889 (Vss.72.

1124 1895 1184 1929 73.
1216 1896 1264 1929 76
1276 1915 1325 1920 -
1338 1896 1415 1941 83.)
1430 1909 1435 1928 ·.

1278 1962 1358 1990 (wele
1373 1959 1484 1990 oculos
1503 1963 1626 1991 rectum
1638 1983 1648 1997 ,
1676 1959 1868 2002 pietasque,
1895 1960 2066 2004 pudorque

1177 2010 1426 2049 Constiterant,
1455 2015 1485 2042 e!
1504 2012 1589 2042 victa
1604 2010 1706 2042 flaba!
1727 2011 1793 2041 ium
1811 2015 1905 2052 (er-qa
1925 2011 2060 2053 Cupido.

1177 2062 1219 2094 Et
1247 2061 1313 2093 iam
1340 2061 1475 2103 fractus·
1492 2061 1538 2107 7¹·')
1565 2066 1658 2101 erm,
1684 2062 1866 2107 pulsusque
1894 2064 2064 2096 resederat
2081 2062 2126 2108 7⁴³)

1539 2115 1661 2153 ardor,

1176 2166 1258 2198 Cum
1282 2167 1367 2198 videt
1398 2167 1611 2203 simoniden,-
1655 2166 1872 2212 ‹urum-tuque
1897 2165 2039 2208 flamma
2075 2177 2130 2198 re-

1542 2218 1634 2250 lusit
1653 2216 1698 2262 ³3)
1712 2243 1720 2256 ‚

1175 2271 1220 2302 Et
1235 2270 1377 2302 rubuere
1391 2281 1516 2312 yencw,
1546 2274 1676 2314 lotoque
1693 2271 1869 2303 recanduit
1888 2282 1955 2303 ore.

1178 2322 1219 2354 Ut
1235 2322 1317 2354 solet
1334 2334 1354 2354 a
1372 2323 1479 2355 ventis
1495 2323 1659 2355 alimenta
1676 2333 1845 2355 resumere
1863 2321 1928 2367 τ1),
1955 2334 2104 2367 (lucaeque

1156 2419 1203 2452 70)
1230 2418 1329 2452 durus]
1357 2420 1398 2444 sic
1424 2421 1500 2445 tecte
1526 2421 1576 2446 Ed.
1600 2421 1675 2445 1555.
1698 2422 1738 2450 h.;
1771 2420 1854 2444 Editt.
1880 2419 1954 2443 1555.
1977 2425 2019 2449 a.,
2052 2419 2129 2445 1559.

1193 2455 1299 2479 duriuS.

1157 2507 1205 2538 71)
1228 2507 1302 2537 ipsa]
1317 2507 1357 2531 sic
1371 2507 1455 2532 Editt.
1474 2508 1548 2532 1555.
1567 2509 1601 2539 b.,
1623 2508 1697 2533 1559,
1711 2524 1718 2537 ,
1740 2507 1787 2530 Ed.
1806 2507 1881 2529 1555.
1896 2512 1920 2529 a.
1937 2506 2024 2529 mate:
2046 2504 2112 2535 ipse.

1157 2560 1204 2591 72)
1232 2560 1350 2590 fructus*
1370 2573 1403 2577 —
1423 2561 1589 2589 resederat]
1618 2560 1656 2583 sie
1678 2559 1761 2584 Editt.
1786 2559 1880 2590 1555.,
1915 2558 2008 2588 1559.;
2049 2558 2131 2581 Ovid-

1193 2596 1241 2620 Ed.
1261 2596 1367 2619 Mus-ch.
1387 2595 1479 2626 sorti-s·
1499 2608 1533 2612 —
1551 2596 1707 2620 resitlerac.

1158 2647 1205 2679 73)
1236 2648 1364 2676 reluoeiel
1399 2648 1439 2672 sic
1464 2648 1548 2672 Editt.
1574 2648 1664 2677 1555„
1703 2647 1797 2673 1559.;
1835 2645 1914 2670 ovid.
1942 2645 1989 2669 Ed.
2018 2644 2127 2669 Mitsch.

1193 2683 1313 2707 remi-it.

1158 2734 1204 2762 74)
1232 2736 1393 2765 resumere]
1419 2735 1459 2759 sic
1486 2735 1569 2759 Editt.
1593 2733 1685 2762 1555..
1716 2733 1809 2764 1559.;
1845 2732 1923 2757 ovid.
1950 2732 2000 2758 Ed,
2021 2731 2117 2754 Mitsch

1195 2776 1349 2794 assumere,
