2341 2973
234 100 308 135 639

819 88 942 122 PHlL.
979 84 1091 119 MEL.
1125 83 1327 118 SCRIPTA
1361 82 1696 118 PHILOLOGICA.

2200 81 2273 116 640

236 186 408 227 stringere
427 182 463 213 in
482 179 553 212 acie
571 178 741 221 gladium,
763 182 882 220 petere
903 175 1009 207 latus:
1040 183 1130 217 quae
1149 170 1224 215 qui-
1278 182 1362 203 nam
1382 165 1514 207 κύκλος
1531 169 1699 209 cuculus,
1728 175 1761 201 et
1779 165 1842 214 (ὂψ
1860 170 2043 212 adspectus
2066 181 2127 203 seu
2152 168 2273 202 oculus

238 238 316 269 dem
338 241 371 267 et
388 244 489 265 voces
510 231 602 262 idem
631 229 849 272 significant,
883 232 916 258 et
943 222 1139 258 sententiae
1168 234 1225 253 eo-

238 289 315 319 dem
334 289 504 329 spectant.
558 280 610 313 Ex
629 279 683 313 his
700 280 807 323 igitur
825 276 1052 310 manifestum
1072 280 1123 306 est
1140 272 1225 306 Ovi-

237 339 335 371 dium
362 335 461 369 nullo
490 333 620 366 iudicio
649 328 883 375 reprehendi,
925 326 991 360 hoc
1016 324 1225 370 praesertim

236 391 333 427 loco,
362 387 421 420 ubi
438 398 493 419 res
511 385 674 416 affectum
702 381 835 423 poscit,
871 379 930 423 qui
956 378 1030 411 siue
1056 375 1226 419 multipli-

238 440 375 473 catione
396 438 585 469 verborum
607 441 639 466 et
654 438 909 467 sententiarum
935 442 1042 462 unam
1069 440 1141 460 rem
1171 439 1226 459 ve-

237 493 289 525 lut
307 488 558 523 inculcantium
581 485 700 528 augeri
719 482 853 527 nequit.

292 570 544 607 Memnonis
573 569 751 600 cineres
780 565 824 596 in
854 576 954 596 aves
984 562 1183 595 Memno-

628 615 835 661 nidas3‘2).
1068 613 1073 617 ¹

346 690 516 723 Memnon
554 686 699 729 fingitur
731 684 893 716 Aurorae
928 680 1038 719 filius,
1081 685 1228 723 propter

243 743 393 788 patriam
427 741 464 772 in
489 738 637 771 Oriente
669 736 791 772 sitam;
832 733 897 766 fuit
923 732 1016 764 enim
1045 730 1229 763 orientalis

239 792 451 837 Aethiopiae
472 802 543 823 rex.
597 790 690 822 Aves
710 799 793 819 vero
812 798 851 817 ex
867 781 1056 825 Aethiopia
1078 788 1229 827 quotan-

240 847 293 879 nis
315 843 484 878 advolant
501 842 536 873 in
557 838 767 883 Phrygiam,
794 842 879 869 teste
895 834 1032 872 Plinio,
1062 845 1174 878 eoque
1192 832 1229 864 in

241 899 318 930 loco
338 901 497 932 tantum,
531 892 591 924 ubi
611 891 782 923 Memnon
805 886 961 930 sepultus
985 890 1056 923 est,
1091 883 1229 927 conspi-

243 949 395 981 ciuntur.
450 944 541 976 Hinc
557 949 589 975 et
606 943 648 974 de
666 940 788 972 avibus
805 937 891 971 haec
909 936 1039 969 sabula.

344 996 471 1031 Oratio
505 1007 568 1038 pro
594 993 787 1025 Memnone
821 990 864 1021 ad
886 987 1006 1020 lovem
1035 993 1086 1020 est
1113 986 1229 1020 brevis

243 1050 406 1096 quidem,
434 1048 493 1080 sed
522 1051 602 1088 apta
629 1045 671 1075 ad
696 1041 996 1087 permovendum3
1033 1038 1107 1081 ipsa
1134 1037 1228 1070 enim

241 1105 381 1135 Aurora
403 1098 558 1143 primum
579 1095 718 1128 orditur
736 1093 783 1127 sic
810 1093 853 1140 ab
883 1089 1133 1123 extenuatione
1157 1089 1228 1122 sui:

240 1154 470 1198 Quamquam
508 1148 629 1180 infima
662 1158 739 1179 sum
771 1143 952 1182 Dearum,
989 1148 1109 1174 tamen
1147 1140 1230 1185 quia

239 1217 317 1238 sum
340 1215 382 1236 ex
405 1212 556 1234 numero
582 1197 747 1231 coelitum
762 1223 770 1236 ,
815 1207 890 1228 non
913 1205 1039 1226 vereor
1064 1194 1229 1225 accedere

241 1263 339 1289 tuam
363 1253 598 1286 maiestatem.
657 1248 795 1281 Deinde
821 1246 907 1291 petit
933 1257 950 1277 a
977 1244 1047 1277 suis
1075 1243 1229 1277 meritis:

240 1308 287 1341 At
305 1305 560 1351 qualiscunque
579 1313 675 1339 sum,
703 1306 824 1332 tamen
848 1296 1019 1330 nonnulla
1040 1302 1122 1329 sunt
1151 1307 1228 1327 mea
1256 1314 1258 1342 ¹:

1256 1345 1258 1357 ³
1285 1347 1377 1379 mole
1393 1347 1575 1390 corporis,
1605 1347 1648 1379 ab
1666 1346 1863 1379 orbiculato
1880 1347 2003 1385 oculo,
2032 1353 2136 1391 atque
2162 1358 2179 1378 a
2211 1357 2274 1378 no-

242 1358 389 1395 merita‚
428 1355 555 1400 quibus
586 1353 715 1385 confisa
744 1362 847 1394 spero
876 1360 931 1381 me
956 1346 1228 1391 impetraturam

242 1411 275 1443 id
288 1437 296 1449 ,
325 1407 423 1441 cuius
441 1417 543 1438 causa
562 1402 630 1437 huc
652 1402 743 1435 veni.

395 1490 496 1524 Anii
526 1488 660 1521 filiae
690 1486 734 1519 in
764 1482 1076 1529 columbas33).

343 1560 454 1593 Anius
472 1570 532 1591 rex
549 1557 613 1589 suit
627 1555 776 1598 diligens
793 1551 1050 1597 paterfamilias
1062 1577 1070 1590 ,
1094 1557 1128 1583 et
1142 1550 1231 1583 filias

242 1613 368 1648 habuit
389 1612 500 1642 bonas
528 1618 757 1641 oeconomas:
792 1603 859 1637 hae
884 1610 917 1636 et
943 1603 1021 1635 ideo
1049 1603 1231 1645 finguntur

243 1663 457 1699 convertisse
474 1659 593 1692 onmia
610 1658 646 1690 in
661 1658 894 1693 frumentum,
914 1667 926 1684 x
938 1653 1035 1686 inum
1051 1659 1084 1685 et
1101 1653 1231 1692 oleum,

246 1728 336 1762 quae
355 1716 619 1750 attrectassent,
647 1708 729 1753 quia
752 1708 896 1740 suerunt
913 1705 947 1737 in
968 1705 1096 1737 tuenda
1121 1716 1157 1736 re
1183 1704 1232 1736 sa-

246 1766 377 1800 miliari
397 1763 593 1807 diligentes.
635 1759 763 1793 Graeci
782 1770 866 1790 vero
889 1758 931 1789 ad
953 1755 1123 1794 Troiam,
1152 1767 1230 1788 cum

243 1832 284 1853 ex
310 1816 474 1851 omnibus
498 1811 621 1846 insulis
644 1815 845 1843 commeatu
871 1805 1164 1851 prohiberentur,
1200 1812 1233 1838 et

243 1881 372 1913 magna
403 1877 570 1911 agrorum
599 1862 761 1895 fertilitas
797 1872 838 1892 eo
876 1866 1036 1902 tempore
1071 1865 1160 1891 esset
1196 1857 1232 1889 in
1260 1869 1261 1872 ¹

244 1921 333 1955 Delo
347 1946 355 1959 ,
383 1921 574 1961 coegerunt
592 1914 721 1946 Anium
735 1939 743 1952 ,
773 1911 907 1945 insulae
925 1922 1042 1952 regem
1055 1936 1063 1949 ‚
1092 1910 1134 1941 ad
1153 1910 1233 1942 sub-

246 1970 444 2005 vehendum
466 1969 547 2000 inde
566 1970 826 2002 commeatum,
862 1961 1013 2005 acceptis
1037 1961 1080 1992 ab
1104 1973 1144 1993 co
1173 1961 1234 1993 ob-

245 2023 379 2057 sidibus
398 2020 481 2064 ipsis
499 2019 655 2055 filiabus,
684 2027 774 2061 quae
794 2020 914 2058 postea
942 2013 1055 2045 dictae
1079 2018 1160 2045 sunt
1179 2011 1235 2055 (ut

248 2074 420 2117 arbitror)
446 2072 480 2102 in
511 2069 691 2102 columbas
719 2072 893 2103 mutatae,
937 2076 1016 2096 cum
1047 2062 1135 2095 nihil
1162 2076 1235 2095 am-

246 2126 339 2170 plius
359 2136 399 2156 ex
418 2122 504 2154 Delo
526 2120 746 2156 mitteretur,
776 2115 872 2149 omni
891 2117 1069 2147 frumento
1090 2114 1189 2159 quasi
1217 2127 1234 2146 a

249 2175 421 2209 columbis
444 2174 512 2204 iam
540 2176 770 2213 consumpt0;
807 2165 873 2200 hae.
899 2166 993 2199 enim
1020 2178 1102 2198 aves
1127 2165 1235 2210 pluri-

250 2240 345 2261 mum
365 2223 532 2258 frumenti
551 2226 775 2254 consumunt.

389 2306 606 2355 Cyclopis
633 2317 754 2337 amor
783 2310 824 2337 et
852 2302 1098 2336 cantilena.

300 2380 358 2413 Vs.
380 2376 464 2412 755.
502 2379 600 2410 Hunc
622 2387 696 2417 eyn,
732 2386 781 2406 me
805 2374 939 2415 Cyclops
963 2372 1054 2404 nullo
1075 2383 1148 2404 cum
1170 2370 1238 2412 fine

660 2425 810 2468 petebat,

355 2490 392 2522 ln
420 2487 536 2522 Sicilia
567 2485 651 2518 olim
679 2484 822 2516 suerunt
849 2481 1011 2515 homines
1038 2481 1181 2515 barbari
1206 2486 1238 2513 et

253 2543 423 2574 immanes
444 2541 486 2572 ab
512 2536 708 2571 orbiculato
737 2535 839 2568 oculo
858 2534 1027 2578 Cyclopes
1053 2532 1238 2577 appellati;

287 2659 333 2683 32)
355 2657 432 2681 Ovid.
454 2657 516 2680 Met.
537 2655 613 2678 thl.
632 2654 682 2677 576
702 2661 759 2683 sqq.

287 2701 334 2727 3³)
356 2700 433 2725 ovid.
453 2701 514 2723 Met.
537 2699 607 2721 xm.
627 2698 677 2720 ⁴573
697 2704 737 2726 sq.

1279 221 1419 254 dicitur.
1473 219 1694 253 Orbicularis
1712 232 1796 252 vero
1815 219 1938 253 oculus
1956 220 1991 252 in
2010 220 2126 253 media
2144 220 2273 260 fronte,

1279 271 1457 315 significat
1473 272 1625 304 sormam
1654 271 1793 314 galeae,
1830 283 1920 315 quae
1945 273 2040 314 apud
2065 277 2199 304 veteres
2224 271 2272 303 ita

1280 324 1385 356 fiebat
1399 349 1407 361 ,
1433 327 1471 354 ut
1488 323 1682 355 rotundum
1701 322 1862 354 foramen
1879 322 1915 353 in
1936 322 2073 362 fronte,
2101 329 2273 367 tanquam

1279 375 1469 407 fenestram
1489 371 1652 411 haberet,
1680 374 1773 405 unde
1793 373 1971 406 eminebat
1993 385 2033 405 ea
2058 384 2140 417 pars
2158 372 2274 412 faciei,

1281 437 1371 470 quae
1400 436 1417 456 a
1444 424 1597 457 confinio
1623 424 1894 467 superciliorum
1922 424 2060 464 oriens,
2094 424 2185 456 infra
2211 436 2274 456 na-

1282 489 1358 510 sum
1383 475 1589 519 porrigitur.
1642 475 1692 507 Ac
1708 475 1898 508 verisimile
1917 481 1968 509 est
1986 475 2071 509 istos
2088 475 2275 515 barbaros,

1283 527 1454 572 quoniam
1480 532 1583 559 erant
1605 526 1821 570 praedones,
1867 526 2061 560 exercuisse
2084 526 2273 560 latrocinia

1283 578 1457 611 eiusmodi
1474 577 1582 621 galeis
1600 583 1727 617 tectos,
1756 583 1862 622 atque
1888 578 1970 611 inde
1994 590 2128 611 nomen
2152 589 2274 611 conse-

1283 636 1381 662 cutos
1404 628 1521 662 fuisse.
1585 628 1721 661 Horum
1748 628 1912 672 princeps
1936 628 2002 661 fuit
2017 627 2274 674 Polyphemus,

1283 681 1338 714 cui
1367 687 1567 714 monstrosa
1599 679 1760 724 corporis
1788 680 1898 712 moles
1923 685 2018 713 recte
2046 680 2273 717 attribuitur;

1283 744 1322 765 ea
1343 732 1434 765 euim
1453 731 1615 764 barbaris
1634 738 1668 764 et
1685 731 1768 764 seris
1786 730 1944 765 moribus
1961 731 2139 764 convenit.
2181 730 2273 763 Can-

1283 783 1388 816 tilena
1407 783 1481 816 eius
1498 789 1638 826 sumpta
1663 788 1713 815 est
1739 794 1780 814 ex
1804 782 1993 815 undecimo
2009 781 2136 827 Idyllio
2154 779 2273 815 Theo-

1283 835 1360 867 criti
1376 834 1443 880 3²);
1492 841 1613 879 estque
1649 834 1786 877 generis
1822 834 1952 877 partim
1988 833 2274 873 demonstrativi,

1283 886 1414 929 partim
1445 885 1608 919 suasorii.
1677 884 1753 928 lpse
1788 885 1881 917 enim
1912 886 2058 918 studens
2082 884 2273 918 conciliare

1283 937 1350 970 sibi
1383 948 1543 969 amorem
1569 936 1760 976 Galateae,
1797 936 1953 980 primum
1976 936 2206 969 commendat
2233 947 2273 968 ac

1284 988 1406 1020 laudat
1422 1000 1498 1020 eam
1513 1014 1522 1028 ,
1549 988 1578 1021 si
1601 988 1798 1032 obsequens
1823 988 1878 1021 sit.
1938 987 2077 1021 Deinde
2098 999 2163 1031 per
2183 986 2275 1020 anti—

1284 1037 1398 1072 thesin
1417 1051 1539 1072 rursus
1563 1039 1761 1082 vituperat,
1796 1039 1825 1072 si
1848 1051 1921 1071 non
1946 1040 2181 1084 obsequatur;
2217 1050 2274 1071 ea-

1284 1103 1351 1136 que
1369 1090 1405 1122 in
1422 1103 1460 1123 re
1478 1090 1591 1123 utitur
1614 1089 1777 1134 plurimis
1802 1090 2133 1133 comparationibus
2159 1089 2274 1122 diver-

1284 1154 1403 1175 sarum
1436 1154 1567 1174 rerum.
1636 1141 1823 1174 Postremo
1851 1138 2018 1174 hortatur
2042 1141 2139 1174 illam
2165 1141 2208 1174 ad
2237 1152 2273 1173 se

1284 1194 1498 1232 amandum,
1527 1194 1570 1225 ab
1588 1192 1666 1225 utili
1684 1198 1717 1225 et
1733 1205 1751 1224 a
1769 1192 1923 1225 iucundo
1936 1219 1945 1232 ,
1973 1204 2157 1226 recensens
2175 1203 2275 1235 prae-

1284 1244 1403 1288 cipuas
1438 1244 1628 1288 agrestium
1663 1241 1851 1276 hominum
1883 1255 1967 1287 opes
1991 1256 2031 1276 ac
2054 1244 2274 1288 voluptates;

1284 1308 1390 1341 seque
1425 1296 1530 1328 etiam
1559 1296 1787 1328 commendat
1813 1307 1831 1327 a
1857 1307 1918 1328 sua
1947 1295 2056 1339 ipsius
2078 1295 2212 1334 forma,
2254 1306 2274 1326 a

1283 1398 1419 1431 bilitate
1439 1398 1589 1442 generis.

1575 1490 1679 1523 Acis
1708 1491 1750 1523 in
1779 1489 1984 1523 fluvium.

1335 1559 1411 1592 Vss.
1433 1559 1506 1593 896
1525 1571 1577 1603 sq.
1632 1561 1715 1592 Acis
1736 1562 1771 1591 ἱιι
1790 1571 1922 1591 amnem.

1340 1614 1478 1650 Versus,
1507 1616 1536 1643 et
1550 1612 1724 1655 antiquum
1741 1615 1917 1643 renuerunt
1928 1609 2073 1652 flumina
2092 1621 2221 1642 nomen.

1388 1670 1483 1709 Acis,
1507 1669 1635 1703 fluvius
1652 1669 1792 1702 Siciliae
1804 1696 1813 1709 ‚
1842 1681 1936 1702 nunc
1952 1668 2058 1713 vulgo
2074 1669 2275 1713 appellatur

1259 1734 1260 1741 ¹
1285 1721 1454 1765 frigidus,
1483 1733 1546 1753 nec
1567 1721 1670 1764 longe
1694 1733 1711 1753 a
1730 1720 1959 1753 Taurominii
1978 1720 2091 1753 amnis
2108 1720 2199 1754 ostio
2222 1720 2275 1752 in-

1285 1773 1362 1806 fluit
1388 1773 1425 1805 in
1447 1785 1564 1812 mare,
1597 1773 1688 1805 sicut
1708 1772 1843 1806 Marius
1866 1771 2010 1806 Aretius
2033 1771 2276 1816 Syracusanus

1286 1830 1435 1858 testatur
1450 1824 1487 1856 in
1503 1824 1622 1857 libello
1642 1825 1684 1857 de
1701 1824 1770 1858 situ
1787 1823 1922 1857 insulae
1938 1822 2089 1856 Siciliae.

1405 1918 1602 1952 Glaucus
1631 1918 1674 1950 in
1704 1917 1840 1951 Deum
1870 1915 2167 1959 mar·i11um³⁵).

1365 1986 1536 2019 Erasmus
1549 1986 1812 2018 Roterodamus
1829 1985 1865 2017 in
1883 1984 2091 2029 proverbio:
2121 1983 2276 2018 Glaucus

1289 2044 1451 2082 correpta
1469 2035 1576 2070 herba
1597 2035 1734 2069 habitat
1753 2036 1789 2068 in
1805 2035 1963 2082 mari³⁶)‚
1991 2036 2100 2069 refert
2116 2047 2156 2068 ex
2165 2034 2276 2068 Grae-

1290 2089 1337 2122 cis
1362 2089 1545 2122 autoribus
1569 2085 1662 2121 hunc
1686 2087 1858 2120 Glaucum
1883 2088 1990 2121 fuisse
2005 2085 2275 2122 Anthedonium

1291 2140 1524 2185 piscatorem,
1557 2139 1705 2171 natandi
1732 2139 2007 2183 peritissimum,
2043 2145 2076 2172 et
2099 2150 2278 2172 commen-

1291 2199 1364 2225 tum
1386 2202 1458 2224 esse
1475 2191 1709 2234 imposturam
1727 2190 1920 2224 eiusmodi:
1950 2196 2109 2224 enatasse
2133 2201 2151 2222 e
2172 2194 2278 2234 portu

1291 2242 1530 2288 spectantibus
1548 2239 1805 2282 Anthedoniis,
1839 2243 1952 2275 donec
1978 2242 2048 2274 iam
2073 2247 2169 2274 extra
2196 2252 2278 2285 pro-

1291 2299 1448 2338 spectum
1468 2299 1571 2326 esset:
1603 2293 1650 2325 ibi
1670 2305 1851 2327 reversum
1872 2293 1909 2326 in
1925 2299 2071 2334 terram,
2098 2292 2277 2326 secessisse

1292 2345 1462 2377 inlocum
1481 2345 1634 2390 aliquem
1653 2351 1848 2385 semotum,
1878 2351 1984 2390 atque
2003 2344 2038 2377 in
2059 2356 2101 2378 eo
2119 2343 2193 2376 dics
2216 2342 2278 2375 ali-

1292 2402 1380 2442 quot
1397 2402 1656 2429 commoratum
1685 2408 1774 2434 esse;
1811 2396 1938 2429 deinde
1964 2396 2108 2430 rediisse
2132 2401 2277 2427 nantem

1293 2448 1328 2480 in
1349 2453 1492 2492 portum
1512 2448 1751 2492 spectantibus
1768 2448 1809 2482 iis
1821 2474 1830 2487 ‚
1858 2447 1918 2493 qui
1936 2447 2076 2481 stabant
2093 2446 2129 2479 in
2147 2445 2278 2480 littore.

1327 2588 1373 2614 34]
1393 2588 1527 2610 Theoi-rit.
1549 2587 1626 2617 tdyH.
1650 2587 1697 2617 xl,
1721 2586 1752 2609 19
1767 2593 1825 2616 sqq.
1854 2586 1900 2609 Ed.
1921 2584 2070 2615 Kiessling.

1325 2640 1373 2666 35)
1393 2639 1470 2662 ovid.
1490 2641 1552 2662 Met.
1574 2639 1646 2669 xm,
1665 2637 1822 2661 996-965.

1328 2690 1374 2719 3⁴5)
1396 2690 1502 2715 Erasmi
1525 2690 1608 2720 Adag.
1629 2689 1689 2712 chit.
1704 2689 1748 2713 lV.
1770 2690 1840 2712 cent.
1856 2689 1872 2712 Ι.
1894 2694 1970 2717 prov.
1984 2688 2025 2712 6³.
