2421 3005
80 101 156 138 397
550 95 772 132 LXXXVIII.

81 188 197 223 multa
215 190 377 219 armenta
391 210 400 224 ,
431 183 561 229 quibus
578 182 982 227 praefecitApollinem.
1020 181 1091 214 Ra-

81 241 133 274 tio
150 237 294 272 fabulae
314 235 417 269 reddi
435 248 511 268 non
531 241 660 279 potest.

185 289 246 324 Vs.
265 289 300 323 3.
336 288 492 332 Caetera]
520 287 556 320 id
583 292 657 327 est,
694 284 785 318 aliae
809 283 982 317 materiae
1009 296 1092 317 con-

82 342 236 387 scriptae
259 346 343 375 sunt
363 341 406 372 ab
424 339 514 372 aliis.

185 391 247 426 Vs.
268 392 303 426 4.
334 393 457 426 Omnia
475 393 544 424 iam
563 385 714 435 culyutu]
746 386 861 431 Cupio
890 383 981 418 mihi
1007 384 1093 417 deli-

83 457 165 489 gere
181 440 457 488 argumentum,
486 442 584 486 quod
606 440 667 472 alii
686 452 761 472 non
779 443 994 471 tractarunt.
1029 436 1094 470 Est

826 94 1115 131 ENARRATIO
1152 94 1438 130 GEORGICON
1476 92 1685 127 YlRGlLll.

83 495 222 542 aliquid
244 505 348 539 posse
373 492 529 537 deligere
555 497 831 536 argumentum,
876 491 936 523 sed
972 496 1094 521 tamen

84 549 161 593 ipsa
178 543 321 581 novitas
339 543 450 578 habet
466 543 603 590 aliquid
623 541 865 582 incommodi,
902 541 985 586 quia
1005 541 1093 575 istae

83 612 140 634 res
163 610 281 632 novae
309 608 385 630 non
410 596 460 630 ita
488 601 640 641 possunt
658 593 819 629 tractari.
874 592 958 626 Ideo
978 592 1095 625 Hora-

1120 623 1121 626 ,
1147 595 1320 628 fabulam.

83 651 156 685 tius
186 649 324 696 inquit,
365 649 553 682 tractanda
578 660 651 682 esse
677 646 818 692 publica
849 651 883 678 et
907 644 1095 690 usitata2'),
1120 654 1121 685 ζ

83 702 227 748 publiea
244 701 398 735 materia
416 707 538 734 tamen
557 699 625 733 erit
641 705 701 732 tua
715 725 724 738 ,
757 698 786 732 si
810 711 888 731 eam
907 704 1002 730 recte
1023 703 1094 729 tra-

85 754 249 788 ctaveris.
303 753 350 787 Et
369 765 432 787 vos
451 764 595 799 quoque
613 762 745 784 moneo
758 777 767 790 ‚
801 756 841 783 ut
857 749 962 783 utiles
982 755 1095 782 mate-

83 806 157 841 rias
176 804 336 850 eligatis,
365 806 511 851 quando
531 803 638 837 vultis
656 802 794 848 aliquid
813 801 982 835 scribere.
1020 799 1095 835 Ro-

83 858 146 891 lite
164 869 376 892 consumere
393 856 578 901 ingenium
597 855 634 888 in
650 855 758 888 rebus
776 853 981 891 inutilibus;
1006 852 1095 885 alio-

85 910 148 956 qui
169 910 228 951 fit,
265 910 364 955 quod
380 908 514 943 Seneca
541 907 678 953 inquit:
714 905 923 941 Necessaria
950 905 1095 949 ignora-

84 975 187 1002 mus,
221 961 306 1007 quia
331 972 407 994 non
430 960 631 994 necessaria
658 958 861 992 didicimus.
922 956 1014 991 Illud
1039 969 1094 989 ar-

85 1019 296 1058 gumentum
315 1014 358 1046 de
377 1013 594 1046 animalibus
614 1011 728 1045 multo
752 1017 804 1045 est
830 1010 954 1044 utilius
979 1016 1013 1042 et
1037 1022 1094 1042 co-

83 1065 222 1110 piosius
250 1065 294 1098 ab
309 1064 505 1109 Oppiano⁷
542 1064 682 1098 Graeco
709 1070 856 1101 autore,
886 1067 1095 1099 tractatum,

86 1117 149 1164 qui
165 1117 272 1151 etiam
290 1117 511 1163 singulas²³)
531 1122 651 1160 partes
670 1114 900 1159 perstringit,
937 1119 976 1147 ut
1001 1113 1094 1145 libro

85 1175 238 1215 quarto,
273 1175 338 1203 etc.
474 1168 635 1212 Vulyaia]
669 1166 738 1211 lpsi
764 1167 929 1200 solebant
954 1165 1094 1210 publice

84 1221 237 1254 recitare
266 1233 329 1254 sua
362 1226 551 1265 poemata,
596 1219 684 1252 illud
711 1219 778 1252 suit
803 1218 907 1251 valde
936 1218 1094 1261 vulgare.

85 1273 297 1318 Eurysthea]
326 1269 591 1318 Eurystheusss)
618 1278 651 1304 et
670 1270 842 1304 Hercules
861 1271 987 1303 eodem
1007 1277 1096 1302 tem-
1121 1279 1123 1293 2

82 1337 174 1369 pore
196 1324 385 1366 vixerunt,
426 1326 573 1358 fuerunt
598 1323 761 1367 cognati,
805 1329 838 1355 et
872 1334 1093 1367 quamquam

84 1376 258 1409 Hercules
274 1375 455 1420 praestitit
469 1376 602 1408 virtute
615 1399 625 1414 ‚
654 1381 776 1406 tamen
787 1370 1011 1417 Eurystheus
1030 1373 1096 1404 im-

84 1427 237 1474 peravit.
314 1427 382 1460 Hic
412 1427 678 1461 observandum
714 1432 765 1460 est
795 1422 960 1458 heroicos
999 1424 1096 1458 viros

82 1486 235 1526 propter
257 1480 439 1525 publicam
465 1479 659 1512 utilitatem
689 1489 817 1523 parere
843 1476 1094 1510 inferioribus:

83 1540 126 1567 ut
140 1530 297 1568 Achilles
321 1532 415 1566 cedit
441 1530 710 1576 Agamemnoni
736 1537 887 1575 propter
912 1529 1094 1575 publicam

83 1585 299 1623 utilitatem,
336 1585 385 1617 sic
409 1583 602 1623 Hercules,
637 1595 858 1628 quamquam
885 1589 1005 1615 tantus
1034 1579 1095 1614 he-

85 1649 165 1681 ros,
190 1642 312 1668 tamen
331 1641 434 1679 paret
449 1634 637 1673 deteriori,
673 1641 712 1668 ut
736 1635 920 1668 communi
949 1633 1097 1667 utilitati

86 1693 231 1723 serviat.

192 1738 253 1773 Vs.
271 1737 307 1773 5.
335 1736 521 1786 Illuudatt']
551 1738 692 1771 Durum
712 1737 949 1777 vocabulum,
979 1736 1013 1769 id
1034 1742 1097 1775 est,
1123 1746 1125 1779 j

1151 1790 1317 1829 lenione,
1362 1796 1396 1822 et
1418 1789 1454 1820 in
1479 1789 1536 1820 illa
1567 1786 1814 1832 expectatione
1841 1786 2097 1829 suffragiorum
2130 1791 2164 1817 et

87 1792 246 1827 infamis.
352 1789 513 1838 Busiris]
542 1791 626 1824 Fuit
651 1802 712 1823 rex
736 1789 999 1834 Aegyptiacus,
1036 1788 1097 1834 qui

87 1844 214 1880 solitus
239 1850 291 1878 est
312 1841 472 1888 hospites
510 1843 685 1876 occidere.

87 1909 185 1932 nunc
211 1897 251 1929 fit
273 1895 310 1929 in
337 1896 553 1942 quibusdam
592 1895 736 1935 insulis,
781 1894 841 1927 ubi
873 1893 980 1926 etiam
1016 1899 1097 1926 sunt

88 1948 294 1988 Busirides,
331 1948 393 1994 qui
416 1948 574 1981 retinent
598 1945 769 1992 hospites.
831 1945 935 1978 Illum
961 1944 1099 1978 Busiri-

90 2004 171 2035 dem
190 2000 361 2034 Hercules
382 2000 525 2034 sustulit
543 2006 575 2032 et
597 2000 738 2033 oceidit.

193 2051 308 2086 Vssss.
335 2053 462 2098 Hylas]
490 2051 654 2086 Herculis
674 2052 810 2090 socius,
840 2062 946 2094 quem
975 2055 1097 2093 postea
1125 2060 1126 2073 ³

91 2105 211 2139 amisit
236 2104 275 2137 in
306 2104 528 2148 profectione
562 2117 641 2138 cum
668 2103 900 2148 Argonautis.
968 2100 1018 2134 lbi
1043 2113 1099 2133 ex-

91 2162 285 2203 pectarunt
309 2156 542 2199 Argonautae
571 2163 686 2190 totum
722 2156 881 2189 triduum
907 2153 1098 2186 Herculem

91 2215 325 2256 quaerentem
342 2208 485 2254 Hylam.
539 2207 587 2242 Et
603 2208 770 2242 Valerius
784 2207 933 2240 Flaccus
950 2205 1100 2249 diligen-

91 2269 146 2295 ter
163 2260 334 2294 descrIbit
351 2260 653 2294 consultationem
665 2262 973 2303 Argonautarum.
1012 2257 1101 2302 Qui-

91 2314 175 2348 dam
193 2312 455 2346 cousuluerunt
472 2313 677 2346 abeundum
702 2325 796 2353 esse,
825 2324 900 2344 non
918 2323 1007 2355 opus
1028 2322 1101 2343 csse

91 2371 210 2399 totum
230 2363 424 2398 exercitum
444 2377 557 2398 unum
573 2362 758 2398 hominem
780 2370 978 2408 expectare.
1033 2362 1102 2395 Sed

92 2417 241 2464 quidam
269 2423 486 2450 censuerunt
510 2415 699 2450 Herculem
725 2416 986 2461 expectandum
1016 2426 1103 2453 esse,

93 2475 129 2503 et
144 2468 291 2515 quidem
309 2469 508 2513 prudenter
525 2475 760 2508 censuerunt,
789 2467 873 2514 quia
893 2466 1015 2510 magni
1033 2466 1101 2498 viri

92 2532 150 2554 res
167 2527 316 2564 gerunt,
352 2521 389 2553 in
416 2533 541 2554 eorum
568 2520 681 2554 salute
705 2519 771 2553 sita
799 2526 851 2553 est
876 2519 1101 2564 reliquorum

129 2624 160 2657 2)
181 2626 256 2650 Haec
275 2627 405 2656 spectare
423 2625 556 2649 videntur
575 2624 610 2648 ad
629 2624 728 2648 Horat.
749 2624 808 2647 Art.
829 2624 904 2653 poet.
925 2623 975 2647 125
992 2629 1050 2653 sqq.

130 2669 182 2697 2²)
202 2668 346 2700 singulas]
368 2668 408 2692 sic
429 2667 548 2698 scripsi:
583 2667 632 2691 Ed.
651 2667 726 2690 1544.
747 2666 878 2696 singulis.

128 2712 161 2741 3)
182 2712 376 2742 Eurystheus]
410 2712 450 2735 sie
483 2712 508 2735 h.
531 2712 547 2735 Ι.
580 2712 606 2734 et
637 2709 664 2734 in
695 2716 772 2740 seqq.
800 2708 921 2739 scripsi3

170 2746 326 2772 Eristheus.

958 2709 1007 2732 Ed.
1031 2709 1107 2733 1544.

760 1842 1033 1886 Propemodum
1065 1846 1098 1873 et
1123 1840 1125 1866 ἶ

2081 93 2155 128 398

1146 182 1252 216 salus.
1307 180 1358 214 Ita
1379 181 1551 214 Hercules
1569 181 1648 224 plus
1668 179 1785 224 potuit
1805 191 1912 224 quam
1932 179 1992 212 alii
2019 193 2155 214 omnes.

1146 234 1243 267 Haec
1271 240 1322 267 est
1348 240 1478 266 natura
1506 232 1689 271 Heroum,
1726 243 1816 276 quos
1840 230 1932 273 regit
1954 230 2071 272 Deus,
2098 231 2159 274 ,illi

1147 292 1229 320 sunt
1246 292 1419 331 tanquam
1441 284 1612 328 sagittae,
1641 289 1679 316 ut
1697 282 1903 327 Psalnxusq)
1924 281 2052 327 inquit.
2107 282 2156 315 Ita

1146 333 1353 371 Alexander
1386 336 1513 370 volitat
1550 348 1614 380 per
1649 341 1764 367 totum
1799 334 1945 373 orbem,
1983 340 2158 379 tauquam

1148 390 1273 430 sagitta
1301 390 1419 422 valide.
1446 394 1631 423 contorta;
1668 387 1753 419 item
1781 384 1890 418 Iulius
1910 385 2059 425 Caesar,
2094 392 2158 420 etc.

1148 439 1316 482 Latonia]
1346 452 1437 485 quae
1455 439 1568 471 edidit
1586 436 1776 472 Phoebum
1796 444 1830 470 et
1847 437 2018 470 Dianam.

1252 489 1311 524 Vs.
1330 491 1364 525 7.
1395 492 1684 537 Hippodameque]
1712 489 1870 534 INuptiae
1893 488 2159 534 Hippodamiae,

1149 543 1296 588 quando
1324 543 1492 588 Myrtilus
1518 543 1602 576 secit
1626 554 1708 575 axes
1733 553 1880 574 caereus
1910 547 1997 581 etc.,
2043 540 2160 573 xidete

1389 594 1450 628 Est
1484 594 1688 639 exemplum
1719 593 1844 638 perfidi
1874 591 2053 633 hominis,
2100 592 2162 638 qui

1148 659 1252 681 sunm
1279 646 1468 679 dominum
1495 647 1648 690 decepit.
1765 645 1901 690 Pelops]
1938 644 2070 688 Pelops
2094 643 2160 677 fuit

1149 711 1302 742 magnus
1320 698 1488 742 princeps
1502 698 1689 732 Graeciae.
1744 697 1799 730 Ab
1820 697 1880 729 illo
1900 709 2035 730 nomen
2054 694 2161 728 habet

1149 751 1207 783 illa
1232 762 1315 795 pars
1334 750 1619 794 Peloponnesus.
1675 748 1737 782 Illa
1758 749 1901 789 omnia,
1928 749 2059 795 inquit,
2088 748 2160 780 iam

1149 809 1232 837 sunt
1270 802 1386 843 dicta,
1431 814 1674 847 unaquaeque
1712 807 1810 834 aetas
1847 798 1957 834 habet
1991 813 2071 834 suas
2107 797 2161 833 hi-

1149 854 1291 889 storias.

1252 906 1312 941 Vs.
1332 906 1368 941 9.
1401 907 1532 940 Tollere
1549 907 1664 951 Immo]
1694 905 1729 937 id
1759 911 1830 945 est,
1867 916 1959 950 quae
1986 916 2050 947 ego
2081 916 2161 948 pos-

1149 972 1226 994 sum
1246 958 1494 992 inclarescere.

1253 1010 1314 1045 Vs.
1344 1012 1402 1044 10.
1448 1012 1591 1044 Primus
1626 1006 1700 1056 eye]
1747 1008 1841 1042 Satis
1876 1014 2091 1051 arroganter
2125 1019 2161 1040 se

1149 1062 1355 1107 praedicat,
1393 1069 1427 1095 et
1450 1061 1612 1095 fortassis
1637 1063 1703 1094 tuit
1729 1060 1868 1104 primus
1896 1067 2000 1104 poeta
2033 1059 2069 1091 in
2097 1071 2158 1092 sua

1149 1114 1279 1159 patria.
1349 1114 1445 1147 Dicit
1482 1121 1600 1147 autem
1639 1126 1674 1146 se
1711 1113 1942 1145 conditurum
1980 1111 2164 1149 sacellum,

1150 1167 1234 1213 quia
1261 1167 1346 1199 olim
1374 1179 1486 1211 parva
1514 1175 1547 1198 et
1575 1171 1725 1208 angusta
1752 1164 1880 1198 sacella
1907 1164 2162 1201 condiderunt,

1150 1219 1239 1253 sicut
1261 1218 1367 1251 etiam
1388 1218 1445 1250 ille
1462 1231 1540 1250 nius
1560 1217 1752 1250 ditioribus
1769 1216 1835 1248 fuit
1857 1216 1964 1260 paulo
1991 1222 2072 1248 ante
2098 1227 2163 1247 no-

1150 1278 1259 1305 stram
1281 1277 1459 1309 aetatem,
1489 1276 1552 1302 etc.

1252 1322 1313 1356 VS.
1333 1323 1390 1357 11.
1430 1321 1621 1365 Deducum]
1659 1319 1691 1351 Id
1719 1326 1788 1359 est,
1823 1332 1887 1362 ego
1914 1331 1991 1352 sum
2023 1319 2162 1363 primus

1151 1382 1269 1415 vates,
1306 1381 1345 1406 ut
1370 1374 1398 1408 si
1424 1374 1530 1406 xelim
1555 1373 1673 1405 dicere
1699 1369 1935 1415 Rodolplium
1954 1370 2162 1415 Agricolam

1151 1439 1224 1460 esse
1243 1426 1401 1470 primuni
1425 1432 1543 1458 vatem
1565 1426 1601 1457 in
1623 1423 1835 1458 Germania.

1254 1477 1315 1512 Vs.
1336 1479 1393 1513 12.
1425 1478 1623 1522 Idumaeas]
1653 1476 1736 1521 quia
1765 1475 1802 1507 in
1829 1474 1998 1508 Idumaea
2028 1474 2162 1507 multae

1150 1530 1294 1575 palmae
1314 1530 1547 1574 proveniunt.
1601 1528 1767 1562 I’almula
1797 1528 1932 1560 tructus
1952 1533 2024 1567 est,
2054 1538 2163 1572 quem

1151 1583 1333 1628 dactylum
1355 1588 1505 1619 voeant3
1539 1581 1657 1625 palma
1681 1580 1802 1613 arbor.

1254 1634 1315 1668 Vs.
1338 1634 1396 1668 17.
1440 1636 1553 1668 Victor
1569 1634 1641 1678 eye]
1669 1632 1809 1664 Scilicet
1838 1631 1876 1664 in
1907 1629 2164 1663 certaminibus

1151 1686 1314 1730 poeticis.
1377 1686 1506 1718 Graeci
1541 1686 1827 1727 maguisecerunt
1859 1684 1924 1716 ista
1951 1681 2163 1719 certamina,

1151 1738 1241 1771 sicut
1259 1737 1421 1772 scribunt
1438 1738 1480 1769 de
1501 1736 1726 1775 Menandro,
1756 1736 1817 1779 qui
1843 1741 2034 1778 superatus
2058 1746 2075 1766 a
2094 1733 2163 1777 Py-

1152 1841 1369 1875 iudiciorum
1393 1847 1558 1874 mortuus
1580 1847 1640 1873 est.
1704 1838 1791 1871 ltem
1812 1836 2008 1882 Sophocles
2026 1836 2161 1869 laetitia

1153 1894 1329 1927 extinctus
1356 1900 1425 1932 est,
1468 1906 1546 1926 cum
1574 1905 1686 1925 unum
1712 1890 1925 1933 suffragium
1956 1889 2163 1922 ainlix‘isset.

1156 1947 1270 1990 ostro]
1308 1946 1342 1978 id
1368 1952 1439 1984 est,
1475 1957 1657 1990 purpura,
1694 1943 1777 1988 quia
1806 1954 1847 1975 ex
1872 1954 1976 1975 succo
2005 1953 2164 1986 quarun-

1124 2009 1127 2033 ζ
1154 2000 1236 2030 dam
1258 1995 1478 2030 ‹bachal-un·
1500 1998 1535 2029 su
1558 1997 1615 2029 ille
1637 1996 1736 2028 color
1758 2006 1952 2039 purpurae.

1257 2049 1317 2083 Vs.
1342 2050 1399 2083 18.
1434 2050 1588 2093 Centum]
1623 2047 1830 2082 Similitudo
1851 2046 2023 2080 translata
2042 2056 2059 2076 a
2079 2055 2163 2088 poe-

1154 2102 1224 2135 tico
1245 2102 1442 2134 certamine
1461 2103 1504 2133 ad
1525 2101 1679 2133 currule.

1258 2154 1317 2188 Vs.
1346 2153 1403 2187 19.
1451 2149 1634 2199 Alpheum]
1677 2150 1884 2185 Certamina
1916 2149 1976 2182 illa
2013 2149 2163 2182 Graeca.

1154 2205 1323 2250 intelligit
1348 2212 1467 2239 autem
1495 2204 1551 2238 hic
1577 2204 1809 2250 Olympicum
1836 2208 2040 2239 certamen3
2076 2211 2161 2232 narn

1155 2259 1304 2293 Graecia
1325 2256 1452 2291 habuit
1472 2263 1628 2303 quatuor
1646 2256 1864 2294 certamina,
1902 2253 1992 2288 sicut
2016 2259 2051 2286 et
2074 2264 2161 2297 qua-

1155 2318 1238 2344 tuor
1266 2311 1343 2344 loea
1371 2312 1536 2348 suerunt,
1581 2310 1617 2341 in
1645 2308 1774 2354 quibus
1800 2306 2094 2343 celebrabantur,
2130 2309 2163 2334 et

1156 2363 1304 2407 singulis
1337 2362 1440 2396 annis
1473 2362 1757 2400 conveniebant,
1798 2370 1894 2392 nuuc
1918 2356 2031 2396 Pisis,
2066 2366 2161 2386 nunc

1157 2413 1355 2454 Corintho,
1392 2420 1476 2454 etc.,
1511 2414 1602 2447 sicut
1631 2411 1829 2447 Germania
1853 2409 2007 2443 instituit
2031 2405 2161 2439 nundi-

1156 2480 1241 2507 nas,
1266 2473 1305 2499 ut
1323 2466 1392 2500 siut
1412 2465 1642 2500 commercia.
1696 2464 1742 2497 lit
1757 2462 1846 2497 haec
1865 2458 2066 2505 spectacula
2085 2469 2161 2490 non

1158 2525 1261 2552 erant
1280 2518 1440 2552 instituta
1458 2518 1627 2551 ludorum
1659 2523 1693 2550 et
1716 2514 1910 2559 voluptatis
1937 2522 2066 2549 causa,
2103 2510 2164 2542 sed

1158 2571 1204 2603 ibi
1225 2571 1450 2602 renovabant
1467 2583 1527 2603 sua
1546 2570 1705 2602 foedera.
1763 2567 1847 2599 ltem
1868 2561 2164 2597 convehebantur

1157 2635 1212 2656 res
1233 2623 1533 2659 comunitandae,
1573 2627 1692 2664 postea
1718 2619 1786 2651 illis
1813 2615 1965 2659 negotiis
1996 2612 2164 2646 consectis

1193 2740 1222 2773 4)
1242 2739 1345 2764 Psalzn,
1368 2740 1426 2768 127,
1446 2742 1472 2764 4.
