2421 3005
95 128 168 165 109

195 213 312 248 Iustus
345 224 421 246 non
454 210 657 245 admiratur
693 221 767 243 sese
800 207 989 241 blandiens
1024 206 1132 256 sibu}

92 267 190 302 Idem
219 267 324 299 docet
344 262 476 298 Christi
499 262 673 308 parabola
702 261 745 293 de
764 261 897 294 festuca
931 259 968 292 in
985 258 1102 291 alieno
1130 260 1132 262 ’

350 316 486 350 Omnes
529 326 652 348 sumus
696 312 934 345 admiratores
976 310 1105 349 nostri,

467 363 699 413 Horatiusffl)
725 364 829 398 dicit:
877 363 1105 397 Caecutimus

95 319 199 354 oculo
216 317 276 364 ⁵³).

95 376 258 406 amantes
287 369 414 402 nostri.

93 424 133 457 in
155 421 289 456 nostris
319 420 435 459 vitiis,
463 419 501 452 in
517 418 644 452 alienis
660 418 825 450 videmus
843 422 999 449 acutum.
1044 414 1106 450 :Qu
1132 442 1134 447 ,

95 473 168 520 bost
203 474 296 509 einen
333 473 457 518 gtofien
491 471 628 506 marten
669 480 707 515 511
742 468 935 513 refotmiten
979 478 1022 502 ατι
1056 467 1106 502 bit·

95 526 261 610 {dhet-vs·
276 575 363 610 439.
417 574 573 614 Stultus,
600 573 662 620 qui
677 571 785 606 habet
804 584 922 605 meam
948 576 1105 612 mentem

96 631 135 664 in
159 627 442 672 observatione]
497 626 631 660 Omnia
660 637 737 658 mea
761 624 904 668 negotia
928 623 1107 661 observat,
1134 623 1135 627 ’

98 687 133 716 et
156 693 218 716 sua
243 691 318 712 non
343 684 455 712 curat.

202 729 405 765 Monachus
422 728 601 774 Spirensis
617 728 654 761 in
673 733 853 761 conventu
875 727 920 761 R.
937 723 1029 758 nihil
1047 737 1109 757 vo-

97 786 195 819 lebat
216 783 335 817 dicere
362 783 405 815 de
428 793 534 815 causa
553 777 761 814 Lutherana
775 807 783 821 ‚
813 791 905 825 quae
924 784 1008 811 tunc
1033 782 1110 810 erat

96 835 312 882 plausibilis.

98 888 176 923 istis
199 885 374 932 negotiis,
407 885 528 925 iussit,
563 891 604 919 ut
626 883 792 929 proxima
819 883 877 917 die
901 883 945 915 ad
972 880 1111 914 contio-

98 952 184 974 nem
210 938 466 977 convenirent‚
512 943 546 971 et
569 937 683 970 factus
713 941 765 970 est
785 947 993 969 concursus.
1048 931 1110 965 Ille

99 991 191 1026 dixit
211 1002 314 1025 suam
339 989 568 1030 contionem,
596 989 632 1022 in
657 989 729 1022 fine
746 995 867 1022 autem
886 985 1047 1026 addidit,
1075 996 1111 1019 se

98 1044 173 1078 fere
209 1042 361 1076 oblitum
391 1041 500 1076 fuisse
533 1040 722 1086 promissi;

98 1094 349 1141 unusquisque
372 1100 457 1127 ante
480 1105 562 1128 suas
586 1093 682 1127 fores
706 1098 887 1131 verreret,
932 1096 1008 1123 tota
1036 1089 1113 1133 pla-

99 1154 158 1181 tea
183 1148 285 1180 fieret
302 1147 451 1180 munda.

98 1199 185 1235 fetet
212 1205 277 1232 etc.

100 1250 278 1290 officium,
325 1249 534 1294 episcopos,
583 1247 780 1292 principes;

98 1308 275 1346 utrosque
299 1307 434 1334 taxare.

203 1361 282 1395 Vss.
298 1360 370 1395 441
390 1373 442 1406 sq.

834 1246 948 1280 voluit
991 1245 1113 1290 itaque

98 1462 282 1513 nifestus.]
334 1463 374 1498 Id
400 1470 471 1504 est,
497 1463 587 1497 boni
611 1470 741 1498 sanant
766 1463 862 1496 mala
888 1474 950 1496 sua
968 1461 1114 1499 virtute,

100 1516 241 1552 etiamsi
259 1523 310 1551 est
327 1516 465 1562 aliquid
484 1515 737 1550 offensionum.
782 1513 852 1561 Μὴ
872 1511 991 1549 κακὸν
1009 1514 1115 1559 κακῷ

99 1569 166 1611 ἲιῢ,
201 1569 255 1604 Ne
291 1568 429 1602 malum
462 1568 560 1601 malo
592 1566 793 1601 mediceris.
858 1566 972 1610 Saepe
997 1570 1113 1597 errata

101 1620 317 1665 corrigimus
336 1619 537 1654 maioribus
556 1622 695 1654 erratis.
732 1618 957 1652 Mementote
978 1617 1113 1650 dictum

100 1670 314 1718 physicum,
351 1672 531 1705 medicum
564 1679 598 1705 et
629 1669 785 1705 ethicum
813 1669 974 1704 Cornelii
1003 1668 1114 1702 Celsi:

101 1775 152 1810 Ut
177 1775 215 1808 in
243 1775 355 1809 initiis
379 1775 535 1808 febrium
570 1775 706 1808 ieiunet
733 1781 900 1818 aegrotus
922 1774 1018 1806 intra
1045 1772 1115 1805 diei

101 1827 272 1873 spatium.
325 1826 383 1860 Sic
407 1826 443 1859 in
469 1827 653 1872 republica
679 1826 783 1859 multi
806 1826 923 1858 morbi
943 1831 1116 1858 curantur

102 1879 223 1926 quiete
251 1884 287 1912 et
305 1878 542 1919 abstinentia,
577 1885 618 1912 ut
641 1884 764 1911 noster
793 1877 994 1922 imperator
1021 1877 1114 1909 fecit.

102 1930 258 1965 Ovidius
275 1930 342 1975 ⁵³):

243 1989 348 2014 Differ:
367 1990 468 2014 habent
487 1995 592 2020 parvae
611 1988 754 2014 commoda
773 1992 874 2019 magna
893 1992 996 2011 morae.

206 2035 371 2070 nebeteite
399 2033 464 2080 bid)
492 2035 591 2076 nicht,
620 2045 694 2066 non
714 2033 804 2067 sicut
830 2031 940 2077 aliqui
968 2029 1116 2069 faciunt,

102 2084 221 2132 „uben
248 2088 315 2123 nub
347 2087 466 2122 mosten
493 2086 620 2132 {tiegen
649 2092 714 2118 etc.
769 2083 883 2117 Multa
909 2083 1004 2115 mala
1039 2094 1115 2114 cor-

101 2138 228 2183 rigunt
252 2138 452 2172 maioribus
478 2138 582 2172 malis
616 2144 649 2171 et
684 2136 828 2170 erratis:
875 2134 1002 2182 ἄφρον
1025 2131 1116 2179 πρὸς

103 2187 323 2235 κρείσσονας
340 2188 624 2236 ἀντιφέρεσθαι.
652 2188 807 2222 Stultum
829 2194 880 2221 est
892 2200 971 2220 cum
989 2193 1116 2231 poten-

104 2241 258 2275 tioribus
278 2241 432 2285 litigare.

207 2292 269 2327 Vs.
300 2291 388 2328 443.

105 2397 280 2431 adversae
306 2410 362 2431 res
387 2397 556 2430 accidunt
579 2396 729 2430 consilio
766 2396 913 2436 divino,
950 2394 1113 2429 Deorum

106 2501 255 2536 adversa
282 2502 430 2535 fortuna
459 2507 555 2535 recte
583 2501 709 2535 utitur.

140 2656 189 2684 53)
209 2656 308 2681 Mami.
327 2655 353 2687 ⁷,
371 2655 465 2681 3-5.
492 2655 558 2679 Luc.
577 2655 608 2685 6,
629 2655 659 2678 41
679 2661 719 2685 sq.

139 2708 188 2737 54)
209 2709 307 2732 Horat.
329 2710 416 2732 Serui.
436 2709 465 2739 l,
484 2708 517 2736 3,
536 2708 578 2732 25.
597 2707 641 2731 26.

139 2760 188 2789 55)
209 2760 288 2785 ovid.
308 2760 386 2786 Fast.
406 2761 455 2787 111,
476 2761 535 2785 394.

468 121 657 158 LXXVIII.
720 118 1013 156 EXPLICATIO
1051 117 1442 154 SENTENTIARUM
1477 114 1788 152 THEOGMDIS.

365 833 530 867 Tandem
556 832 670 867 sciens
697 831 834 877 aliquid
857 829 1038 876 expectari
1066 829 1109 861 de
1136 832 1137 835 ’

771 1040 863 1074 dixit
896 1038 1022 1083 igitur:
1075 1036 1111 1070 Si
1138 1040 1139 1043 ’

505 1146 614 1182 {Remi
633 1145 684 1180 ein
712 1144 798 1189 jebet
817 1143 872 1187 γἰῖτ
891 1142 994 1187 (einer
1016 1140 1113 1185 Zbfit
1140 1183 1141 1188 ¹

339 1196 380 1230 Id
409 1204 480 1238 est,
521 1198 659 1230 bonum
691 1203 781 1230 esset
811 1194 972 1239 singulos
996 1194 1113 1226 facere
1140 1228 1141 1241 ¹

486 2242 595 2275 Aliud
619 2247 669 2275 est
698 2240 798 2286 loqui
816 2241 859 2273 de
879 2238 1114 2272 consessione.
1142 2240 1143 2245 ’

449 2292 568 2327 Malus
592 2305 668 2326 non
693 2293 759 2326 scit
784 2303 931 2325 manere
957 2290 1115 2324 retinen-
1142 2309 1143 2314 =

103 2346 151 2379 do
175 2345 338 2379 animum
367 2346 403 2378 in
429 2345 532 2378 malis
557 2351 591 2378 et
615 2345 653 2378 in
677 2342 814 2392 bonis.]
870 2343 1056 2377 Secundae
1083 2348 1116 2375 et
1142 2351 1143 2357 ¹

2095 115 2168 150 110

1260 205 1321 240 Vs.
1348 205 1434 240 444.
1489 202 1630 252 Dona]
1667 203 1705 236 Id
1732 209 1801 243 est,
1827 215 1920 236 unus
1946 209 1997 236 est
2021 215 2171 247 pauper,

1159 258 1250 291 alter
1275 258 1374 292 dives
1391 264 1455 292 etc.
1511 256 1603 293 ffltan
1631 260 1709 292 mu&
1735 266 1912 297 annemen,
1941 256 2002 290 mie
2032 259 2067 290 eg
2084 254 2172 291 &ott

1158 311 1339 396 ῖῴιᾶεξὲεε.
1357 361 1433 396 447
1451 374 1529 407 sqq.
1559 358 1683 394 XXIX.
1731 359 1785 393 De
1811 371 1874 393 sua
1901 357 2122 392 innocentia.

1264 414 1342 448 Vss.
1365 412 1441 448 447
1461 411 1613 447 -450,
1665 412 1703 445 Si
1733 411 1820 445 velis
1852 423 1908 444 me
1940 411 2173 456 impollutum

1160 465 1302 506 lavare,
1331 478 1350 499 o
1381 465 1541 505 curiose,
1571 477 1589 497 a
1616 470 1758 498 summo
1777 463 1892 508 capite
1909 463 1996 497 fluet
2020 461 2173 495 candida

1133 527 1135 560 j
1162 529 1254 563 aqua
1269 545 1277 558 ,
1306 517 1466 551 invenies
1493 529 1549 550 me
1572 516 1609 549 in
1629 516 1797 550 omnibus
1815 515 1969 559 negotiis
1983 515 2073 549 sicut
2090 525 2175 558 pur-

1162 569 1385 614 gatissimum
1414 576 1447 602 et
1470 568 1647 613 optimum
1668 565 1832 615 aurum]
1889 567 2075 613 Ohryzum
2100 577 2175 598 non

1164 627 1215 655 est
1254 622 1433 656 Graecum
1471 633 1626 660 nomen,
1664 622 1725 654 sed
1758 621 1802 653 ab
1831 617 1968 664 Ophir,
2003 631 2044 652 ex
2077 619 2175 655 loc0;

1163 685 1248 706 nam
1276 674 1454 718 optimum
1483 684 1612 705 aurum
1640 673 1675 705 in
1700 671 1800 705 India
1820 671 2001 711 nascitur,
2029 671 2065 702 in
2090 669 2176 703 locis

1162 725 1246 759 solis
1289 724 1486 759 orientalis.
1553 724 1760 771 ’Ἀπεφθον
1799 730 1952 757 vocatur
1990 723 2178 768 obryzum,

1164 777 1362 824 ἄπεφθον,
1406 776 1442 809 id
1476 783 1545 816 est,
1586 782 1804 820 purgatum,
1849 782 2002 809 coctum.
2068 773 2178 808 Aliud

1164 842 1315 870 aurum,
1344 829 1442 875 quod
1470 840 1545 861 non
1568 834 1620 861 est
1656 834 1841 872 expertum
1868 829 2008 872 ignem,
2049 826 2179 859 dicitur

1164 880 1325 929 ἄπυρον.
1372 880 1597 928 ’Ἀπεφθον,
1621 879 1656 912 id
1684 886 1754 920 est,
1784 881 1881 925 quod
1906 892 1982 912 non
1999 884 2052 912 est
2073 889 2178 922 saepe

1165 940 1351 978 expertum
1380 934 1524 977 ignem,
1564 945 1587 967 α
1615 929 1675 966 liic
1703 944 1778 965 non
1803 937 1855 965 est
1880 931 2081 976 privativa,
2117 930 2178 962 sed

1165 992 1291 1031 auget,
1326 991 1366 1019 ut
1389 983 1551 1032 ἅὸελφος
1586 985 1630 1017 ab
1658 982 1737 1030 ἅμα
1772 981 1835 1018 καὶ
1863 981 2019 1031 ὃέλφος,
2056 981 2092 1014 id
2116 987 2180 1021 est,

1165 1044 1288 1071 uterus
1301 1064 1309 1078 ,
1337 1037 1399 1083 qui
1417 1037 1454 1069 in
1472 1038 1597 1070 eodem
1616 1042 1720 1070 utero
1739 1036 1877 1069 vivunt.
1931 1035 1995 1070 Est
2015 1040 2135 1068 autem
2160 1044 2179 1066 a

1167 1088 1312 1130 πίπτω,
1342 1101 1482 1134 coquo,
1511 1089 1594 1121 inde
1615 1087 1808 1134 ἄπεφθον,
1838 1088 1872 1120 id
1894 1095 1963 1128 est,
1993 1087 2091 1133 quod
2107 1085 2180 1119 Pli-

1166 1140 1305 1186 nius56)
1332 1141 1415 1173 dicit
1443 1140 1629 1173 nominari
1655 1141 1843 1185 obryzum.

1272 1200 1350 1235 Vss.
1371 1198 1447 1235 450
1472 1214 1524 1246 sq.

1168 1253 1288 1298 lapide
1310 1252 1448 1298 Lydio,
1479 1264 1549 1298 quo
1576 1253 1752 1297 probatur
1778 1264 1928 1291 aurum,
1958 1252 2057 1284 cuius
2086 1250 2182 1283 colo-

1578 1200 1745 1233 Rubrum
1775 1201 1965 1244 adspectu,
1993 1198 2118 1231 tritum
2144 1198 2181 1230 in

1139 1304 1143 1330 ἶ
1169 1317 1244 1338 rem
1274 1306 1427 1349 desuper
1445 1316 1521 1337 non
1547 1304 1691 1348 attingit
1718 1304 1822 1348 nigra
1850 1315 1984 1347 aerugo
2011 1302 2065 1335 vel
2083 1303 2182 1335 rubi-

499 1359 616 1394 Nemo
639 1366 689 1394 est
712 1358 862 1392 omnino
882 1359 1025 1395 beatus;
1053 1357 1114 1390 sed
1140 1387 1141 1390 ,

97 1414 216 1448 bonus
238 1419 358 1458 potest
380 1419 501 1457 tegere
526 1424 589 1446 sua
609 1412 724 1451 mala,
754 1417 787 1444 et
803 1422 879 1444 non
902 1410 950 1443 ita
970 1415 1022 1442 est
1039 1420 1115 1441 ma-
1140 1451 1142 1455 ἢ

1169 1354 1246 1403 g0.]
1301 1356 1453 1390 Ferrum
1478 1356 1644 1400 rubigine
1682 1355 1926 1394 consumitur,
1963 1367 2020 1388 aes
2055 1367 2182 1388 consu-

1169 1409 1280 1442 mitur
1307 1408 1498 1452 aerugine,
1535 1421 1662 1442 aurum
1702 1420 1776 1441 nou
1810 1407 2045 1441 consumitur.
2117 1407 2182 1443 2330

1168 1461 1299 1505 {omptss
1325 1460 1398 1505 bod)
1428 1460 1503 1505 bin„
1535 1466 1632 1493 tanta
1658 1460 1760 1505 copia
1788 1460 1866 1493 auri
1885 1465 1935 1493 est
1954 1459 2079 1492 effossa
2099 1459 2182 1491 inde

1169 1526 1283 1559 usque
1301 1525 1318 1545 a
1337 1513 1474 1546 diluvio
1494 1512 1598 1546 annis
1617 1519 1745 1558 quater
1763 1512 1870 1546 mille.
1922 1510 1985 1545 Est
2004 1511 2183 1551 mirabile,

1170 1566 1355 1612 quomodo
1377 1571 1512 1609 pereat,
1542 1569 1578 1600 eg
1596 1563 1634 1606 ist
1650 1563 1679 1609 je
1698 1565 1806 1610 lenget
1826 1563 1854 1608 je
1874 1564 2027 1609 meniger,
2057 1575 2183 1608 quam-

1142 1650 1143 1654 ,
1171 1631 1278 1664 quam
1299 1624 1383 1651 sunt
1399 1617 1501 1650 multi
1526 1630 1628 1657 usus,
1656 1617 1751 1650 utin
1775 1616 1923 1661 picturis
1950 1623 1983 1649 et
2014 1615 2183 1655 vestibus,

1142 1662 1143 1711 J
1170 1676 1291 1703 tamen
1310 1669 1385 1714 ipsa
1405 1681 1519 1702 massa
1537 1669 1616 1702 auri
1633 1670 1817 1714 quomodo
1833 1667 1951 1713 perit?
2005 1667 2184 1700 Fortassis

100 1723 210 1758 Multi
229 1723 351 1768 magni
370 1723 490 1756 morbi
507 1730 679 1757 curantur
699 1722 914 1757 abstinentia
932 1728 965 1755 et
984 1721 1115 1767 quiete.
1142 1719 1143 1723 ¹

1171 1722 1277 1755 etiam
1311 1728 1486 1754 vetustate
1522 1721 1769 1760 consumitur,
1807 1722 1867 1754 sed
1904 1732 1977 1752 non
2012 1720 2183 1763 aerugine

1170 1786 1235 1807 nec
1261 1773 1352 1817 igni:
1383 1773 1463 1806 ideo
1497 1785 1625 1806 aurum
1654 1779 1705 1806 est
1736 1772 2084 1817 praestantissimum
2111 1783 2185 1804 me-

1169 1826 1309 1860 tallum.
1362 1826 1502 1859 Aurum
1530 1824 1661 1858 dicitur
1686 1825 1891 1857 confortare
1919 1836 1998 1861 cor;
2027 1824 2087 1856 sed
2117 1834 2183 1856 nos

1170 1878 1291 1911 miseri
1317 1875 1519 1911 scholastici
1546 1879 1695 1912 merbenss
1724 1876 1809 1920 nicht
1838 1877 1946 1911 innon.

1273 1937 1333 1971 Vs.
1356 1935 1443 1973 452.
1505 1938 1630 1983 ‘Neque
1664 1935 1797 1984 caries]
1831 1949 1905 1969 non
1937 1935 2184 1980 corrumpitur

1171 1989 1265 2023 carie
1280 2016 1288 2027 ,
1314 1991 1372 2023 sed
1396 2002 1538 2034 semper
1557 1987 1665 2022 hahet
1685 1990 1809 2022 florem
1830 1989 2019 2022 mundum.

1273 2040 1335 2074 Vs.
1355 2040 1441 2075 453.
1497 2041 1617 2073 Homo
1644 2041 1671 2074 si
1704 2054 1794 2074 esses
1819 2047 1890 2073 tam
1911 2036 2085 2086 sapiens]
2129 2038 2182 2082 &n

1170 2093 1202 2136 so
1232 2092 1349 2135 metstu
1385 2094 1436 2128 ein
1462 2092 1634 2137 trefflicher
1667 2093 1770 2129 mian.
1840 2090 2090 2137 Reprehensio
2124 2103 2182 2137 φι-

1171 2144 1336 2184 λαυτίας.
1393 2145 1528 2178 Omnes
1547 2145 1650 2178 uobis
1670 2146 1870 2189 placemus,
1901 2144 2068 2177 omnibus
2088 2143 2181 2175 idem

1171 2210 1273 2231 error
1303 2204 1371 2237 est,
1409 2210 1473 2230 ncc
1501 2197 1663 2230 videmus
1690 2197 1866 2229 manticae
1893 2197 1990 2242 quod
2018 2196 2055 2228 in
2080 2202 2181 2238 'tergo

1171 2257 1233 2284 cst.
1262 2248 1369 2282 Item:
1399 2249 1516 2283 Nemo
1537 2256 1599 2287 cst,
1620 2249 1680 2294 qui
1702 2262 1775 2282 non
1793 2249 1960 2282 Suffenus
1974 2247 2098 2294 sitffia)
2115 2252 2180 2280 etc.

1272 2310 1350 2344 YSS.
1370 2307 1445 2344 453
1464 2333 1510 2338 —
1530 2308 1616 2344 455.
1671 2309 1707 2343 Si
1735 2322 1826 2343 esses
1861 2316 1932 2342 tam
1962 2321 2091 2347 sanus,
2127 2320 2182 2341 sa-

1171 2362 1296 2406 piens,
1324 2362 1414 2395 sicut
1445 2374 1480 2394 es
1511 2362 1660 2402 stultus,
1697 2362 1870 2395 videreris
1900 2357 2182 2406 suspiciendus]

298 2449 305 2456 ,
1142 2430 1143 2451 ³
1170 2414 1367 2448 Simonidis
1392 2414 1544 2447 dictum:
1581 2412 1687 2454 Νίοις
1714 2411 1897 2460 ζηλωτέον
1931 2410 2019 2451 τούς
2053 2409 2182 2458 γέρον-

104 2449 199 2482 dona
227 2461 349 2487 νει-ηις
384 2450 445 2483 sed
477 2449 605 2484 stultus
631 2461 748 2495 neque
777 2448 953 2488 secunda,
997 2458 1115 2492 neque
1142 2458 1144 2491 J
1169 2480 1259 2510 τας,
1288 2467 1333 2502 δίε
1363 2466 1503 2511 Sungen
1530 2466 1630 2511 soum
1660 2466 1716 2512 sid)
1746 2465 1863 2511 ricbten
1893 2464 1969 2509 aad)
1993 2466 2052 2499 ben
2069 2463 2182 2505 παρη]

1171 2519 1301 2552 debent
1317 2519 1448 2552 intueri
1468 2519 1646 2552 maiorum
1670 2518 1800 2558 studia,
1831 2517 1982 2556 iudicia,
2008 2516 2182 2559 exempla,

1204 2672 1252 2699 56)
1274 2671 1343 2695 Pliu.
1364 2671 1425 2695 Nat.
1447 2670 1519 2695 nist.
1544 2671 1561 2696 l.
1577 2669 1706 2694 XXXIII.
1728 2676 1748 2692 c.
1769 2668 1807 2692 19.
1830 2668 1992 2692 Ed.Frauz.
2015 2666 2042 2698 (c
2064 2666 2182 2691 amitt.

1240 2705 1450 2736 antiquiorum).

1205 2758 1274 2787 56³)
1297 2758 1374 2782 Cous.
1397 2765 1419 2788 p.
1439 2758 1494 2781 105.
1515 2760 1581 2781 nota
1595 2758 1636 2780 50.
