2341 2973
218 117 292 151 387

320 201 379 233 Vs.
408 196 490 231 195.
543 199 607 231 St'n
645 194 819 242 armenia]
859 195 956 228 Sicut
989 191 1139 237 Pbrysia
1173 197 1207 224 et

219 250 406 284 Ilollandia
427 247 557 281 babent
578 248 686 280 multa
713 258 863 290 pascua,
899 251 932 277 et
956 256 1029 277 non
1055 243 1205 276 multum

219 313 398 343 agrorum.
430 296 791 341 ExtraTburingiam
810 295 915 329 habet
935 295 1086 328 multum
1107 305 1208 337 agro—

218 365 295 385 rum
316 358 349 383 et
368 363 476 394 pauca
498 355 612 393 prata.

321 401 380 435 Vs.
400 401 483 435 196.
525 403 664 434 Cremes
689 396 797 443 culta]
826 394 978 429 Pulchra
999 393 1206 437 descriptio:

219 453 373 497 capellae
396 453 543 485 laedunt
569 451 714 483 arbores
739 460 812 480 non
838 453 978 479 tantum
1004 445 1208 483 lacerando,

219 506 278 538 sed
299 504 449 536 urendo.
495 503 587 536 Nam
606 502 751 532 arbores
768 504 867 531 ustae
886 495 999 529 halitu
1019 506 1206 539 caprarum

219 555 424 588 moriuntur
443 560 475 586 et
494 558 661 595 pereunt,
687 550 770 595 quia
789 560 915 592 caprae
933 552 1102 591 perpetua
1120 545 1209 578 febri

220 607 395 639 laborant.
463 602 545 635 Ideo
577 602 681 634 etiam
710 601 855 633 aluntur
878 600 913 630 in
942 598 1027 630 locis
1051 595 1209 629 dumosis

220 664 253 689 et
271 654 544 699 campestribus,
574 653 633 685 ubi
652 664 725 684 non
745 657 826 684 sunt
854 650 967 682 cultae
999 648 1144 680 arbores
1172 653 1211 679 ut

222 709 259 740 in
283 706 420 740 Hassia.

322 757 381 790 Vs.
402 755 484 789 197.
517 751 674 800 Tarenti]
705 753 741 785 id
759 758 827 791 est,
864 750 901 783 iu
926 749 993 782 illis
1018 748 1103 781 locis
1129 754 1211 781 sunt

220 810 312 842 bona
337 819 477 851 pascua.
583 801 725 849 Satan-z]
755 803 789 834 id
811 809 879 840 est,
906 799 1058 843 pinguis.

325 858 385 892 Vs.
414 857 496 890 198.
531 856 662 899 Infelix
693 852 862 900 filantem]
897 852 1051 895 Propter
1078 849 1210 882 bellum

222 910 343 949 cix-ile,
370 909 453 953 quia
469 907 648 950 Augustus
667 905 847 938 distribuit
873 915 975 946 agros
995 902 1212 934 Mantuanos

222 961 293 995 suis
310 959 500 997 militibus,
528 964 567 990 ut
584 957 620 989 in
637 957 749 1000 prima
768 955 898 998 Ecloga
919 954 1038 985 videre
1056 953 1147 984 licet.

326 1010 384 1044 Vs.
413 1010 495 1043 199.
541 1005 688 1053 nynos]
719 1006 834 1038 Habet
860 1005 991 1038 multos
1016 1015 1147 1048 cygnos
1175 1001 1213 1033 in

223 1062 363 1107 Myntio
385 1060 544 1093 flumine.

325 1111 384 1145 Vs.
401 1112 486 1146 203.
513 1106 642 1155 λ’ῐφτι]
661 1108 809 1152 Nigrum
829 1108 942 1141 solum
963 1112 1013 1139 est
1032 1111 1213 1150 praestan-

224 1164 418 1202 tissimum,
469 1163 564 1207 quod
610 1168 643 1192 et
683 1161 875 1193 secundum
915 1158 1112 1190 Homerum
1151 1162 1213 1189 est.

223 1214 481 1257 'l'bnringicmn
509 1219 559 1245 est
583 1211 743 1254 nigrum,
788 1209 977 1243 Misuicum
1005 1209 1153 1241 rubrum
1181 1213 1214 1240 et

226 1266 533 1311 pulverulentum,
562 1263 650 1296 sicut
667 1262 756 1294 circa
778 1261 949 1305 Lipsiam.
1003 1260 1125 1293 Prima
1149 1260 1212 1292 bo-

223 1319 316 1351 nitas
335 1323 367 1349 et
385 1314 600 1360 praestantia
622 1320 670 1347 est
686 1314 778 1357 nigri
802 1313 885 1352 soli,
922 1313 1074 1346 secunda
1100 1311 1212 1350 rubri,

223 1369 324 1401 tertia
347 1366 489 1400 candidi
508 1366 559 1398 vel
578 1365 712 1409 pallidi.

325 1418 384 1452 Vs-
401 1417 487 1453 204.
524 1415 645 1464 Putre]
682 1417 715 1449 id
754 1423 821 1456 est,
864 1430 937 1448 uon
972 1422 1096 1454 tenax,
1138 1426 1212 1446 non

222 1472 377 1510 lentum,
421 1471 481 1503 sed
509 1470 604 1515 quod
629 1468 730 1501 facile
753 1467 866 1502 scindi
890 1474 923 1500 et
946 1467 1061 1510 frangi
1085 1471 1212 1510 potest.

223 1522 311 1555 Tale
347 1528 399 1555 est
431 1521 522 1553 circa
549 1519 817 1559 XYormatiam,
857 1519 953 1564 quod
982 1523 1213 1561 comparatur

222 1573 508 1617 Longobardico.
563 1569 823 1615 Tburingicnm
843 1577 893 1604 est
910 1569 1086 1609 tenacius,
1116 1569 1212 1613 quod

224 1637 363 1658 necesse
383 1630 433 1658 est
452 1636 556 1667 saepe
573 1622 750 1665 confringi
767 1621 947 1665 cylindris.

326 1675 384 1709 Vs.
400 1675 487 1710 206.
516 1675 692 1717 Plaustra]
721 1672 853 1706 scilicet
872 1672 906 1703 in
924 1682 1046 1703 messe.

324 1727 384 1761 Vs.
401 1726 487 1761 207.
531 1727 678 1759 Deveaeu
694 1720 831 1769 arator]
866 1721 1013 1756 Nox-alis
1033 1727 1083 1753 est
1106 1721 1213 1759 bona,

225 1779 443 1824 neugereudt
463 1804 471 1816 ‚
526 1776 609 1821 quia
659 1775 772 1808 solum
824 1773 929 1806 etiam
973 1778 1070 1805 amat
1112 1784 1211 1805 suam

226 1834 394 1878 quietem.

326 1881 387 1915 γε.
402 1881 489 1916 212.
518 1882 607 1913 Num
634 1880 747 1912 ieiuna
769 1873 920 1922 quidem]
957 1875 1054 1907 Sicut
1080 1880 1131 1908 cst
1155 1874 1215 1906 Yi-

228 1934 458 1976 teubergense
487 1932 621 1969 solum,
667 1930 771 1962 sandt
795 1929 868 1960 und
895 1928 1022 1965 erden,
1070 1927 1214 1970 quando

231 1996 358 2017 arenae
383 1990 431 2016 est
458 1982 653 2015 admixtum
683 1980 875 2024 pauxillum
896 1985 1024 2011 terrae.
1076 1976 1123 2009 Et
1141 1989 1216 2009 are-

230 2047 315 2069 nosa
334 2041 426 2067 terra
445 2034 544 2065 facile
563 2033 704 2078 quidem
725 2031 873 2070 colitur,
902 2031 959 2063 sed
985 2041 1058 2061 non
1077 2035 1128 2061 cst
1144 2029 1216 2060 soe—

232 2087 358 2120 cunda.
464 2082 607 2131 Glurea]
640 2084 739 2116 Circa
760 2082 998 2125 Bambergam
1025 2086 1058 2112 et
1077 2079 1217 2112 Heidel-

230 2140 375 2181 bergam
396 2135 500 2167 etiam
522 2143 568 2169 est
589 2147 776 2168 arenosum
799 2133 927 2171 solum,
956 2132 1015 2165 sed
1034 2137 1153 2163 tamen
1169 2131 1217 2163 ibi

232 2196 282 2223 est
298 2186 435 2222 felicior
457 2186 591 2228 glarea,
625 2199 730 2231 quam
749 2183 805 2218 hic
823 2185 914 2216 circa
930 2182 1196 2225 Vitcnbergam.

334 2238 394 2271 Vs.
419 2237 505 2272 213.
549 2235 687 2283 Casius]
732 2237 860 2269 Glarea
895 2241 942 2267 est
978 2240 1058 2277 apta
1093 2230 1219 2273 bortis,

233 2292 322 2326 sicut
337 2289 537 2332 Bamberga
557 2295 586 2319 et
608 2288 837 2330 l‘leidelberga
857 2284 990 2318 babent
1013 2284 1218 2318 amoenissi-

234 2355 311 2377 mos
332 2339 468 2374 hortos.

335 2392 394 2425 Vs.
413 2389 498 2426 214.
537 2389 684 2432 Toplms]
716 2388 747 2419 id
777 2394 846 2427 est,
881 2386 971 2431 lapis
995 2398 1219 2420 cavernosus.

237 2440 430 2489 Chelydris]
461 2442 494 2473 id
523 2447 593 2479 est,
621 2439 854 2482 serpentibus.

339 2494 398 2528 Vs.
419 2491 504 2528 215.
535 2488 654 2537 Creta]
684 2490 716 2522 id
744 2496 814 2529 est,
851 2489 952 2521 Creta
977 2494 1010 2521 et
1033 2488 1109 2521 loca
1138 2500 1220 2521 con-

236 2549 374 2589 fragosa
394 2557 466 2576 non
484 2550 562 2576 suut
584 2548 685 2586 aptae
713 2541 892 2579 culturae,
928 2540 985 2572 sed
1012 2539 1111 2572 alunt
1132 2539 1221 2571 mul-

239 2605 292 2630 tos
310 2601 501 2639 serpentes.

341 2646 400 2679 Vs.
417 2645 502 2680 217.
530 2644 681 2677 Exhalat
705 2638 877 2687 nebulam]
907 2640 1107 2674 Conclusio.
1159 2640 1221 2673 Illa

241 2705 291 2733 est
313 2697 469 2742 optima.
506 2708 595 2740 quae
619 2700 667 2726 est
691 2691 849 2736 pinguis,
878 2690 1072 2731 balhoosa,
1100 2692 1222 2725 dulcis.

789 108 911 145 PHIL.
943 106 1056 143 MEL.
1090 103 1292 141 SCRIPTA
1324 100 1660 137 PHILOLOGICA.

1234 692 1238 704 ²
1265 699 1417 736 ceptum.

2175 100 2248 134 388

1262 189 1345 223 Non
1362 187 1540 226 dubitate,
1569 186 1656 231 quin
1675 197 1823 229 corpora
1845 186 2059 218 conveniant
2082 197 2160 217 cum
2187 196 2250 217 na-

1261 239 1349 273 turis
1367 244 1566 276 terrarum,
1595 237 1684 269 sicut
1711 248 1861 279 corpora
1890 236 1926 268 in
1944 235 2143 280 Thuringia
2168 241 2252 269 sunt

1262 288 1453 333 grandiora
1472 299 1579 331 quam
1599 285 1675 326 bic,
1710 287 1790 331 quia
1813 285 1868 319 bic
1886 294 1968 320 sunt
1986 294 2127 326 tenues,
2157 285 2251 325 salsi,

1262 346 1295 372 et
1312 338 1426 371 amari
1442 335 1574 370 balitus
1588 363 1595 376 ‚
1622 338 1710 370 sicut
1727 337 1830 369 etiam
1851 344 1944 370 terra
1963 344 2034 378 est,
2067 337 2147 369 ideo
2174 348 2251 369 cor-
2288 356 2290 358 ·

1262 401 1349 434 pora
1368 394 1450 421 sunt
1468 389 1658 426 rarefacta,
1686 400 1803 420 macra
1824 395 1856 421 et
1875 388 2004 422 tenuia.

1365 438 1425 472 Vs.
1444 439 1531 474 220.
1562 439 1696 482 Scabie]
1724 439 1759 469 id
1782 445 1849 478 est,
1886 450 2011 471 vomer
2034 451 2108 472 non
2132 434 2251 472 statim

1264 489 1420 532 concipit
1437 488 1651 532 rubiginem.

1363 539 1424 574 γε.
1440 538 1528 574 225.
1561 535 1717 585 Clanius]
1738 538 1809 583 Qui
1826 551 1928 583 saepe
1950 541 2131 573 exundans
2149 545 2254 573 nocet

1264 603 1407 624 acerr1s.

1366 641 1522 677 Vs.226.
1551 643 1653 674 Nunc
1668 653 1730 686 quo
1744 638 1922 687 quumque]
1940 640 2136 684 Septimum
2152 652 2254 685 prae-

1481 693 1635 736 Quando
1656 692 1767 724 facitis
1785 691 1946 724 scrobem
1963 691 1999 723 in
2018 691 2092 725 solo
2110 691 2252 735 Lipsico

1265 751 1299 776 et
1316 750 1459 782 nostro,
1487 750 1571 775 tunc
1596 754 1669 775 non
1693 742 1838 786 potestis
1862 742 2009 786 implere
2039 742 2180 774 foveam
2207 743 2254 774 ef-

1264 795 1356 827 fossa
1377 800 1493 833 terra,
1519 793 1553 825 id
1571 794 1667 838 quod
1687 793 1825 836 signum
1844 799 1894 826 est
1911 804 2013 825 rarae
2034 799 2161 826 terrae.
2214 791 2255 824 In

1266 843 1466 887 Thuringia
1495 851 1611 876 autem
1637 844 1781 887 impleta
1805 844 1915 883 fossa,
1948 850 2041 876 terra
2068 843 2174 876 etiam
2204 849 2255 876 est

1266 897 1423 940 reliqua,
1464 896 1560 939 quod
1592 896 1765 938 significat
1796 902 1926 928 terram
1955 907 2027 929 esse
2053 893 2254 928 densiorem

1267 954 1300 980 et
1325 946 1536 990 pleniorem.

1372 996 1428 1030 Vs.
1452 997 1539 1031 228.
1576 999 1694 1031 Altera
1719 995 1918 1045 frumentis]
1954 999 1990 1031 id
2023 1005 2092 1039 est,
2132 1000 2253 1033 densa.

1266 1048 1401 1090 Altera]
1430 1047 1465 1079 id
1486 1054 1556 1087 est,
1582 1060 1677 1081 rara.

1369 1098 1428 1131 Vs.
1447 1099 1533 1132 231.
1562 1097 1721 1146 Puteum]
1749 1099 1783 1131 id
1807 1105 1876 1137 est,
1911 1100 2085 1133 scrobem.
2138 1098 2174 1133 Si
2198 1111 2255 1132 su-

1267 1155 1384 1194 perest
1410 1150 1561 1183 multum
1587 1156 1701 1183 terrae
1727 1149 1870 1194 impleta
1899 1150 2010 1189 fossa,
2054 1156 2138 1182 tune
2160 1156 2254 1182 terra

1268 1209 1318 1236 est
1338 1205 1458 1237 densa.

1370 1254 1429 1288 Vs.
1446 1256 1532 1290 232.
1560 1257 1746 1301 Aequabe's]
1774 1255 1808 1288 id
1828 1261 1896 1295 est,
1924 1255 2056 1288 calcato
2074 1250 2253 1298 pedibus-¹

1368 1305 1427 1339 Vs.
1444 1307 1530 1340 234.
1564 1305 1666 1353 Uber]
1696 1308 1731 1339 id
1752 1313 1820 1346 est,
1849 1307 1977 1340 solum.
2055 1302 2254 1350 Neyabaemt]

1266 1356 1301 1388 id
1319 1363 1388 1395 est,
1416 1357 1443 1389 si
1464 1363 1556 1389 terra
1576 1357 1643 1388 erit
1661 1357 1796 1401 reliqua
1812 1382 1821 1395 ⁷
1850 1356 1995 1400 impleta
2011 1356 2114 1389 fossa.

1368 1406 1427 1440 Vs.
1445 1407 1532 1442 240.
1560 1409 1633 1441 Sua
1651 1403 1804 1452 nomina]
1831 1406 2024 1440 Frumenta
2042 1413 2076 1439 et
2092 1405 2174 1438 vina
2196 1405 2255 1437 de-

1266 1465 1437 1501 generant
1456 1459 1490 1490 in
1511 1459 1618 1490 aliam
1636 1459 1807 1502 speciem,
1836 1465 1874 1491 ut
1898 1459 2042 1503 quando
2065 1455 2180 1491 seritis
2198 1453 2254 1488 hic

1266 1509 1302 1541 in
1332 1521 1439 1542 arena
1473 1509 1648 1549 triticum,
1692 1515 1774 1542 tunc
1804 1509 1909 1542 tertio
1942 1521 2037 1541 anno
2066 1509 2106 1541 fit
2134 1507 2255 1540 robus.

1265 1559 1421 1593 Econtra
1467 1561 1611 1605 quando
1654 1559 1769 1594 seritis
1806 1560 1842 1592 in
1878 1558 2077 1602 Thuringia
2112 1558 2258 1596 robum,

1267 1618 1350 1644 tunc
1367 1612 1402 1645 3.
1427 1623 1521 1644 anno
1547 1613 1585 1644 fit
1606 1611 1775 1644 triticum.
1835 1609 1887 1643 Ita
1912 1610 1994 1642 vina
2018 1609 2056 1642 in
2081 1608 2152 1641 allo
2180 1608 2257 1642 solo

1266 1664 1494 1705 degenerant.
1549 1661 1664 1694 Credo
1681 1661 1787 1694 etiam
1806 1661 1947 1705 ingenia
1970 1667 2004 1694 et
2021 1670 2174 1704 corpora
2193 1656 2258 1691 ho-

1267 1713 1404 1745 minum
1424 1713 1500 1746 aliis
1516 1712 1602 1745 locis
1620 1714 1856 1756 degenerare,
1890 1712 1979 1746 sicut
2002 1712 2063 1746 illa
2090 1722 2173 1755 pars
2188 1708 2258 1743 Ita-

1268 1764 1356 1803 liae,
1399 1776 1489 1809 quae
1515 1764 1644 1797 dicitur
1669 1763 1943 1807 Longobardia,
1980 1761 2088 1796 habet
2111 1762 2258 1794 robusta

1269 1822 1301 1848 et
1321 1828 1466 1859 procera
1486 1826 1658 1859 corpora,
1691 1815 1772 1859 quia
1792 1814 2021 1858 Longobardi
2038 1811 2134 1846 haud
2151 1812 2258 1845 dubie

1268 1873 1351 1901 sunt
1368 1867 1544 1905 Saxones,
1572 1872 1691 1898 tamen
1715 1878 1786 1898 non
1811 1872 1862 1899 est
1886 1865 1954 1898 tale
1980 1864 2092 1897 robur
2117 1869 2150 1896 et
2174 1874 2257 1906 pro-

1270 1918 1416 1957 ceritas,
1443 1918 1558 1963 qualis
1575 1917 1658 1949 olim
1678 1917 1754 1950 suit.
1808 1915 2059 1959 Longobardia
2086 1914 2172 1947 olim
2190 1913 2260 1946 suit.

1271 1970 1362 2003 circa
1384 1969 1641 2011 Madeburgum
1660 1974 1693 1999 et
1712 1967 1840 2007 Ilalas,
1869 1974 1932 2000 etc.

1372 2020 1431 2054 Vs.
1450 2018 1536 2056 241.
1568 2019 1705 2062 Quales]
1735 2019 1767 2051 id
1796 2025 1865 2058 est,
1902 2014 2091 2050 colatborii
2116 2013 2259 2055 calathi,

1270 2085 1330 2107 scu
1348 2073 1481 2106 corbes.

1374 2122 1432 2157 Vs.
1449 2124 1534 2159 249.
1564 2120 1723 2168 Faria-cit]
1743 2122 1775 2153 id
1794 2126 1864 2160 est,
1892 2125 2014 2153 manet
2030 2125 2156 2158 tenax,
2183 2128 2260 2150 non

1272 2175 1391 2209 statim
1410 2175 1597 2217 frangitur.

1374 2225 1432 2258 VS·
1458 2225 1544 2261 25l.
1587 2224 1752 2268 Humida]
1787 2223 1820 2255 id
1855 2227 1924 2261 est,
1974 2219 2081 2254 nimis
2109 2217 2257 2252 humida

1271 2276 1446 2315 luxuriat,
1489 2277 1599 2320 gignit
1631 2288 1778 2319 magnos
1814 2273 1968 2306 calamos
1994 2277 2028 2305 et
2051 2282 2126 2304 non
2151 2269 2258 2314 plena

1273 2339 1402 2372 grana,
1430 2328 1519 2361 sicut
1535 2328 1640 2361 etiam
1665 2327 1700 2359 in
1729 2324 1884 2359 humidis
1908 2323 2010 2356 annis
2034 2327 2116 2356 sunt
2137 2318 2258 2364 magni

1274 2378 1399 2412 calami
1419 2386 1451 2411 ct
1468 2392 1592 2424 parum
1617 2389 1830 2423 granorum;
1865 2380 2009 2408 econtra
2028 2373 2064 2406 in
2080 2370 2178 2406 siccis
2196 2382 2258 2403 an-

1274 2432 1328 2464 nis
1346 2442 1472 2474 parum
1492 2431 1689 2463 culmorum
1707 2434 1740 2461 et
1758 2431 1906 2461 multum
1926 2435 2132 2469 granorum.

1377 2481 1436 2515 Vs.
1461 2480 1546 2517 257.
1591 2482 1726 2522 Piceue]
1762 2478 1815 2511 Ex
1849 2475 2036 2510 arboribus
2064 2475 2153 2508 fiunt
2176 2483 2259 2505 con-

1275 2534 1447 2572 iecturae,
1475 2545 1565 2578 quae
1582 2538 1696 2565 terrae
1713 2530 1783 2565 sint
1800 2529 1927 2561 bonae.

1376 2584 1436 2618 Vs.
1453 2583 1540 2619 259.
1575 2586 1640 2618 Ile's
1660 2577 1924 2625 ‹animatum-sis]
1953 2577 2128 2611 Octavum
2153 2579 2260 2618 caput

1276 2637 1318 2668 de
1338 2635 1502 2668 fodienda
1527 2634 1642 2668 vinea.

1377 2686 1436 2721 Vs.
1455 2686 1540 2722 261.
1568 2683 1771 2728 supinatas]
1799 2682 1919 2721 idest,
1947 2689 2145 2712 conversas.
