2341 2973
174 105 248 140 399

174 193 307 226 fiebant
324 191 427 224 etiam
446 189 533 222 ludi.
586 190 743 234 Propter
765 189 829 225 has
854 191 1014 235 publicas
1038 191 1171 225 utilita-

174 251 225 277 tes
241 249 323 277 sunt
339 241 500 273 instituta
516 241 582 274 ista
602 242 797 274 certamina
817 249 851 275 et
869 244 1082 286 spectacula.
1117 242 1172 276 llli
1197 213 1202 269 Ι

174 305 382 337 congressus
401 292 608 325 consociant
628 293 734 326 etiam
756 301 895 337 gentes,
924 301 988 328 etc.
1196 272 1201 337 Ι

273 344 333 377 Vs.
350 345 411 378 20.
437 340 574 390 Caesia]
604 344 638 376 id
657 351 726 384 est,
754 345 963 389 pugilando.
1196 348 1200 372 ¹

272 395 333 429 Vs.
350 393 412 430 25.
439 397 624 437 Britanni]
652 396 686 428 id
705 403 774 436 est,
802 396 907 429 servi.
974 396 1170 441 lnteoenff'ss
1197 380 1199 447 Ι

172 448 208 480 id
226 453 296 487 est,
322 447 413 479 bella
434 447 596 480 Caesaris
615 447 806 490 pingentur
825 447 861 479 in
880 447 1025 480 aulaeis.
1091 450 1170 482 Tol-
1196 450 1200 486 Ι

170 499 257 544 lant]
287 499 410 538 idest,
437 499 569 531 faciant
589 498 792 542 conspicua.
846 497 884 531 Id
905 504 975 539 est,
1007 511 1071 542 ego
1097 501 1169 532 iam

171 552 307 595 cogito,
337 550 535 595 quomodo
556 549 603 580 ibi
623 551 805 592 pendeant
824 551 962 590 aulaea,
992 557 1026 583 et
1042 551 1081 582 in
1101 552 1169 585 illis

170 604 241 637 sint
263 602 354 646 picta
378 602 467 633 bella
488 600 661 634 Caesaris.

272 652 410 687 Vs.27.
440 653 689 696 Ganyare‘dnm]
719 651 753 683 id
772 658 839 691 est,
868 650 1054 688 Indorum.

268 703 329 738 Vs.
345 703 406 738 29.
444 705 579 748 Nilum]
609 704 691 749 quia
721 703 851 736 Caesar
874 703 1055 748 Augustus
1078 705 1171 749 cepit

168 757 389 794 Antonium,
419 762 451 788 et
470 756 675 800 Aegyptum
693 755 892 799 occupavit.

270 807 329 841 Vs.
350 808 410 841 30.
432 808 632 851 ss'e'plmtem]
661 819 779 850 regem
799 807 995 840 Persicum.

270 859 406 893 Vs.31‚
450 861 629 905 Versisque
659 859 811 903 sayt'tte‘s]
849 858 931 904 quia
958 855 1085 891 Parthi
1116 859 1170 891 fu-

167 913 302 957 gientes
328 917 544 943 convertunt
568 922 603 943 se
629 916 663 942 et
684 910 905 950 iaculantur,
944 910 1034 943 sicut
1061 908 1168 943 hodie

167 964 291 998 Turci.

268 1014 329 1048 Vs.
350 1013 409 1048 32.
448 1010 619 1059 Tropaea]
655 1009 780 1044 Parthi
805 1013 980 1046 miserunt
1005 1013 1168 1056 Augusto

166 1068 265 1113 signa
286 1066 472 1104 Romana,
502 1076 593 1109 quae
611 1064 821 1096 ademerant
839 1064 988 1103 Cras50‚
1017 1062 1085 1097 hoc
1102 1065 1169 1097 fuit

164 1131 278 1154 unum
297 1124 506 1160 tropaeun13
536 1116 687 1148 alterum
708 1116 775 1148 suit
795 1127 835 1148 ex
851 1116 1056 1149 Britannia.

267 1168 328 1202 Vs.
346 1166 406 1201 34.
435 1169 553 1212 Parii]
569 1168 681 1201 Paros
698 1180 769 1199 nna
792 1179 833 1200 ex
845 1168 1058 1213 Cycladibus
1071 1194 1078 1207 ,
1107 1166 1167 1199 nbi
1194 1178 1197 1204 ;

164 1221 324 1257 nascitur
341 1219 656 1263 generosissimum
677 1231 850 1253 marmor.
1193 1215 1196 1247 Ι

270 1272 331 1305 Vs.
349 1271 410 1305 37.
441 1269 598 1317 Invidia]
628 1270 663 1303 id
683 1277 752 1310 est,
783 1271 919 1304 invidia
940 1285 1014 1305 non
1034 1272 1168 1317 poterit
1194 1255 1196 1310 Ι

166 1324 257 1360 1111111
287 1335 436 1362 nocere,
480 1334 700 1367 quamquam
725 1322 868 1356 videtur
892 1323 950 1356 illa
977 1325 1093 1358 dicere
1123 1326 1166 1358 de
1193 1317 1195 1355 1

164 1379 346 1422 Augusto,
376 1374 437 1419 qui
457 1375 523 1407 fnit
539 1374 762 1407 felicissimus
781 1374 958 1419 princeps.
1193 1361 1196 1416 Ι

266 1427 404 1460 1138.
432 1427 588 1471 Isionis]
615 1426 650 1458 m
668 1432 738 1465 est,
768 1426 911 1460 inferos.
966 1427 1103 1461 Auffliit
1123 1428 1168 1460 ad
1194 1419 1195 1463 1

164 1492 300 1527 poenas
326 1479 539 1511 inferorum.

269 1530 327 1564 Vs.
349 1529 409 1564 43.
450 1530 565 1574 Vocat]
596 1529 631 1561 id
656 1535 725 1569 θεῖ,
763 1541 827 1573 ego
854 1528 990 1562 invitor
1013 1530 1056 1562 ad
1083 1530 1168 1564 scri-

163 1585 279 1618 benda
299 1581 473 1625 Georgica
495 1588 529 1613 ct
548 1581 729 1624 pecuaria.

270 1633 330 1666 Vs.
348 1632 409 1666 44.
439 1632 560 1676 Canes]
591 1632 624 1663 id
644 1638 714 1671 est,
742 1632 893 1664 materia
913 1639 1018 1664 vocat
1036 1646 1103 1666 me.

270 1684 330 1718 Vs.
350 1684 410 1718 48.
456 1681 612 1730 Tithoni]
650 1683 685 1715 id
713 1689 784 1721 est,
816 1685 1001 1721 Aurorae,
1039 1684 1073 1715 id
1105 1691 1167 1720 est,
1193 1682 1196 1715 Ι

164 1738 346 1781 Perpetuo
365 1748 484 1768 meum
506 1745 650 1766 carmen
669 1733 927 1773 celebrabitur,
958 1746 1067 1779 quam
1089 1735 1168 1767 lon—

164 1802 248 1835 gum
267 1787 422 1830 spatium
440 1791 491 1819 est
507 1786 550 1817 ab
569 1785 780 1817 aeternitate
797 1791 908 1818 retro.

266 1838 327 1872 Vs.
345 1837 406 1872 49.
433 1840 503 1872 Seu
521 1834 611 1884 quis]
642 1836 695 1869 De
714 1836 828 1869 bobus
847 1843 881 1869 et
897 1835 1016 1881 equis,
1045 1843 1077 1869 et
1095 1836 1168 1881 pri-
1194 1852 1195 1881 }

164 1905 224 1926 mo
245 1892 287 1923 de
304 1891 429 1923 bobus.
484 1888 568 1922 lllae
586 1888 844 1932 descriptiones
863 1895 945 1921 sunt
971 1888 1073 1921 valde
1099 1889 1167 1922 uti-

164 1945 214 1978 les
231 1949 381 1988 propter
400 1941 671 1985 proprietatem.

268 1993 328 2027 Vs.
346 1992 406 2027 53.
442 1989 621 2039 Palearz'a]
647 1992 681 2024 id
710 1997 781 2032 est,
816 1991 898 2024 illae
926 1991 1028 2025 laxae
1057 1991 1167 2037 pelles

166 2047 361 2092 pendentes
379 2046 420 2077 (le
439 2045 543 2078 collo.
1193 2039 1195 2091 Ι

268 2094 403 2130 Vs.55.
429 2097 569 2142 He'rtae]
596 2095 719 2135 idest,
748 2095 907 2129 villosae.
995 2097 1167 2142 Camurt's]
1194 2114 1195 2130 1

166 2149 202 2183 id
221 2155 291 2188 est,
320 2148 486 2181 curvatis.
1192 2145 1195 2161 ¹

268 2199 329 2234 Vs.
349 2197 409 2232 56.
435 2200 585 2233 BIucnle's
605 2199 768 2243 inse'ym's]
797 2196 967 2242 Scbettig.

268 2251 328 2284 Ῡε.
347 2250 406 2284 57.
435 2251 659 2294 Deo-uetans]
686 2251 762 2283 Hoc
782 2256 834 2284 est
850 2250 990 2294 signum
1011 2251 1164 2286 roboris.
1191 2247 1194 2300 Ι

268 2302 327 2336 Vs.
341 2302 401 2336 60.
426 2299 550 2348 Aetas]
568 2302 659 2335 Ante
675 2301 887 2335 decennium
905 2309 956 2335 est
973 2302 1102 2337 idonea
1120 2306 1162 2337 ad
1191 2305 1193 2329 ⁴¹

164 2355 454 2399 procreationem
469 2381 477 2392 ,
506 2359 587 2396 post
603 2361 770 2398 quartum
790 2366 924 2387 annum
944 2354 1081 2399 incipit.
1191 2346 1193 2359 ⁵

269 2405 328 2439 Vs.
347 2405 406 2439 66.
438 2405 588 2449 Ορίἱηια]
615 2403 880 2449 Epipbonexna.
917 2404 1163 2440 Iuventusha-
1190 2428 1192 2454 Ι

164 2457 224 2490 het
241 2470 343 2491 suum
365 2470 446 2497 ver,
476 2463 596 2500 postea
614 2458 732 2489 statim
753 2458 907 2490 subeunt
925 2459 1033 2492 mala.
1188 2459 1192 2493 Ι

268 2508 328 2542 Vs.
348 2508 406 2543 69.
435 2510 576 2552 Semper
589 2506 714 2555 e1·it‘’)]
746 2507 881 2541 Vaccae
900 2521 1041 2553 semper
1058 2515 1164 2542 erunt
1188 2515 1191 2558 ξ

166 2560 372 2592 mutandae.

198 2651 230 2679 5)
253 2651 378 2679 Intexli]
399 2650 437 2674 sic
455 2650 555 2681 Virg.;
583 2650 632 2674 Ed.
652 2650 726 2673 1544.
748 2650 773 2673 in
795 2651 844 2673 hoc
864 2653 1006 2674 comment.
1031 2652 1127 2682 capti.

198 2692 228 2725 6)
249 2694 321 2722 erit]
349 2694 387 2717 sic
412 2694 460 2717 Ed.
486 2694 559 2717 1544.
584 2693 610 2716 111
636 2693 685 2718 hoc
710 2695 875 2723 com1uent.;
913 2694 939 2717 in
969 2696 1047 2718 textu
1071 2696 1162 2718 autem
1187 2688 1189 2719 Ι

250 2736 284 2749 =
303 2728 351 2751 Ed.
371 2728 526 2758 R'agumn)
546 2730 642 2753 erunt.
1186 2724 1189 2754 Ι

755 104 877 139 PfflL.
913 105 1024 138 MEL.
1068 105 1271 139 SCRIPTA
1306 104 1645 140 PHILOLOGICA.

1193 1898 1197 1936 ᾗ
1222 1893 1276 1925 vir
1293 1894 1483 1928 mediocris
1501 1901 1670 1928 staturae.

1221 1945 1409 1987 milianus,
1438 1947 1505 1979 fuit
1522 1947 1703 1989 Augustae
1723 1945 1758 1977 in
1786 1944 1958 1984 comitiis,
1994 1943 2045 1977 ibi
2070 1945 2221 1977 certavit

1193 2002 1195 2038 ξ
1222 2009 1301 2030 cum
1321 1998 1502 2031 nobilibus
1521 1996 1649 2037 hastis,
1686 1997 1870 2041 ponebant
1894 2008 2028 2030 asseres
2052 2002 2086 2028 et
2109 2001 2220 2029 certa-

1190 2367 1193 2393 1
1219 2384 1332 2405 ceum.

2150 109 2225 146 400

1328 190 1388 225 Vs.
1408 191 1468 226 71.
1510 191 1698 240 Anteveni]
1730 193 1766 226 id
1791 201 1862 234 θεῖ,
1902 195 2002 239 prius
2034 207 2140 237 cura,
2184 205 2225 232 ut

1225 243 1338 276 bonas
1357 254 1480 274 vaccas
1503 242 1628 286 eligas,
1662 257 1706 277 ne
1730 252 1852 290 postea
1879 247 2041 291 queraris
2059 249 2222 282 sobolem

1226 295 1405 326 infirmam
1424 305 1497 326 esse
1522 300 1666 335 natam,
1701 302 1734 329 et
1759 303 1858 330 tuam
1883 298 2139 342 negligentiam
2167 312 2223 333 ac-
2256 298 2258 300 ’

1225 356 1335 377 cuses.

1328 403 1389 437 Vs.
1407 403 1466 438 72.
1494 406 1665 450 Necnon]
1693 405 1746 440 De
1773 407 1885 451 equis.

1326 463 1386 497 Vs.
1402 463 1461 496 73.
1485 466 1528 497 In
1544 465 1650 509 spem]
1668 465 1701 497 id
1721 472 1784 505 θεῖ,
1803 479 1844 499 ex
1861 466 1990 512 quibus
2009 467 2060 501 vis
2078 467 2223 512 gignere

1378 515 1434 548 Sic
1456 515 1628 549 Horatius
1641 517 1669 562 ⁷)
1692 517 1825 562 inquit:

1431 574 1534 598 Fortes
1555 577 1685 599 creantur
1705 576 1824 599 sortibus
1844 578 1872 600 et
1890 576 1980 600 bonis.

1431 618 1481 640 Est
1501 617 1527 640 in
1549 618 1687 650 iuvencis,
1715 620 1758 642 est
1777 619 1804 642 111
1824 619 1902 649 equis
1922 621 2032 649 patrum

1432 659 1548 691 virtus,
1576 667 1626 684 nec
1645 661 1781 685 imbellem
1801 662 1910 685 feroces

1431 702 1626 733 Progenerant
1645 704 1754 734 aquilae
1772 704 1934 728 columbam.

1223 742 1332 784 Item,
1380 745 1588 780 Aristoteles
1629 748 1765 793 inquit:
1814 748 1986 782 Naturale
2022 754 2074 782 est
2106 749 2222 781 omni-

1223 795 1289 829 bus
1305 796 1551 831 animantibus
1570 799 1714 842 gignere
1730 799 1858 833 simile.
1910 799 1957 832 Et
1975 797 2045 832 hoe
2069 805 2121 833 est
2145 800 2223 844 pul-

1224 844 1442 881 cherrimum
1467 850 1734 889 testimonimn‚
1772 851 1870 896 quod
1892 857 2022 885 natura
2049 862 2125 884 non
2151 851 2223 884 exi·

1223 904 1293 931 stat
1307 910 1401 933 casn.
1454 900 1693 945 Hippocrates
1711 902 1819 935 etiam
1844 902 1950 943 dicit,
1985 902 2145 936 sobolem
2172 903 2222 936 ita

1224 949 1359 982 imitari
1388 952 1533 986 seminis
1567 959 1755 993 naturam,
1801 960 1840 986 ut
1870 954 2014 987 infirma
2039 959 2075 986 et
2096 954 2222 987 vitiata

1222 1002 1384 1034 membra
1400 1010 1591 1046 parentum
1618 1011 1742 1049 postea
1771 1005 1879 1038 etiam
1903 1011 2151 1050 propagentur
2172 1005 2223 1038 ita

1223 1052 1258 1084 in
1278 1052 1430 1093 liberos,
1460 1061 1517 1095 ut,
1547 1058 1692 1100 quando
1708 1063 1875 1100 parentes
1892 1054 2086 1090 habuerint
2110 1056 2222 1089 imbe-

1223 1104 1300 1136 cille
1320 1106 1504 1138 cerebrum
1519 1133 1527 1146 ,
1556 1108 1655 1140 iecur
1668 1134 1676 1148 ‚
1705 1114 1739 1141 et
1757 1108 1882 1142 similis
1900 1109 2009 1141 etiam
2034 1107 2223 1142 imbecilli-

1222 1161 1275 1189 tas
1295 1156 1341 1189 sit
1355 1156 1393 1188 in
1416 1157 1550 1191 liberis.

1323 1216 1384 1250 Vs.
1403 1217 1462 1252 79.
1492 1215 1635 1264 Horret]
1662 1217 1709 1252 Es
1727 1216 1923 1252 erschrickt
1938 1216 2049 1251 nicht.

1325 1276 1385 1311 Vs,
1407 1278 1466 1312 81.
1494 1280 1737 1325 Luoeurz'uiqne
1756 1279 1859 1323 ioris]
1887 1277 1924 1311 id
1944 1285 2014 1318 est,
2041 1276 2222 1311 musculis.

1221 1326 1269 1360 Es
1284 1325 1347 1359 bat
1366 1341 1474 1372 seyne
1492 1342 1612 1372 grosse
1631 1331 1823 1364 musculos.
1864 1330 1929 1363 Est
1945 1336 2063 1363 autem
2081 1340 2223 1362 muscu-

1221 1378 1274 1411 lus
1305 1391 1387 1411 caro
1415 1392 1456 1412 ex
1481 1380 1602 1413 inultis
1628 1380 1747 1413 nervis
1774 1386 1807 1412 et
1833 1391 1938 1412 carne
1955 1385 2160 1423 compacta,
2189 1384 2224 1411 et

1221 1437 1461 1464 numerantur
1484 1432 1588 1464 multi
1615 1430 1765 1464 musculi
1790 1443 1807 1463 a
1833 1430 1981 1464 medicis
2003 1430 2040 1462 in
2071 1441 2222 1474 corpore

1222 1479 1403 1522 humano,
1442 1482 1516 1516 4Οο
1532 1489 1565 1515 et
1582 1481 1650 1522 50,
1687 1482 1725 1514 111
1748 1482 1874 1523 fallor,
1911 1482 1971 1527 qni
1997 1494 2122 1515 omnes
2149 1493 2223 1515 ser—

1221 1533 1325 1565 viunt
1342 1535 1456 1566 motui
1479 1534 1595 1567 locali.
1655 1532 1695 1566 111
1719 1534 1845 1578 primis
1871 1540 1990 1566 autem
2014 1533 2052 1566 in
2076 1539 2222 1577 pectore

1221 1582 1331 1617 1101110
1350 1582 1458 1618 babet
1473 1587 1605 1619 multos
1627 1585 1827 1624 musculos,
1862 1585 1954 1616 sicut
1975 1589 2010 1616 et
2033 1584 2127 1628 equi.
2180 1582 2224 1616 In

1225 514 1325 548 illics.

1194 1642 1196 1657 ’ν
1222 1636 1307 1670 viris
1327 1638 1476 1670 musculi
1495 1637 1683 1680 rigidiores
1708 1641 1812 1675 sunt,
1841 1634 1903 1679 qni
1928 1640 2012 1668 sunt
2037 1634 2137 1678 signa
2163 1646 2223 1667 ro-

1221 1688 1315 1720 busti
1332 1689 1505 1731 corporis.
1560 1686 1686 1719 Dicam
1707 1686 1808 1720 vobis
1826 1686 2028 1730 exemplum
2047 1687 2089 1719 de
2105 1685 2223 1719 Maxi-

1221 1738 1382 1772 miliano.
1438 1739 1600 1772 Durerus
1619 1739 1803 1771 enarravit
1818 1735 1926 1778 mihi,
1952 1739 2015 1771 das
2032 1738 2092 1771 des
2105 1736 2222 1770 Maxi-

1223 1789 1362 1822 miliani
1383 1790 1486 1824 dicke
1513 1791 1551 1823 in
1578 1802 1722 1830 armen,
1756 1788 1883 1823 lxinten
1907 1802 1946 1823 so
1970 1801 2052 1833 gros
2080 1801 2142 1834 sey
2163 1800 2222 1833 ge-

1223 1853 1364 1882 wesen,
1400 1843 1451 1876 als
1477 1855 1564 1888 seyn
1586 1843 1721 1882 femur,
1759 1848 1792 1874 et
1818 1848 1940 1874 tamen
1961 1841 2130 1875 Albertus
2153 1841 2221 1873 suit

1724 1893 1863 1926 Deinde
1882 1893 1952 1925 iam
1981 1904 2088 1926 senex
2105 1891 2221 1925 Maxi-

1220 2049 1308 2082 bant
1338 2050 1549 2091 iaculando,
1599 2049 1678 2094 quis
1711 2049 1815 2082 altius
1847 2054 1967 2093 posset
1998 2049 2218 2091 transfigere.

1220 2100 1281 2134 111θ
1300 2103 1390 2136 duos
1408 2115 1541 2137 asseres
1560 2101 1755 2141 transfixit,
1785 2102 1882 2146 quod
1905 2113 2011 2134 nemo
2039 2100 2216 2133 nobilium

1220 2161 1402 2198 praestare
1425 2154 1553 2199 potuit.
1598 2152 1687 2186 Illud
1708 2154 1746 2186 fit
1771 2153 1933 2186 bonitate
1958 2152 2217 2186 musculorum.

1192 2220 1194 2231 ·
1219 2204 1378 2254 Honesti]
1407 2207 1441 2239 id
1463 2213 1534 2246 θεῖ,
1562 2206 1612 2238 1111
1632 2205 1786 2238 maxime
1803 2205 1981 2250 probandi
2002 2210 2096 2239 sunt.

1322 2267 1382 2302 Vs.
1407 2267 1466 2302 82.
1506 2268 1662 2310 Spadioe]
1708 2266 1846 2300 Ramns
1880 2266 2042 2311 palmae,
2083 2263 2217 2298 Kesten

1218 2321 1353 2360 braun,
1392 2320 1474 2365 quia
1501 2320 1604 2352 radix
1630 2319 1771 2364 palmae
1796 2316 1904 2352 habet
1928 2319 2085 2351 colorem
2105 2315 2217 2350 Puni-

1435 2372 1569 2416 Glauci]
1596 2369 1801 2404 Scbimmel.
1897 2370 2012 2414 Albis]
2037 2367 2119 2402 Albi
2134 2373 2218 2401 sunt

1217 2422 1430 2463 imbecilles,
1458 2426 1518 2457 sed
1544 2431 1662 2456 tamen
1687 2430 1770 2457 sunt
1793 2421 2063 2461 formosissimi,
2098 2426 2138 2453 ut
2165 2418 2217 2451 illi

1187 2496 1191 2512 ,ι
1217 2475 1319 2520 equi,
1358 2488 1447 2520 quos
1466 2476 1685 2509 Asturcones
1706 2480 1856 2515 vocant,
1893 2473 1955 2519 qui
1978 2478 2060 2507 sunt
2087 2470 2218 2516 optimi

1216 2526 1413 2560 saltatrices
1432 2528 1532 2572 equi,
1562 2534 1626 2561 etc.

1322 2586 1380 2620 Vs.
1402 2587 1462 2621 83.
1492 2588 1604 2631 Gilva]
1633 2587 1753 2621 Faelb.

1248 2730 1279 2761 7)
1301 2730 1396 2753 Horat.
1417 2729 1465 2753 od.
1482 2729 1530 2755 lv.
1550 2729 1575 2753 4,
1595 2727 1717 2751 ’ΞΒ-32,
