2421 3005
80 115 154 154 521

80 203 218 238 Multae
233 203 329 236 enim
349 203 505 238 existunt
519 202 659 236 belluae
675 202 714 236 in
730 202 928 248 republica,
956 202 1085 243 Tauri,

81 255 276 295 Centauri,
318 254 478 296 Leones,
513 255 655 300 Scorpii
678 261 713 289 et
738 254 889 297 Cancri,
924 253 994 288 hoc
1020 260 1085 294 est,

79 305 247 342 homines
272 307 388 342 invidi
414 314 449 342 et
482 307 643 348 factiosi,
687 307 750 354 qui
778 307 901 341 omnia
933 306 1083 341 consilia

81 360 247 407 quamvis
266 366 361 394 recta
383 367 418 394 et
440 359 610 394 salutaria
635 359 926 400 calumniantur,
960 358 1084 393 omnia

78 410 354 457 reprehendunt
370 413 415 446 ad
433 413 666 445 evertendam
685 412 832 446 illorum
856 410 1084 456 dignitatem,

82 464 146 512 qui
171 465 365 510 praecipue
385 463 549 498 serviunt
571 464 757 498 communi
774 463 936 498 utilitati.
982 463 1084 509 Quin

80 517 191 551 etiarn
216 517 343 561 vulgus
365 528 441 549 non
462 516 566 550 facile
588 517 743 561 regitur,
780 516 880 551 cuius
905 522 1005 549 tanta
1024 527 1085 561 pe-

80 569 254 609 tulantia,
286 575 460 615 tantaque
485 569 618 602 ferocia
651 575 722 610 est,
763 575 804 602 ut
831 569 869 601 in
900 568 1083 601 neminem

79 620 194 665 magis
211 620 395 666 insurgat,
424 633 533 667 quam
559 621 597 654 iu
613 621 714 661 illos,
745 633 902 667 quorum
927 619 1084 665 imperio

79 684 208 718 parere
228 673 352 706 debet:
384 673 538 719 ideoque
554 673 603 707 sic
621 673 670 706 ait
696 672 771 715 (Vs.
791 671 1006 713 84-87.);

131 743 205 775 Nec
218 742 282 774 tibi
297 742 530 787 quadrupedes
546 743 717 774 animosos
729 741 864 783 iquibus
882 740 972 780 illis,

135 793 223 832 Quos
259 794 295 826 in
329 799 462 836 pectore
498 795 639 833 habent,
668 805 750 838 quos
786 804 842 826 ore
882 797 914 826 et
944 792 1088 824 naribus

393 845 515 889 efflant
522 871 533 886 ,

132 899 176 930 In
215 902 373 940 promptu
415 909 530 940 reyere
572 902 638 937 est,

390 949 531 983 habenis
546 947 606 995 43).

78 1017 215 1052 Verum
241 1016 329 1051 haec
354 1017 568 1062 magnitudo
593 1016 813 1051 difficultatis
842 1029 882 1050 ac
908 1015 1088 1061 periculo-

77 1082 161 1104 rum
177 1067 270 1103 nihil
287 1076 410 1103 movet
426 1067 593 1103 homines
609 1069 799 1114 imperitos
811 1096 820 1109 ,
848 1069 911 1114 qui
930 1066 1088 1101 honores

78 1127 278 1167 appetunt,
305 1121 362 1154 vel
385 1121 565 1155 infinitam
592 1121 795 1166 potentiam
824 1121 1012 1158 ass'ectant3
1049 1125 1089 1153 ut

79 1173 176 1208 enim
203 1173 410 1214 temerarii,
443 1173 493 1206 ita
524 1173 728 1218 pertinaces
758 1179 860 1213 sunt,
901 1185 967 1205 nec
992 1171 1088 1206 sanis

79 1225 237 1260 consiliis
273 1225 545 1270 obtemperant:
595 1231 789 1269 propterea
835 1223 924 1258 haec
966 1223 1088 1259 subdit

79 1277 173 1319 (Vss.
198 1277 272 1312 103
293 1279 389 1323 sq.):
435 1279 593 1311 Finierat
624 1279 791 1317 mouitus3
837 1279 939 1311 ‘lictis
972 1282 1087 1310 tamen

502 1331 558 1362 ille
574 1335 739 1373 repuyuat

130 1381 411 1425 Propositumque
424 1383 550 1422 premit
569 1380 627 1421 44).

695 897 876 940 cert-imque
923 899 1089 939 repuyuat

76 1439 195 1473 Porro
232 1452 380 1480 currus,
423 1453 530 1486 quem
566 1442 746 1485 agendum
776 1440 944 1485 suscipit,
990 1453 1086 1474 sum-

78 1504 174 1525 inam
191 1504 313 1526 rerum
332 1493 534 1537 potentiam
556 1493 752 1537 significat:
783 1493 820 1525 in
844 1505 917 1538 quo
938 1505 1047 1526 curru

127 1560 207 1596 Vss.
220 1561 295 1595 107
306 1561 451 1596 —109.
480 1566 618 1597 Aureus
635 1565 718 1597 aris
732 1569 821 1603 erat,
845 1568 931 1596 temo
948 1575 1084 1604 aureus,

497 1627 602 1649 aecrea
622 1627 773 1649 ειιηιηιαε

130 1667 322 1700 Curvatura
340 1672 434 1700 rotae
440 1691 451 1706 ,
481 1669 656 1700 radiorum
676 1672 856 1710 aryeuteus
872 1669 969 1707 ordo,

74 1785 174 1819 Haec
192 1798 279 1819 vero
298 1784 389 1819 nihil
408 1787 506 1821 aliud
525 1793 608 1821 sunt
630 1787 700 1821 nisi
723 1794 939 1821 ornamenta
963 1788 1085 1833 reipu-

74 1837 202 1880 blicae,
216 1850 311 1884 quae
321 1840 577 1884 magnanimus
588 1837 781 1873 Phaethon
796 1840 963 1880 miratur,
976 1853 1084 1885 opus-

75 1902 145 1936 que
166 1891 359 1936 perspicit,
395 1889 464 1924 hoc
491 1899 562 1933 est,
599 1891 831 1936 splendorem
856 1903 896 1925 ac
926 1892 1082 1936 speciem

73 1943 177 1986 regni
193 1942 372 1981 intuetur3
402 1943 681 1978 sollicitudinem
700 1950 821 1977 autem
841 1949 875 1977 et
892 1943 1082 1978 difficulta-

73 2000 147 2027 tem
181 1995 388 2040 imperandi
417 2008 492 2029 non
519 1996 629 2030 videt.
700 1995 842 2029 Deinde
872 2008 938 2040 per
969 2009 1082 2042 equos

74 2045 192 2092 ipsum
214 2047 362 2091 vulgus,
389 2059 455 2092 per
471 2049 571 2082 frena
591 2048 806 2093 gubernatio
819 2075 828 2088 ,
869 2054 903 2081 et
917 2045 1081 2082 habenae

73 2098 220 2143 imperii
242 2098 514 2144 intelliguntur3
556 2107 609 2134 est
632 2100 728 2133 enim
753 2099 879 2134 similis
902 2112 1080 2147 equorum

74 2151 173 2195 vulgi
199 2151 345 2185 ferocia.
398 2150 472 2185 Iam
493 2165 599 2193 vero,
624 2165 695 2200 qua
713 2159 790 2186 arte
810 2153 1009 2196 regendum
1035 2153 1082 2187 sit

74 2203 222 2248 vulgus,
251 2204 375 2244 docet,
402 2216 483 2237 cum
501 2204 620 2251 inquit
645 2204 724 2252 (Vs.
747 2204 869 2247 1270:

126 2266 239 2298 Parce
251 2277 337 2308 puer
351 2266 502 2300 stimulis
512 2291 522 2306 ‚
550 2271 581 2300 et
593 2266 724 2309 fortius
739 2272 831 2301 utere
846 2267 942 2300 loris.

76 2325 268 2360 ostendens
309 2325 486 2370 optimam
519 2327 746 2371 gubernandi
778 2327 958 2361 rationem
1005 2340 1079 2362 esse

75 2376 260 2410 continere
288 2378 415 2423 vulgus
446 2378 485 2411 in
514 2378 653 2419 officio,
694 2391 769 2413 non
804 2386 879 2414 tam
916 2380 1079 2421 saevitia,

75 2441 184 2475 quam
220 2430 409 2464 moderata
449 2431 607 2477 quadam
651 2433 853 2467 severitate.
933 2431 1078 2467 Stimuli

109 2565 158 2598 43)
190 2567 350 2597 cervixque
373 2568 520 2598 repnynat
550 2566 693 2595 habenis]
723 2567 790 2591 haec
819 2567 905 2591 verba
933 2567 960 2591 in
989 2567 1076 2592 Editt.

145 2601 239 2631 1555„
261 2602 335 2626 ¹559.
356 2603 457 2626 verba:
478 2603 513 2627 1η
530 2603 668 2633 promptu
684 2607 786 2632 reglere
798 2603 852 2632 est,
871 2601 997 2632 proxime
1009 2603 1077 2627 suh-

145 2637 318 2667 sequuntur;
335 2638 365 2660 at
385 2637 463 2661 Ovid.
484 2637 533 2661 Ed.
555 2637 665 2661 Mitsch.
685 2637 766 2661 habet
784 2638 900 2661 haecce:

212 2671 243 2694 ln
262 2672 369 2701 promtu
389 2677 489 2703 regere
509 2674 559 2696 est.
580 2672 626 2695 vix
646 2678 688 2695 me
706 2671 867 2702 patiuntur,
887 2673 916 2695 ut
935 2677 1016 2697 acres

212 2705 358 2730 Incaluere
376 2707 476 2739 animi3
504 2706 655 2737 cervixque
675 2709 813 2738 repugnat
832 2706 955 2731 habenis.

107 2759 156 2788 44)
174 2760 298 2790 premit]
317 2759 357 2785 sic
367 2760 450 2785 Editt.
467 2761 560 2793 1555.‚
581 2761 673 2792 1559.;
694 2760 774 2785 ovid.
794 2760 843 2786 Ed.
859 2761 968 2786 Mitsch.
985 2763 1074 2789 tenet.

411 113 501 150 XCI.
554 112 842 150 ENARRATIO
880 112 1011 148 LIBRI
1037 89 1080 150 11.
1116 113 1603 152 METAMORPHOSEON
1639 117 1802 154 OVIDlI.

2068 120 2145 159 522

1142 202 1239 236 enim
1256 203 1419 238 indicant
1435 204 1588 249 imperia
1606 206 1696 239 dura
1714 213 1749 240 et
1765 206 1942 246 crudelia;
1964 207 2043 241 lora
2059 220 2147 242 vero

1139 255 1367 300 disciplinam
1391 269 1538 301 gravem
1569 263 1604 291 et
1629 264 1876 300 constantem,
1911 259 1975 293 ubi
2003 259 2149 294 vincula

1138 307 1257 352 legum
1289 320 1409 354 neque
1445 309 1636 344 severitate
1672 310 1827 346 nimium
1870 310 2149 353 contrahuntur,

1137 371 1255 406 neque
1272 360 1420 394 lenitate
1439 362 1594 396 nimium
1612 362 1794 398 laxantur.
1848 363 1980 398 Postea
2006 371 2040 398 et
2066 365 2149 400 sub-

1139 412 1256 456 iungit
1282 411 1378 457 (Vss.
1398 413 1483 449 129.
1504 415 1587 448 130.
1608 415 1730 461 1330:

1191 475 1264 506 Nec
1279 475 1341 507 te'bi
1356 476 1503 510 directos
1514 477 1650 520 placeat
1667 477 1724 509 via
1741 477 1888 522 quinque
1902 487 1964 519 per
1980 489 2092 510 arcus.

1191 526 1312 559 Seetus
1330 528 1366 559 in
1386 528 1555 573 obliquum
1571 534 1620 563 est
1638 529 1705 563 lato
1723 529 1918 561 curvamine
1941 529 2049 562 limes.

1194 578 1269 611 Hac
1286 580 1331 612 sit
1350 580 1428 613 iter.

1140 643 1345 688 significans
1379 657 1455 679 non
1490 646 1526 679 vi
1561 653 1596 680 et
1621 647 1761 692 impetu
1799 647 2038 681 obnitendum
2076 660 2150 682 esse

1140 696 1292 741 populo,
1316 702 1356 730 ut
1373 697 1469 732 illius
1481 698 1658 732 voluntati
1671 711 1788 745 neque
1806 700 2069 734 contumaciter
2087 701 2151 733 ad-

1140 748 1300 789 versari,
1335 761 1452 795 neque
1481 750 1632 784 omnino
1660 751 1810 797 obsequi
1836 752 1994 786 videare.
2054 751 2149 786 Nam

1142 799 1180 833 in
1225 800 1514 835 administranda
1567 803 1750 847 republica
1799 804 1970 837 convenit
2013 804 2151 837 imitari

1142 852 1261 897 ipsum
1298 853 1430 895 solem,
1475 866 1582 900 quem
1620 853 1869 888 mathematici
1898 857 2047 889 tradunt
2082 856 2151 889 niti

1144 904 1291 950 quidem
1310 912 1435 939 contra
1457 906 1617 952 supremi
1635 906 1732 941 orbis
1749 906 1924 952 impetum
1938 935 1946 948 ,
1974 909 2036 942 sed
2062 909 2152 941 obli-

1144 969 1213 1003 que
1256 957 1487 1005 molliterque
1533 972 1575 993 ex
1612 964 1831 994 transverso.
1904 959 1952 993 Et
1988 960 2151 1005 exempla

1142 1008 1332 1055 utriusque
1353 1011 1495 1054 generis
1516 1017 1714 1052 testantur,
1742 1024 1852 1057 quam
1877 1011 2081 1056 perniciosa
2107 1012 2153 1046 sit

1143 1067 1220 1094 tum
1241 1062 1330 1095 dura
1352 1063 1527 1104 nimium,
1556 1070 1590 1107 et
1608 1063 1779 1108 populari
1802 1064 1982 1097 voluntati
2008 1076 2151 1109 semper

1143 1114 1295 1147 adversa
1329 1115 1520 1156 severitas,
1555 1115 1671 1161 qualis
1702 1115 1771 1149 fuit
1800 1115 1838 1148 in
1870 1115 2029 1157 Catone,
2071 1123 2150 1150 tum

1142 1165 1274 1198 blanda
1294 1166 1448 1200 nimium
1461 1194 1470 1207 ,
1499 1174 1534 1201 et
1559 1169 1605 1200 ad
1624 1167 1721 1211 vulgi
1736 1167 1926 1202 libidinem
1945 1181 2152 1203 accommo-

1142 1218 1226 1250 data
1246 1218 1409 1253 facilitas.
1441 1219 1527 1253 Pari
1542 1219 1639 1253 enim
1660 1220 1864 1254 calamitate
1884 1220 2150 1265 rempublicam

1142 1270 1251 1303 afficit
1267 1271 1483 1315 gubernatio
1496 1299 1506 1312 ,
1535 1278 1598 1306 aut
1615 1272 1756 1313 durior,
1781 1285 1891 1318 quam
1910 1270 2150 1308 humanitatis

1141 1322 1301 1366 postulat
1326 1323 1440 1364 ratio,
1469 1330 1533 1358 aut
1556 1324 1696 1364 lenior,
1723 1336 1834 1370 quam
1858 1325 1966 1358 officii
1992 1325 2150 1370 dignitas

1141 1374 1331 1418 permittit.
1385 1376 1508 1421 Quare
1527 1382 1562 1409 et
1578 1376 1667 1410 illud
1685 1377 1786 1410 addit
1814 1376 1891 1421 (Vs.
1911 1376 2029 1420 137.):

1247 1445 1366 1479 Medio
1390 1447 1583 1480 tutissimus
1611 1447 1688 1480 ibis.

1140 1510 1234 1546 Nam
1253 1512 1315 1558 qui
1332 1514 1561 1547 severitatem
1580 1526 1661 1547 cum
1682 1515 1961 1549 mansuetudine
1979 1521 2013 1547 et
2039 1514 2150 1547 comi-

1111 1565 1212 1596 ltate
1256 1565 1500 1610 coniungunt,
1537 1564 1574 1599 hi
1610 1567 1873 1611 sapientissime
1921 1566 2150 1611 gubernandi

1140 1615 1237 1648 viam
1256 1617 1446 1656 incedunt;
1476 1618 1537 1663 qui
1555 1631 1642 1652 vero
1666 1619 1702 1652 id
1719 1632 1795 1652 non
1812 1619 1970 1659 faciunt,
1998 1619 2050 1651 illi
2072 1631 2148 1651 non

1112 1668 1115 1720 ξ
1140 1668 1203 1702 diu
1226 1669 1353 1713 vulgus
1379 1670 1415 1702 in
1441 1670 1559 1703 officio
1587 1671 1793 1711 continent,
1822 1671 1858 1704 id
1884 1671 1982 1717 quod
2000 1671 2149 1711 indicat,

125 1719 196 1750 Per
213 1719 293 1760 iuya
310 1718 512 1761 chrysolithi
527 1721 721 1765 positaeque
734 1732 781 1752 ex
798 1721 916 1753 ordine
923 1731 1085 1763 yemmae.
1112 1737 1115 1739 -

1141 1732 1221 1753 cum
1238 1721 1288 1754 ait
1313 1722 1388 1763 (Vs.
1411 1721 1495 1756 161.
1520 1722 1605 1758 162.
1631 1723 1705 1756 166
1724 1747 1761 1750 -
1782 1723 1904 1766 170.):

1190 1783 1260 1815 Sed
1277 1783 1344 1816 leve
1358 1785 1491 1826 pondus
1507 1790 1599 1825 erat,
1630 1797 1690 1817 nee
1705 1786 1791 1829 qetotl
1807 1796 2001 1828 coyuoscere
2012 1789 2149 1827 possent

1191 1835 1285 1868 Solis
1300 1837 1396 1880 equi,
1426 1837 1590 1882 solitaque
1607 1838 1722 1879 iuyum
1734 1838 1906 1879 yravitate
1924 1837 2073 1870 carebat.

1190 1887 1455 1934 Suceutiturque
1475 1889 1560 1929 alte,
1588 1889 1776 1933 similisque
1797 1893 1846 1922 est
1864 1900 1988 1922 currus
2010 1890 2120 1921 inani.

1192 1940 1285 1980 Quod
1299 1941 1444 1973 simulac
1459 1952 1604 1979 sensere,
1624 1945 1739 1981 ruemt,
1755 1942 1940 1985 tritumque
1949 1941 2146 1986 relinquunt

1191 1992 1419 2035 Quadriiuyes
1434 1992 1481 2039 ’5)
1502 1995 1668 2036 spatium,
1699 2004 1776 2033 uec,
1806 2005 1868 2038 quo
1880 1995 1998 2036 prius,
2026 1994 2146 2027 ordine

1451 2051 1607 2078 currunt.

1186 2097 1263 2139 Ipse
1275 2101 1373 2139 Juwet
1383 2121 1393 2135 ‚
1423 2108 1482 2129 nec
1496 2110 1562 2142 ueta
1580 2099 1778 2131 comme'ssas
1788 2096 1905 2139 flectat
1919 2098 2082 2137 habenas,

1186 2150 1260 2183 Nec
1275 2149 1350 2188 scit,
1377 2161 1443 2193 (lua
1460 2151 1505 2183 sit
1522 2151 1597 2190 iter,
1626 2161 1696 2189 uec,
1724 2151 1756 2183 si
1772 2150 1872 2190 sciat,
1900 2151 2041 2193 imperet
2059 2149 2142 2182 illis.

1134 2215 1192 2250 Ad
1225 2222 1425 2251 extremum
1454 2217 1565 2262 igitur
1598 2217 1737 2262 ingenti
1771 2217 1882 2252 totius
1918 2217 2016 2252 orbis
2047 2217 2145 2250 malo

1134 2266 1376 2304 Phaethontis
1392 2262 1531 2310 currus,
1560 2268 1628 2303 hoc
1646 2276 1715 2311 est,
1744 2270 1939 2315 imperium
1957 2269 2143 2303 evertitur.

1135 2320 1209 2366 Qui
1226 2321 1322 2354 enirn
1339 2322 1437 2355 nulla
1456 2322 1600 2356 adiutus
1617 2322 1795 2367 sapientia
1811 2321 1971 2357 habenas
1999 2328 2143 2363 tractat,

1136 2373 1258 2407 omnia
1278 2374 1481 2408 temeritate
1497 2388 1558 2409 sua
1577 2375 1765 2409 subvertit.

1236 2434 1387 2468 Praeter
1411 2433 1518 2476 haee,
1560 2436 1632 2469 duo
1661 2441 1745 2469 sunt
1768 2435 1807 2468 in
1833 2432 1900 2468 hac
1922 2434 2042 2467 fabula
2070 2432 2141 2465 loci

1133 2487 1311 2529 morales,
1340 2487 1593 2522 observatione
1608 2488 1730 2532 digni,
1757 2488 1847 2521 alter
1864 2487 2036 2519 admonet
2052 2497 2140 2529 pue-

1133 2552 1192 2574 ros
1205 2567 1214 2581 ,
1241 2552 1286 2573 ne
1301 2546 1494 2584 parentum
1512 2540 1605 2575 iussa
1623 2547 1656 2574 et
1676 2545 1867 2585 praecepta
1888 2543 2139 2577 contemnant,

1133 2593 1222 2626 alter
1253 2593 1378 2633 (locet,
1420 2605 1495 2627 non
1528 2606 1602 2628 esse
1636 2592 1813 2626 servanda
1848 2591 1908 2624 illa
1942 2589 2139 2635 promissa,

1166 2726 1451 2794 4522Q16clactriiuyes]
1471 2727 1718 2758 sicEditt.1555.,
1738 2726 1836 2757 1559.;
1856 2725 1935 2750 ovid.
1955 2725 2007 2751 Ed.
2027 2724 2137 2749 Μίῑεςὴο

1229 2770 1266 2788 ua
1288 2768 1390 2793 ratum.
