2421 3005
61 119 136 153 697
351 116 455 152 XCII.

63 204 189 237 ventiis
218 203 366 238 liberius
392 205 554 243 taxabam
597 210 719 249 postea
747 217 803 238 ars
825 205 990 245 accessit,
1027 211 1059 237 et

62 254 288 289 theatrorum
310 257 542 289 consuetudo.
596 256 805 290 Aristoteles
821 255 904 302 περὶ
919 269 1059 302 ποιητι-

62 309 126 353 κῆς
137 306 181 352 ¹⁰)
197 333 205 347 ,
235 309 276 339 de
295 308 453 340 nominis
469 308 606 351 origine
627 308 730 340 aliter
754 309 879 347 sentit,
917 320 980 341 uec
1007 307 1059 352 pi-

60 365 117 403 get
141 359 341 392 adscribere
370 359 444 392 eius
468 360 594 392 verba:
639 356 689 398 ὡς
716 357 946 406 κωμῳδοὺς,
991 358 1059 394 οὐκ

60 408 134 445 ἀπὸ
149 412 219 445 τοῦ
234 407 422 455 κωμάζειν
441 409 642 455 λεχθέντας
654 440 662 451 ,
690 409 782 445 ἀλλὰ
800 413 846 456 τῇ
861 408 960 445 κατὰ
984 407 1057 445 κώ-

58 474 132 506 μας
148 459 288 507 πλάνῃ,
312 459 613 507 ’ἀτιμαζομένους
628 463 667 497 ἐκ
683 465 751 497 τοῦ
768 462 919 501 ἄστεως.
972 461 1060 495 Cae-

59 520 135 546 tera
153 513 329 547 Donatus.
382 512 422 546 ln
441 514 666 548 recensendis
681 514 900 558 argumentis
921 514 1059 546 fabula-

59 577 139 598 rum
152 592 161 605 ,
189 564 376 598 consilium
396 572 523 609 poetae
543 578 682 600 summa
701 577 784 599 cura
804 566 1057 610 exponendum

61 622 132 656 est,
161 628 315 661 quarum
337 629 573 661 personarum
591 617 848 661 descriptiones
872 617 907 649 in
932 617 1058 661 primis
1085 658 1087 662 Α

60 668 339 701 admirationem
357 676 583 709 mereantur,
621 670 657 702 in
683 668 812 715 quibus
832 668 919 702 locis
946 668 1059 713 pluri·
1085 666 1087 669 ’

58 731 159 753 mum
185 727 430 754 commoretur
455 728 583 765 poeta,
618 720 680 755 ubi
706 721 902 764 plurimum
928 732 1058 753 nervo-

59 783 161 812 rum,
186 771 384 816 plurimum
401 773 628 818 eloquentiae
643 778 815 812 ostentet,
844 784 934 817 quos
959 772 1059 806 locos
1084 790 1087 820 ἦ

58 822 108 856 ita
126 825 380 857 commendent
398 825 536 868 pueris,
562 830 653 857 utet
674 823 900 856 familiariter
924 830 1058 864 ament,
1085 844 1087 859 ε

59 880 94 908 et
113 880 287 921 tanquam
303 875 434 920 digitos
450 889 532 910 suos
552 875 686 909 norint.
738 874 784 908 Et
801 875 847 908 ob
866 873 960 909 hanc
977 887 1058 908 cau-
1084 881 1087 898 ²

58 938 134 960 sam
160 927 364 962 fabularum
393 928 555 961 omnium
583 934 795 971 argumenta
821 927 933 960 veteri
957 939 1058 960 more
1085 929 1087 966 ξ

57 979 95 1010 iu
129 975 312 1024 πρότασιν
328 978 392 1025 ¹¹),
441 977 629 1020 ἐπίτασιν,
674 976 944 1025 καταστροφὴν
976 991 1058 1024 par-

56 1029 215 1070 tiantur,
248 1037 287 1063 ut
311 1029 500 1065 distributa
529 1031 666 1064 facilius
693 1032 911 1076 adsequatur
934 1031 1058 1064 iuven-

56 1087 125 1115 tus.
193 1080 285 1116 Fere
317 1089 436 1116 autem
470 1083 613 1116 fabulae
646 1083 832 1116 continent
855 1082 1055 1127 periculum

57 1133 259 1178 quoddam;
286 1146 465 1180 nusquam
483 1135 578 1168 enim
599 1134 748 1168 consilio
767 1134 864 1168 locus
882 1141 953 1174 est,
989 1134 1058 1168 nisi

57 1185 96 1218 in
111 1184 228 1218 dubiis
245 1186 363 1220 rebus.
418 1186 544 1232 Neque
560 1199 646 1220 vero
664 1186 761 1219 aliud
779 1193 829 1220 est
858 1187 1059 1227 comoedia,
1084 1192 1087 1221 Ξ

57 1236 127 1270 nisi
142 1234 386 1271 humanorum
407 1239 640 1273 consiliorum
664 1244 697 1271 et
719 1245 912 1272 eventuum
937 1238 1057 1282 imago

59 1288 251 1334 quaedam.
270 1310 273 1311 ν

351 1382 761 1429 Argumentumw).

159 1447 200 1482 ln
215 1448 353 1483 Andria
375 1450 599 1495 periclitatur
614 1449 845 1496 Pamphilus,
872 1458 913 1485 ut
931 1451 1058 1497 Glyce-

58 1500 113 1533 rio
141 1500 248 1534 fidem
272 1502 488 1546 promissam
516 1508 692 1547 praestet,
736 1509 927 1548 postquam
961 1504 1058 1547 patri

57 1563 122 1596 per
141 1564 301 1587 errorem
321 1554 502 1598 pollicitus
518 1560 588 1595 est,
615 1555 775 1589 futurum
793 1567 830 1589 se
844 1555 882 1588 in
901 1554 976 1589 eius
994 1567 1057 1599 po-

55 1609 204 1644 testate,
231 1616 271 1637 ac
290 1605 480 1640 ducturum
493 1633 503 1647 ,
531 1618 639 1652 quam
658 1607 775 1641 vellet.
815 1606 950 1653 Estque
969 1605 1057 1640 haec

58 1655 169 1689 veluti
185 1652 315 1696 στάσις
329 1657 483 1692 fabulae.
539 1658 696 1692 Consilia
719 1659 861 1698 omnia,
889 1658 1056 1704 querelae

58 1719 202 1747 omnes,
249 1716 461 1753 argumenta
491 1710 612 1743 omnia
643 1707 712 1743 huc
742 1711 930 1743 referenda
961 1717 1057 1744 sunt.

57 1757 103 1792 Et
120 1765 194 1792 tota
212 1759 331 1793 fabula
349 1761 474 1795 similis
492 1768 544 1795 est
559 1761 716 1795 orationi
734 1762 872 1805 gener-Is
891 1761 1056 1796 suasorii.

56 1810 149 1844 Nam
170 1811 267 1845 varie
291 1812 334 1845 de
362 1819 436 1846 tota
461 1826 565 1846 causa
590 1813 795 1846 consultant
817 1825 937 1853 senes,
970 1814 1057 1847 ado-

56 1862 227 1896 lescentes
244 1875 285 1897 ac
306 1864 411 1898 servi.
473 1865 542 1898 Sed
568 1872 605 1898 ut
631 1871 881 1909 argumentum
906 1865 1056 1909 propius
1082 1880 1085 1900 ι

56 1925 201 1947 cernere
217 1922 351 1961 queant
368 1917 490 1960 pueri,
525 1917 653 1950 ordine
676 1917 832 1961 singulas
856 1923 976 1961 partes
1001 1929 1056 1950 re-
1082 1935 1084 1942 2

55 1965 222 2000 feremus.

320 2053 525 2088 Periculum
554 2055 714 2089 Protasis
732 2054 789 2101 ¹³).

162 2119 251 2154 Cum
287 2128 424 2155 amaret
446 2122 658 2167 Pamphilus
680 2123 908 2169 Glycerium,
948 2122 1053 2168 quue

57 2173 162 2205 fidem
181 2172 335 2206 dedisset
352 2174 543 2208 ducturum
572 2189 607 2209 se
630 2188 703 2209 esse
729 2188 898 2214 uxorem,
938 2181 1054 2219 pater,

56 2223 117 2269 qui
134 2236 256 2257 amare
267 2224 378 2258 filium
399 2234 635 2270 compererat,
652 2228 840 2261 consilium
861 2226 954 2271 capit
971 2227 1053 2260 abs·
1079 2228 1082 2256 l

55 2272 222 2309 trahendi
248 2275 323 2310 eius
347 2288 364 2309 a
383 2277 550 2323 Glycerio
564 2306 573 2319 ,
605 2279 750 2313 simulat
768 2292 803 2314 se
822 2290 969 2313 uxorem
990 2280 1053 2311 da-

89 2411 136 2443 10)
156 2412 275 2436 Aristot.
295 2412 328 2436 de
346 2417 408 2436 arte
430 2415 500 2442 poet.
521 2415 547 2439 4.
566 2413 591 2437 3.
620 2414 668 2439 Ed.
686 2414 778 2438 Buhle.

89 2454 135 2486 n)
155 2453 308 2485 πρότασιν]
335 2455 374 2479 sic
394 2456 478 2479 καίει.
503 2457 713 2486 ¹534—162³.;
750 2456 833 2482 Editt.
857 2458 947 2487 1:228,
976 2457 1051 2481 15³³.
1077 2453 1080 2477 ὲ

126 2488 272 2520 πρόθεσιν.

89 2530 136 2562 12)
158 2532 234 2555 Hanc
251 2531 457 2561 inscriptionem
477 2532 528 2562 ipsi
549 2533 657 2561 addaiu
684 2534 709 2556 in
730 2533 787 2556 iuis
803 2533 873 2557 enim
888 2534 969 2557 Editt.
992 2534 1015 2556 Ιι.
1034 2534 1051 2556 Ι.

122 2566 207 2590 deest.
246 2567 362 2597 Legitur
380 2567 431 2590 hoc
448 2573 553 2597 argum.
575 2569 600 2590 in
622 2569 704 2592 Editt.
722 2568 931 2594 1528—1623..
957 2576 979 2592 s.
999 2574 1024 2592 a.

87 2608 132 2640 1³)
154 2609 309 2632 Periculum
335 2609 464 2633 Protasis
492 2610 528 2641 (s.
549 2609 722 2641 aphrae-51]
750 2611 792 2634 sic
817 2612 901 2634 Edttt.
928 2612 994 2635 153⁴
1016 2625 1050 2629 —
1076 2619 1078 2625 ¹

123 2644 216 2667 1510..
240 2643 312 2667 1542,
330 2645 382 2670 M..
407 2644 499 2669 154³..
522 2646 612 2675 t546.,
636 2646 727 2670 1548„
758 2646 832 2671 1550.
848 2646 899 2671 V.,
930 2647 994 2670 1551
1018 2660 1051 2663 —
1076 2660 1077 2681 χ

122 2678 215 2707 16239
252 2678 336 2702 Editt.
355 2678 449 2702 1528..
478 2680 551 2703 ¹533.
578 2680 731 2703 Periculum
764 2680 925 2705 Protnesis:
964 2681 1049 2704 Editt.

119 2712 356 2771 ὲῗὲῗὲέἔὸὲῶήό.
376 2713 493 2737 Pet-iculi
515 2714 659 2743 Protesi&
687 2716 736 2738 Ed.
758 2715 830 2739 1550.
846 2716 874 2739 Β.
893 2715 1050 2739 Periculum
1076 2713 1077 2743 I

507 115 793 152 ENARRATIO
829 116 1197 152 COMOEDIARUM
1233 118 1476 154 TERENI‘II.

1077 2575 1079 2583 ’
1105 2579 1139 2611 id
1159 2579 1315 2624 primum
1336 2579 1624 2626 deprehenderit.

1534 121 1565 155 1.
1593 119 1824 158 ANDRIAE.
2042 125 2116 159 698

1116 211 1257 246 turum,
1295 206 1499 252 poscitque,
1537 213 1644 240 utne
1674 208 1766 242 filius
1799 210 1834 242 id
1866 217 2016 244 recuset.
2086 209 2118 244 Is

1115 268 1194 289 cum
1223 264 1255 290 et
1278 265 1416 301 patrem
1440 264 1642 298 vereretur,
1672 267 1706 292 et
1721 261 1926 305 Glycerium
1953 263 2118 296 deserere

1114 320 1241 352 parum
1261 309 1361 353 pium
1377 311 1573 350 iudicaret,
1600 312 1730 354 pendet
1749 313 1881 354 animi,
1910 326 1974 347 nec
1996 311 2118 354 habet,

1115 372 1186 404 quo
1210 355 1246 394 se
1270 368 1402 395 vortat.
1472 361 1523 394 lbi
1546 361 1669 396 Davus
1692 362 1912 408 intelligens,
1954 366 2119 399 simulari

1114 423 1189 443 rem
1215 425 1233 444 a
1259 419 1381 456 patre,
1411 413 1564 447 consulit
1582 411 1687 447 herili
1707 415 1800 456 filio,
1840 423 1880 449 ut
1904 417 2118 460 polliceatur

1113 463 1230 507 patri,
1258 476 1294 496 se
1312 465 1347 497 in
1365 464 1439 497 eius
1458 472 1632 509 potestate
1649 466 1830 507 futurum,
1859 469 2009 512 periculi
2026 467 2118 502 nihil

1115 526 1208 554 esse,
1237 516 1530 561 quandoquidem
1557 517 1772 552 simulentur
1791 520 1951 563 nuptiae.
2006 521 2118 554 Filius

1115 567 1343 612 obsequitur,
1387 580 1607 613 quamquam
1637 582 1760 613 aegre,
1800 571 1992 615 pollicetur
2025 572 2116 616 patri

1113 619 1305 651 ducturum
1327 632 1382 659 se,
1412 632 1520 664 (luam
1540 621 1657 656 vellet.

1528 722 1695 767 Epitasis.

1217 795 1354 830 Interea
1375 799 1556 842 spargitur
1573 801 1616 833 de
1626 799 1808 845 Pamphili
1827 802 1962 847 nuptiis
1978 815 2117 844 rumor,

1084 868 1086 875 ι
1112 848 1308 882 resciscunt
1341 856 1374 882 et
1399 851 1651 891 mulierculae,
1688 853 1816 898 quibus
1843 867 1921 887 cum
1948 855 2116 900 Glycerio

1114 903 1337 934 consuetudo
1361 908 1449 935 erat.
1506 902 1549 935 Et
1575 909 1697 947 pater,
1732 917 1810 938 cum
1840 917 1856 937 a
1886 906 1980 945 filio,
2018 909 2114 952 quod

1113 952 1298 993 voluerat,
1328 953 1551 995 extorsisset,
1580 967 1654 988 non
1673 955 1744 988 iam
1767 957 1911 990 simulat
1931 969 2028 998 rem,
2056 960 2117 992 sed

1113 1004 1242 1037 seriam
1268 1005 1426 1038 fabulam
1456 1006 1607 1040 orditur.
1675 1005 1900 1042 Chremetem
1936 1016 2035 1050 orat,
2077 1017 2117 1044 ut

1113 1062 1259 1099 gnatam
1289 1058 1347 1090 det
1371 1069 1518 1090 uxorem
1545 1071 1609 1091 suo
1638 1058 1724 1093 filio.
1785 1059 1903 1093 Facile
1931 1061 2117 1106 impetrat.

1113 1107 1179 1140 Hic
1209 1109 1252 1141 de
1270 1107 1463 1153 Pamphilo
1493 1116 1611 1143 actum
1638 1111 1723 1150 fuit,
1761 1118 1945 1146 maturare
1971 1114 2117 1158 nuptias

1114 1166 1215 1204 pater
1229 1161 1366 1200 studet,
1401 1167 1432 1193 et
1454 1161 1546 1195 filius
1569 1162 1749 1206 pollicitus
1775 1171 1851 1197 erat
1876 1176 1912 1197 se
1939 1164 1975 1197 in
2004 1165 2117 1209 patris

1113 1217 1288 1255 potestate
1314 1213 1476 1246 futurum
1505 1226 1589 1247 esse.
1659 1214 1823 1259 Quaeso,
1867 1218 2051 1261 quomodo
2076 1229 2117 1250 ex

1113 1261 1167 1296 his
1200 1263 1314 1297 turbis
1345 1277 1380 1298 se
1414 1265 1587 1309 explicet?
1628 1267 1715 1311 quid
1747 1267 1856 1300 faciat
1877 1266 2116 1313 Pamphilus?

1113 1314 1178 1347 Hic
1202 1315 1344 1355 Davus,
1387 1316 1487 1350 cuius
1517 1317 1760 1361 imprudentia
1795 1319 1994 1363 periculum
2032 1332 2117 1353 con-

1114 1372 1266 1400 tractum
1285 1374 1381 1407 erat,
1411 1380 1490 1401 cum
1508 1370 1611 1402 dolus
1631 1381 1706 1402 non
1725 1371 1967 1412 successisset,
2005 1369 2117 1405 Chre-

1112 1424 1243 1451 metem
1279 1420 1436 1452 deterret
1470 1432 1488 1452 a
1523 1421 1677 1465 nuptiis,
1714 1422 1820 1455 fidem
1844 1423 1977 1458 faciens
2000 1423 2115 1456 amari

1113 1470 1219 1503 aliam
1241 1483 1259 1503 a
1280 1469 1487 1515 Pamphilo.

1487 1573 1737 1620 Catastrophe.

1214 1648 1260 1681 At
1277 1655 1378 1693 pater
1394 1662 1470 1683 rem
1487 1658 1609 1695 urget,
1638 1659 1672 1685 et
1692 1653 1937 1697 processisset,
1966 1653 2035 1687 nisi
2059 1666 2115 1687 ca-

1111 1711 1189 1739 sus,
1219 1700 1280 1745 qui
1297 1713 1401 1745 saepe
1419 1702 1498 1746 plus
1518 1703 1613 1736 valet
1635 1717 1742 1749 quam
1770 1706 1885 1745 ratio,
1921 1706 2038 1739 dubiis
2061 1718 2115 1739 re-

1111 1751 1176 1784 bus
1196 1763 1299 1795 opem
1319 1754 1508 1788 attulisset.
1569 1754 1678 1788 Venit
1701 1756 1880 1802 quispiam
1898 1756 2019 1797 Crito,
2053 1757 2115 1802 qui

1111 1803 1215 1835 docet
1241 1803 1446 1848 Glycerium
1474 1803 1674 1840 Chremetis
1701 1807 1810 1840 filiam
1841 1820 1934 1847 esse,
1972 1815 2113 1851 gratum

1112 1854 1279 1888 omnibus
1310 1856 1492 1891 nuntium.
1561 1857 1717 1902 Nuptiae
1743 1871 1785 1892 ex
1808 1859 1984 1892 sententia
2008 1859 2115 1893 Pam-

1111 1903 1200 1949 phili
1232 1907 1482 1942 conficiuntur.
1551 1908 1663 1950 Vide,
1707 1922 1748 1943 ex
1781 1917 1918 1956 quanto
1942 1911 2115 1955 periculo,

1111 1969 1193 1990 casu
1212 1959 1365 1992 evaserit
1381 1958 1607 2005 Pamphilus.

1214 2008 1278 2043 Est
1297 2017 1417 2044 autem
1435 2012 1472 2044 in
1491 2024 1593 2045 more
1615 2012 1809 2053 Terentio,
1837 2013 1875 2046 in
1898 2014 2016 2058 prima
2037 2014 2111 2048 sere

1109 2072 1233 2101 scena,
1271 2061 1379 2107 longa
1405 2064 1616 2098 narratione
1643 2077 1930 2099 commemorare
1957 2065 2114 2100 occasio-

1108 2124 1191 2145 nem
1208 2113 1370 2155 fabulae,
1399 2122 1506 2161 atque
1526 2128 1584 2150 eas
1601 2117 1828 2151 narrationes
1850 2117 2000 2162 plurimi
2022 2118 2113 2151 fece-

1108 2170 1194 2197 runt
1220 2171 1367 2200 veteres.
1435 2167 1492 2201 Sic
1521 2168 1558 2200 in
1580 2168 1716 2201 Andria
1751 2168 1900 2213 exponit
1928 2167 2113 2214 Pamphili

1109 2227 1269 2257 amores,
1296 2224 1331 2250 et
1348 2219 1461 2262 patris
1482 2220 1668 2253 consilium
1682 2247 1691 2260 ‚
1719 2233 1790 2266 quo
1810 2220 1839 2254 is
1855 2221 1966 2254 filium
1987 2233 2006 2254 a
2024 2221 2111 2266 Gly-

1108 2267 1203 2300 cerio
1230 2269 1435 2304 divulsurus
1462 2277 1549 2304 erat.
1616 2270 1656 2304 ln
1683 2272 1831 2318 reliquis
1856 2273 1969 2306 scenis
1993 2272 2111 2316 pergit

1108 2319 1297 2354 consilium
1317 2322 1457 2368 exequi.
1518 2322 1610 2356 Sunt
1633 2323 1801 2368 adspersa
1828 2324 2032 2357 narrationi
2058 2323 2109 2356 illi

1107 2371 1247 2415 primae
1279 2374 1391 2406 multa
1426 2372 1605 2407 rhetorica
1633 2382 1859 2408 ornamenta.
1919 2375 1983 2409 Est
2011 2375 2108 2408 enim

1078 2431 1080 2436 '
1106 2422 1319 2457 mirabiliter
1334 2431 1435 2458 aucta
1448 2452 1456 2465 ,
1481 2427 1827 2460 commemoratione
1845 2439 1986 2459 morum
2000 2453 2009 2466 ,
2036 2433 2109 2460 stu-

1078 2506 1079 2510 ,
1106 2474 1270 2514 diorum,
1298 2477 1453 2510 sodalitii
1471 2477 1676 2523 Pamphili,
1704 2491 1774 2524 qua
1796 2479 1982 2511 occasione
1999 2478 2108 2511 Pam-

1078 2522 1079 2549 ἶ
1105 2524 1224 2571 philus
1243 2528 1405 2572 deperire
1424 2529 1459 2562 in
1479 2530 1685 2575 Glycerium
1706 2530 1884 2573 coeperit,
1919 2529 1981 2562 ubi
2005 2536 2108 2574 pater

1678 2581 1775 2614 Haec
1794 2587 1957 2614 accurate
1976 2593 2106 2626 expen-

1104 2632 1162 2663 det
1184 2632 1383 2674 professor,
1413 2639 1445 2666 et
1468 2633 1574 2666 velim
1601 2631 1658 2666 hic
1686 2633 1879 2666 immodice
1909 2633 2015 2666 etiam
2043 2646 2105 2665 an-

1104 2682 1199 2715 xium
1219 2695 1304 2724 esse,
1333 2682 1395 2718 καὶ
1410 2686 1742 2733 πολυπραγμονεῖν
1758 2685 2002 2729 interpretem.
2042 2683 2106 2718 Est

1104 2735 1197 2767 enim
1226 2736 1342 2769 modis
1368 2737 1534 2771 omnibus
1562 2737 1807 2777 efficiendum,
1850 2743 1888 2770 ut
1915 2737 2107 2775 mirentur,
