2421 3005
86 133 160 170 217
511 111 691 164 Luxu.

87 217 249 257 miscuit;
277 217 454 258 alterum,
481 218 584 259 (Ant.
601 215 657 262 2.)
682 215 781 262 quod
805 215 843 249 in
865 227 999 249 arcano
1021 211 1101 247 tha-

87 273 186 306 lamo
200 268 296 304 Iovis
313 269 505 314 coniugem
522 267 689 302 tentavit.

193 329 309 364 Decet
340 335 462 363 autem
495 340 639 373 semper
669 327 898 361 considerare
929 325 1101 372 cuiusque

90 383 144 418 rei
161 389 288 417 metas.
342 379 460 416 Thori
479 387 600 414 autem
619 377 803 414 inhonesti
820 379 1045 424 impulerunt
1063 377 1102 410 in

91 435 332 470 calamitatem
358 439 393 466 et
414 431 511 467 hunc
530 433 756 466 accedentem
770 458 779 471 ,
808 437 1001 477 postquam
1021 441 1102 463 cum

90 488 187 522 nube
212 484 406 520 concubuit
428 484 593 529 ignarus,
622 490 794 530 sequutus
810 483 950 516 dulcem
968 481 1104 516 illusio-

91 552 190 574 nem.
252 537 384 571 Forma
419 537 515 570 enim
548 537 675 570 similis
703 542 779 569 erat
805 534 958 575 Iunoni,
994 545 1103 580 quam

92 592 226 626 nubem
254 589 377 623 dolose
401 586 495 622 lovis
520 601 649 623 manus
673 588 706 621 ei
729 589 890 621 fecerant
914 584 1104 631 pulchram

93 641 304 689 perniciem.
364 640 505 674 Deinde
537 640 620 674 fecit
651 636 781 673 rotam'
800 645 958 684 quatuor
985 637 1106 671 radio-

93 708 175 729 rum
209 693 411 727 exitiosam.
478 695 561 737 (Ep.
580 692 633 738 2.)
667 690 769 725 Ixion
793 691 903 735 igitur
924 690 1046 734 lapsus
1068 688 1107 721 in

93 746 260 787 vincula,
289 744 380 778 dixit
403 745 508 779 istam
534 751 659 778 notam
685 743 971 777 admonitionem
992 742 1035 775 de
1053 753 1108 774 re-

94 799 243 833 ferenda
271 796 401 842 gratia.
453 796 601 841 Peperit
624 795 734 839 igitur
757 795 833 830 sola
860 795 974 828 nubes
998 799 1108 826 teme-

95 850 233 885 rariam
258 849 422 883 sobolem
448 849 524 882 sine
542 847 697 888 Gratiis,
723 859 843 893 neque
869 846 965 880 inter
990 843 1110 878 homi·

96 915 161 937 nes
193 913 311 947 neque
336 900 432 933 inter
453 899 550 934 Deos
573 897 816 940 honoratam,
851 911 961 945 quam
987 896 1110 931 nutrix

96 952 303 988 nominavit
326 952 572 993 Centaurum,
610 951 674 998 qui
705 952 847 985 iunctus
873 956 926 985 est
950 949 1111 995 equabus

98 1004 316 1040 Thessalicis
347 1004 385 1037 in
409 1004 502 1038 Pelii
534 1004 647 1042 valle;
682 1004 766 1037 inde
796 1009 903 1037 natus
936 1001 1111 1035 exercitus

99 1057 287 1092 mirandus
299 1083 308 1097 ,
334 1056 480 1102 utrique
496 1056 640 1101 parenti
656 1055 796 1096 similis,
820 1054 971 1088 inferius
990 1052 1111 1093 matri,

100 1109 264 1156 superius
286 1108 394 1153 patri.

206 1171 299 1214 (Str.
317 1168 370 1216 3.)
396 1167 496 1201 Deus
517 1167 640 1200 omnia
660 1179 727 1212 pro
745 1179 809 1201 sua
831 1167 1017 1200 voluntate
1032 1176 1114 1210 per-

101 1221 187 1256 ficit.
247 1219 346 1254 Deus
380 1226 415 1252 et
444 1219 594 1252 celerem
630 1219 789 1264 aquilam
821 1217 1045 1264 assequitur,
1081 1222 1115 1250 et

101 1271 305 1319 praecurrit
327 1269 500 1316 delphino
512 1298 521 1311 ,
552 1277 586 1304 et
603 1270 724 1304 deiicit
740 1271 914 1315 superbos
931 1267 1113 1307 homines;

745 125 1149 164 INTERPRETATIO
1186 125 1483 162 PYTHIORUM
1520 126 1700 162 PINDAR
1705 126 1732 163 1.

103 1325 182 1359 aliis
207 1330 326 1357 autem
351 1324 412 1356 dat
432 1323 599 1367 gloriam.
668 1322 728 1355 Me
756 1335 841 1356 vero
863 1323 986 1365 fugere
1014 1321 1116 1354 decet

101 1374 375 1410 maledicentiae
390 1374 578 1418 lugubrem
597 1385 772 1408 morsum.
810 1373 896 1406 Vidi
916 1373 1012 1406 enim
1029 1384 1115 1416 pro-

102 1429 160 1463 cul
185 1428 223 1461 in
246 1426 400 1462 miseriis
425 1426 706 1459 conviciatorem
724 1423 1006 1466 Archilochum,
1035 1423 1115 1469 pin-

103 1493 170 1526 gue
187 1481 321 1514 factum
338 1478 524 1512 maledicis
542 1477 645 1512 odiis.
689 1477 873 1513 Ditescere
893 1484 1015 1511 autem
1033 1488 1115 1509 cum

101 1532 197 1567 felici
215 1531 389 1577 sapientia
405 1557 415 1572 ,
443 1530 621 1576 optimum
641 1536 704 1565 est.

206 1604 311 1645 (Ant.
329 1600 382 1647 3.)
411 1600 471 1635 Tu
493 1612 578 1634 vero
603 1612 699 1634 nunc
714 1597 824 1633 habes
844 1599 988 1633 divitias
1002 1599 1114 1632 libera

102 1660 224 1688 mente
243 1659 386 1698 partas,
414 1665 495 1693 rex,
524 1652 586 1698 qui
606 1665 641 1686 es
661 1651 831 1685 dominus
847 1652 1047 1685 multorum
1065 1650 1116 1683 vi-

105 1718 230 1740 corum
247 1711 281 1738 et
297 1704 529 1738 exercituum.
585 1704 621 1737 Si
639 1703 718 1749 quis
734 1710 852 1737 autem
871 1704 975 1744 dicit,
1004 1703 1115 1737 alium

105 1758 235 1804 opibus
254 1763 288 1790 et
304 1754 444 1790 honore
462 1756 500 1788 in
511 1755 662 1789 Graecia
678 1755 784 1789 fuisse
800 1755 1117 1799 praestantiorem,

104 1811 186 1844 laxa
205 1816 239 1844 et
256 1821 349 1842 vana
367 1814 487 1842 mente
504 1808 672 1842 luctatur.

210 1877 285 1911 lam
303 1889 389 1911 vero
406 1878 597 1911 ascendam
614 1876 651 1909 in
668 1875 892 1920 splendidam
908 1874 1018 1914 viam,
1041 1874 1117 1908 lau-

105 1932 256 1966 daturus
270 1929 480 1963 Hieronem.
534 1928 715 1962 luventuti
732 1927 898 1971 congruit
913 1926 1062 1959 audacia
1080 1926 1118 1958 in

103 1982 220 2018 bellis.
273 1981 381 2015 Unde
403 1981 484 2015 dico
508 1987 541 2014 te
563 1993 733 2025 magnam
754 1979 907 2023 gloriam
928 1977 1118 2017 invenisse,

105 2037 190 2079 (Ep.
215 2034 268 2080 3.)
310 2033 551 2078 proeliantem
590 2033 685 2066 inter
721 2031 860 2078 equites
899 2037 932 2063 et
969 2030 1118 2074 pedites.

105 2087 213 2123 Nunc
241 2085 389 2119 consilia
419 2085 546 2119 senilia
576 2084 751 2130 praebent
789 2080 879 2115 mihi
911 2094 1117 2116 sermonem

108 2139 155 2173 ad
176 2145 211 2172 te
234 2137 458 2171 laudandum
481 2137 556 2171 sine
573 2137 746 2181 pericuIO.
800 2135 922 2169 Salve:
952 2132 1020 2167 hoc
1042 2146 1117 2167 car-

108 2203 193 2224 men
223 2196 323 2223 trans
353 2201 453 2222 mare
482 2189 657 2229 mittitur,
689 2189 781 2222 sicut
804 2199 939 2220 merces
960 2184 1118 2220 Phoeni-

108 2255 201 2276 cum.
257 2241 326 2275 Sed
342 2240 372 2274 si
387 2241 439 2275 vis
457 2240 667 2275 Castoreum
686 2238 863 2286 hymnum
881 2238 1009 2272 fidibus
1024 2239 1118 2271 Aeo-

106 2294 205 2334 licis,
232 2292 418 2326 considera
443 2293 595 2337 gratiam
620 2290 777 2326 citharae
804 2297 939 2336 septem
966 2288 1118 2324 chorda-

106 2358 203 2381 rum.
258 2345 408 2378 Maneas
430 2344 530 2385 talis,
559 2345 701 2390 qualem
721 2350 754 2377 te
772 2356 846 2377 esse
862 2343 940 2377 scis.
995 2342 1118 2375 Relin-

109 2411 178 2444 que
207 2397 296 2431 illud
324 2396 464 2441 pueris,
500 2394 648 2441 pulchra
683 2403 735 2430 est
763 2396 879 2430 simia.
944 2396 1040 2436 (Str.
1064 2393 1117 2439 4.)

107 2447 412 2484 Rhadamanthus
434 2448 502 2482 suit
524 2449 668 2487 beatus,
698 2447 781 2493 quia
806 2459 906 2480 mens
923 2446 989 2480 fuit
1005 2446 1118 2479 incul-

107 2508 211 2547 pata:
237 2514 303 2535 nec
318 2501 490 2534 delectata
509 2507 560 2534 est
576 2499 860 2543 deceptionibus,
890 2499 1013 2544 quales
1028 2499 1119 2531 fiunt

109 2553 202 2587 dolis
231 2553 547 2587 calumniatorum.
616 2551 827 2585 Calumniae
852 2557 935 2585 sunt
955 2550 1117 2595 utrisque

108 2605 244 2638 malum
267 2605 520 2650 insuperabile.
583 2603 653 2649 lpsi
675 2610 758 2637 sunt
783 2603 949 2646 vulpibus
971 2601 1117 2636 similes.

109 2656 208 2702 Quid
234 2662 354 2690 autem
376 2655 588 2690 lucrantur?
644 2656 692 2689 Ut
714 2655 808 2688 enim
832 2654 984 2698 tigillum
1010 2666 1118 2698 super
1144 2662 1146 2674 ⁸

108 2720 209 2742 mare
233 2720 308 2741 non
331 2708 525 2752 mergitur,
555 2721 635 2742 cum
660 2714 734 2742 rete
754 2704 897 2740 vehitur
915 2706 952 2738 in
968 2706 1117 2750 prosun-
1143 2675 1146 2728 l

109 2760 174 2794 do:
203 2760 252 2795 sic
269 2773 333 2806 ego
353 2772 427 2794 non
444 2772 601 2805 mergor.
1143 2731 1146 2784 l

2091 127 2165 163 218

1261 214 1363 261 (Ant.
1379 214 1433 260 4.)
1466 213 1690 259 Impossibile
1713 220 1766 248 est
1786 215 1912 248 doloso
1936 213 2027 253 civi,
2061 214 2167 246 edere

1155 267 1299 300 firmum
1334 279 1557 300 sermonem:
1593 273 1754 299 attamen
1777 273 1966 300 assentans
1989 265 2170 303 omnibus,

1155 319 1336 363 profunde
1371 319 1535 363 implicat
1570 330 1774 358 sermones,
1815 319 1915 352 cuius
1955 316 2170 350 temeritatis

1156 371 1242 404 nolo
1259 382 1333 404 esse
1352 371 1542 416 particeps.
1602 370 1770 404 Amicum
1797 382 1892 403 amo.
1947 368 2016 402 Sed
2043 369 2171 402 adver-

1157 435 1215 457 sus
1238 420 1376 456 hostem
1404 423 1495 456 sicut
1525 420 1637 456 hostis
1665 422 1741 466 lupi
1761 421 1874 456 instar
1889 433 2054 460 curram,
2083 420 2170 453 alias

1157 474 1262 507 aliter
1285 474 1476 509 ambulans
1500 474 1656 520 obliquis
1678 474 1756 508 viis.
1825 473 2061 518 Rectiloquus
2083 483 2171 505 vero

1158 526 1197 559 in
1234 526 1402 560 omnibus
1439 527 1551 571 legem
1590 527 1744 559 antefert
1775 526 1872 570 apud
1901 531 2097 569 tyrannos,
2138 530 2173 556 et

1160 578 1307 624 quando
1332 578 1515 624 inquietus
1538 579 1731 617 exercitus,
1761 583 1796 610 et
1820 577 1967 622 quando
1993 575 2173 620 sapientes

1159 630 1286 664 urbem
1308 636 1444 664 tenent.
1498 630 1567 663 Sed
1583 636 1708 663 contra
1725 628 1842 662 Deum
1861 640 1936 661 non
1952 627 2172 661 contenden-

1160 683 1247 715 dum
1271 689 1342 722 est,
1372 681 1453 727 (Ep.
1471 680 1524 728 4.)
1548 682 1610 727 qui
1627 681 1824 727 aliquando
1843 678 1909 714 hos
1927 680 2080 718 exaltat,
2109 677 2173 711 ali-

1162 735 1309 780 quando
1334 733 1415 767 aliis
1441 734 1503 766 dat
1526 735 1692 778 gloriam.
1747 732 1874 778 Neque
1890 730 1959 765 hoc
1977 738 2098 764 tamen
2118 741 2173 763 sa-

1161 792 1224 819 nat
1247 785 1402 819 invidos.
1456 785 1529 830 Qui
1546 792 1665 819 autem
1685 782 1841 818 trahitur
1860 790 2009 829 propter
2025 781 2174 815 alterius

1163 838 1395 871 excellentem
1423 849 1650 877 mensuram,
1679 837 1707 871 is
1732 836 1864 869 inflixit
1889 848 1953 869 suo
1978 834 2079 868 cordi
2097 833 2174 866 vul-

1163 902 1251 930 nus,
1303 890 1514 935 priusquam
1555 889 1694 934 potitur
1735 889 1785 928 is,
1831 887 1892 934 qui
1932 884 2173 920 machinatur.

1165 941 1303 987 Cuique
1337 948 1456 975 autem
1489 941 1613 985 iugum
1639 940 1730 974 collo
1757 952 1821 974 suo
1848 939 2058 984 impositum
2080 938 2174 970 ferre

1165 995 1324 1039 prodest.
1377 993 1471 1028 Nam
1498 994 1668 1027 adversus
1685 992 1870 1026 stimulum
1891 991 2096 1029 calcitrare,
2124 994 2173 1021 est

1165 1046 1303 1080 lubrica
1320 1044 1389 1080 via.
1442 1044 1592 1078 Utinam
1611 1051 1729 1078 autem
1746 1044 1880 1088 possim
1895 1041 2084 1076 familiaris
2101 1052 2174 1073 esse

1165 1097 1291 1137 bonis,
1327 1103 1362 1129 et
1384 1097 1547 1130 canendo
1574 1096 1685 1129 vitam
1712 1095 1921 1140 transigere.
1988 1095 2061 1135 Vel,
2098 1092 2176 1125 Uti-

1166 1162 1251 1182 nam
1272 1148 1406 1193 possim
1427 1155 1461 1181 et
1479 1148 1668 1182 familiaris
1687 1160 1780 1189 esse,
1809 1154 1843 1181 et
1860 1148 2000 1192 placere
2019 1144 2137 1179 bonis.

1575 1250 1667 1292 ode
1694 1251 1772 1293 111.

1428 1329 1547 1361 Eidem
1573 1328 1764 1361 Hieroni
1791 1324 1923 1372 κέλητι.

1273 1406 1366 1450 (Str.
1393 1403 1442 1449 1.)
1479 1403 1647 1449 Optarim
1673 1401 1891 1443 Chironem,
1928 1402 1957 1437 si
1990 1402 2179 1446 proficeret

1170 1469 1363 1491 commune
1399 1462 1525 1490 votum
1562 1456 1707 1501 linguae
1749 1462 1914 1495 nostrae,
1964 1453 2178 1487 reviviscere

1170 1516 1377 1549 mortuum,
1414 1508 1529 1542 filium
1562 1508 1730 1547 Saturni,
1766 1513 1801 1540 et
1830 1518 1982 1551 regnare
2018 1505 2055 1538 in
2087 1505 2178 1537 valle

1169 1561 1261 1595 Pelii
1283 1567 1516 1600 centaurum,
1545 1561 1606 1594 sed
1626 1558 1835 1594 hominibus
1853 1558 2010 1592 amicum
2024 1585 2033 1598 ,
2062 1557 2178 1602 qualis

1171 1620 1268 1653 erat,
1298 1626 1377 1646 cum
1397 1612 1508 1646 filium
1529 1613 1696 1646 educavit
1714 1612 1891 1645 medicum
1911 1609 2179 1653 Aesculapium,

1171 1666 1272 1711 (Ant.
1294 1665 1344 1711 1.)
1370 1677 1476 1710 quem
1496 1662 1677 1710 Phlegyae
1701 1664 1772 1697 filia
1792 1663 1946 1697 Coronis
1965 1662 2177 1707 priusquam

1171 1719 1293 1751 ederet
1314 1716 1475 1750 Lucinae
1498 1717 1653 1757 auxilio,
1683 1728 1701 1750 a
1726 1715 1866 1749 Dianae
1891 1715 1969 1748 telis
1993 1714 2177 1747 interfecta

1172 1769 1276 1804 estin
1293 1767 1467 1803 thalamo.
1521 1767 1576 1802 lra
1598 1770 1693 1802 enim
1711 1768 1873 1801 Deorum
1889 1779 1964 1800 non
1982 1772 2033 1800 est
2049 1765 2179 1798 inanis,

1170 1822 1268 1854 Haec
1288 1827 1406 1854 autem
1428 1827 1662 1854 contemnens
1680 1820 1908 1864 Apollinem,
1936 1830 2058 1851 errore
2079 1828 2179 1849 men-

1170 1874 1216 1907 tis
1241 1873 1321 1907 aliis
1344 1873 1480 1917 nuptiis
1503 1873 1672 1911 assensit,
1700 1885 1779 1905 cum
1807 1872 1896 1904 clam
1922 1876 2026 1914 patre
2054 1880 2179 1901 conce-

1171 1925 1282 1969 pisset
1306 1931 1410 1958 antea
1439 1938 1479 1958 ex
1497 1922 1659 1958 Phoebo.
1715 1924 1794 1969 (Ep.
1814 1921 1864 1968 1.)
1889 1921 1936 1955 Et
1960 1934 2040 1955 cum
2066 1926 2178 1964 gesta-

1171 1983 1227 2010 ret
1257 1988 1389 2020 purum
1414 1976 1483 2010 Dei
1510 1989 1653 2015 semen,
1689 1987 1765 2008 non
1791 1974 1992 2019 expectavit
2015 1984 2177 2006 mensam

1172 2028 1394 2072 nuptialem,
1429 2040 1546 2074 neque
1574 2026 1813 2074 hymenaeos,
1848 2026 1940 2060 sicut
1964 2031 2180 2059 coaetaneae

1145 2124 1146 2130 ἵ
1172 2080 1329 2123 virgines
1351 2080 1563 2124 vespertinis
1580 2080 1810 2113 cantionibus
1827 2079 1975 2116 ludunt;
2002 2078 2064 2111 sed
2082 2087 2179 2109 ama-

1172 2133 1224 2165 vit
1247 2132 1476 2176 peregrinos,
1509 2132 1599 2166 sicut
1624 2131 1728 2164 multi
1754 2131 1902 2164 faciunt.
1971 2129 2035 2163 Est
2060 2134 2178 2161 autem

1172 2196 1283 2229 genus
1314 2181 1503 2216 hominum
1534 2183 1790 2223 vanissimum,
1825 2183 1922 2228 quod
1946 2188 2180 2214 contemnens

1173 2236 1389 2275 domestica,
1424 2235 1666 2280 circumspicit
1689 2234 1909 2280 longinqua,
1944 2239 2091 2266 ventosa
2119 2244 2179 2275 ap—

1172 2295 1296 2334 petens
1314 2287 1414 2320 inani
1432 2300 1506 2332 spe.

1277 2341 1369 2384 (Str.
1392 2340 1446 2385 2.)
1477 2338 1611 2372 Habuit
1635 2336 1728 2371 hanc
1753 2350 1921 2381 magnam
1948 2337 2089 2380 culpam
2116 2346 2179 2366 vo-

1171 2393 1290 2426 luntas
1306 2391 1511 2425 Coronidis.
1564 2391 1723 2425 Accessit
1739 2390 1834 2423 enim
1853 2391 1896 2422 ad
1912 2389 2040 2421 lectum
2058 2385 2177 2429 hospi-

1172 2445 1216 2478 tis
1238 2443 1416 2478 Arcadici.
1482 2442 1556 2477 Nee
1579 2444 1839 2487 speculatorem
1864 2441 1969 2473 latuit
1993 2437 2080 2472 hacc
2105 2449 2177 2473 res;

1172 2498 1233 2531 sed
1257 2496 1293 2528 in
1318 2493 1505 2540 Pythone,
1540 2494 1600 2528 ubi
1626 2496 1716 2528 fiunt
1742 2492 1933 2531 sacrificia,
1961 2491 2071 2524 sensit
2097 2486 2177 2527 hoc,

1172 2548 1375 2582 auscultans
1399 2547 1598 2581 rectissimo
1616 2546 1787 2580 familiari
1802 2557 1887 2585 suo,
1916 2549 2036 2575 mente
2053 2541 2175 2574 omnia

1171 2601 1325 2640 sciente,
1361 2612 1452 2645 quae
1481 2612 1556 2633 non
1579 2599 1714 2631 fallitur
1737 2595 1951 2630 mendaciis:
1991 2607 2055 2627 nec
2079 2592 2175 2625 Deus

1171 2666 1236 2687 nec
1253 2650 1365 2685 homo
1383 2652 1516 2696 decipit
1535 2664 1614 2685 eum
1632 2650 1733 2683 sactis
1755 2655 1816 2681 aut
1837 2647 2007 2681 consiliis.

1277 2704 1377 2750 (Ant.
1388 2705 1441 2750 2)
1466 2704 1511 2737 Et
1526 2710 1610 2737 tunc
1627 2712 1843 2743 cognoscens
1854 2697 2020 2733 Phoebus
2030 2693 2176 2739 lschyos

1171 2756 1338 2791 Arcadici
1355 2763 1520 2800 stuprum
1541 2761 1575 2788 et
1602 2754 1749 2791 dolum,
1785 2752 1883 2786 misit
1908 2762 2069 2786 sororem
2088 2747 2174 2780 Dia-
