2421 3005
76 102 151 138 593
400 99 488 136 XCI.

76 188 275 236 Querela
305 187 520 222 Herculis
557 187 801 221 continens
838 198 1074 221 enumcra-

151 241 328 274 tionem
358 252 512 274 rerum
542 240 721 284 abipso
750 246 995 284 gestarum.

125 309 202 345 Vss.
223 310 295 345 182
310 323 363 355 sq.
394 311 482 353 Eryo
498 320 557 352 eqo
575 308 768 352 foedantem
791 310 971 353 peregrino
987 320 1071 342 san-

381 362 484 404 ym'ne
505 361 627 404 templa
645 361 692 406 39)

187 414 340 446 Busirim
358 414 483 445 domui.

176 472 274 506 Haec
289 473 434 519 querela
453 478 595 517 sumpta
613 478 665 506 est
691 484 733 505 ex
751 468 951 516 Sophocle,
977 470 1071 514 apud

72 537 180 571 quem
198 524 234 557 in
251 522 457 558 Trachiniis
474 524 521 571 4⁰)
546 523 718 559 Hercules
736 523 985 568 magnitudine
1010 523 1072 555 do-

91 589 195 611 orum
214 576 373 618 eiulans,
400 578 527 611 eodem
547 577 671 617 modo,
699 588 770 622 quo
787 574 857 616 hic,
885 579 1073 609 enumerat

70 640 151 663 suas
169 640 225 662 res
241 635 368 673 gestas.
423 629 527 674 Quae
547 641 633 662 vero
659 629 702 661 de
727 626 898 662 monstris
920 627 964 660 ab
982 626 1072 659 Her-

68 680 147 714 cule
165 680 313 715 domitis
331 682 546 721 traduntur,
573 680 805 724 intelligenda
831 685 915 713 sunt
937 677 1071 723 partim

68 732 111 765 de
138 733 321 777 tyrannis,
353 733 486 777 partim
512 734 555 766 de
578 732 799 772 latronibus,
836 743 916 764 cum
941 729 1072 776 quibus

68 783 127 817 ille
144 783 383 828 belligeravit.

169 835 309 870 Busiris
328 842 362 869 et
377 835 537 870 Antaeus
553 837 700 870 fuerunt
718 845 819 878 reges
844 838 1011 878 potentes
1037 838 1072 865 et

66 887 249 928 crudeles,
277 900 433 934 quorum
459 888 549 921 alter
575 887 612 919 in
628 886 814 931 Aegypto,
842 885 933 918 alter
957 884 995 918 in
1011 883 1071 917 Li-

64 939 134 984 bya
150 940 382 984 tyrannidem
404 939 580 979 exercuit,
604 939 649 971 ob
667 950 776 984 quam
792 943 945 983 uterque
961 936 1069 970 etiam

65 991 110 1024 ab
128 990 282 1024 Hercule
299 991 498 1025 debellatus
517 997 552 1024 et
569 990 705 1024 occisus
733 995 801 1028 est;
837 989 931 1022 bella
959 988 1070 1028 enim,

62 1093 202 1127 minum
223 1093 337 1127 salute
354 1100 537 1138 suscepta,
566 1095 612 1127 ad
638 1093 868 1127 liberandum
894 1092 1020 1125 orbem
1048 1104 1067 1124 a

61 1145 255 1191 tyrannide
282 1151 316 1178 et
339 1145 544 1179 latrocinio.
592 1144 725 1178 Antaei
741 1143 908 1178 meminit
925 1144 1068 1178 Plutar-

61 1194 148 1231 chus
164 1196 203 1229 in
221 1196 294 1229 vita
313 1196 465 1230 Sertorii
480 1196 548 1244 ²²¹),
577 1208 618 1230 ac
637 1197 761 1237 tradit,
781 1196 856 1230 eius
873 1197 1028 1229 cadaver
1047 1208 1065 1228 a

61 1248 225 1283 Sertorio
244 1248 413 1283 effossum
436 1248 620 1292 sexaginta
639 1249 843 1282 cubitorum
862 1248 981 1282 fuisse.

163 1300 351 1346 Geryones
369 1300 534 1345 regnavit
552 1301 590 1333 in
613 1300 739 1334 insulis
758 1300 976 1345 Hispaniae,
1004 1299 1067 1333 ubi

60 1351 156 1384 fama
182 1358 235 1386 est
258 1358 398 1385 tantam
426 1352 551 1397 pabuli
574 1352 748 1385 laetitiam
774 1364 869 1392 esse,
901 1358 961 1391 ut,
996 1351 1067 1385 nisi

61 1402 277 1437 abstinentia
303 1404 524 1448 impediatur
546 1403 692 1448 sagina,
735 1416 865 1448 pecora
893 1415 1066 1448 rumpan-

61 1461 137 1488 tur:
166 1456 263 1489 unde
282 1455 390 1488 etiam
414 1461 579 1488 armenta
604 1455 679 1489 eius
701 1456 849 1489 fuerunt
872 1461 994 1488 tantae
1014 1455 1065 1488 sa-

60 1518 160 1548 mae‚
188 1513 229 1541 ut
251 1505 442 1541 Herculem
468 1519 509 1540 ex
525 1506 677 1541 Graecia
702 1508 858 1551 praedae
884 1506 1064 1551 magnitu-

61 1558 145 1592 dine
177 1558 367 1593 illexerint.
444 1557 474 1592 Is
504 1558 652 1603 fingitur
684 1559 867 1604 tricorpor
897 1556 1064 1592 habuisse

61 1616 134 1644 tres
159 1610 318 1651 animas,
346 1616 497 1655 propter
517 1617 588 1643 tres
611 1611 765 1651 insulas,
800 1610 967 1644 videlicet
993 1610 1062 1643 Ba-

60 1661 232 1694 learicam
249 1661 425 1695 maiorem
437 1688 447 1702 ‚
474 1661 654 1695 minorem
667 1688 677 1703 ,
705 1668 739 1695 et
756 1661 915 1696 Ebusam
928 1689 937 1702 ‚
974 1674 1063 1708 quas

61 1724 142 1746 cum
164 1712 337 1747 fratribus
358 1724 508 1747 concors
533 1713 660 1747 tenuit.
728 1713 845 1747 Erant
877 1714 974 1747 enim
1005 1713 1062 1759 (ut

58 1816 138 1857 dia,
166 1823 207 1850 ut
224 1823 314 1851 esset
329 1828 400 1850 una
420 1823 454 1850 et
475 1818 598 1850 eadem
619 1829 744 1850 eorum
765 1817 945 1851 voluntas.

55 1971 126 2006 sice
144 1971 192 2005 ita
219 1972 383 2017 exponit:
420 1972 553 2006 Poetae
580 1971 757 2020 (inquit),
793 1973 855 2018 qui
880 1973 987 2017 primi
1015 1974 1058 2006 de

55 2029 188 2057 natura
219 2036 342 2058 rerum
374 2036 440 2069 per
469 2025 710 2059 fabulationes
742 2025 845 2071 quasi
883 2026 1056 2071 quasdam

57 2075 246 2120 scripsere,
271 2075 378 2109 Petre
390 2075 539 2117 Bersabe,
558 2077 708 2111 tradunt
719 2076 926 2122 Geryonem
946 2089 1057 2123 quen-

57 2127 141 2160 dam
173 2133 386 2172 regnantem
415 2129 461 2161 ad
493 2128 730 2174 Hlspamcum
764 2128 951 2163 oceanum
985 2135 1056 2163 tres
1082 2143 1084 2181 ἶ
1110 2156 1191 2189 dem
1215 2155 1358 2189 fabulae
1382 2157 1425 2189 ad
1451 2154 1715 2201 physiologiam
1743 2156 1872 2197 refert,
1910 2156 2115 2201 intelligens

56 2178 216 2220 animas,
243 2179 312 2213 tria
331 2179 438 2213 etiam
457 2192 610 2225 corpora
627 2179 813 2222 habuisse,
840 2180 968 2228 hisque
993 2181 1057 2214 tri—

54 2281 186 2327 triplex
209 2282 319 2316 etiam
341 2283 484 2317 animae
508 2296 641 2328 genus,
683 2286 843 2320 mirificis
871 2283 927 2320 his
952 2285 1055 2320 dictis

55 2333 207 2368 innuere
231 2334 436 2370 voluerunt.
504 2335 691 2382 Siquidem
717 2350 829 2382 genus
860 2351 974 2373 unum
1004 2344 1055 2372 est

55 2386 237 2431 corporis,
266 2387 460 2428 arborum,
487 2385 756 2435 herbarumque
771 2390 976 2436 proprium,
1003 2390 1054 2424 id-

56 2449 125 2483 que
142 2450 162 2472 a
185 2439 412 2483 vegetatione
433 2440 581 2486 solaque
607 2442 769 2486 corporis
791 2443 903 2488 ipsius
927 2443 1054 2477 alimo-

54 2489 115 2523 nia
133 2496 240 2536 atque
256 2491 476 2525 enutritione
492 2493 690 2537 vegetabile
713 2494 847 2529 dictum
874 2502 944 2534 est;
978 2496 1054 2529 ani-

88 2614 137 2643 39)
163 2616 306 2647 sanquine
324 2618 444 2648 templa]
474 2618 515 2642 sic
540 2619 624 2644 Editt.
656 2620 745 2649 ¹555..
775 2621 866 2649 1559.:
893 2622 972 2647 ovid.
1001 2623 1049 2647 Ed.

124 2649 236 2676 Mitsch.
256 2652 361 2682 tempta
380 2659 494 2678 cruore.

89 2692 136 2724 40)
157 2694 283 2724 Sopliocl.
304 2696 429 2721 Trachin.
452 2697 645 2722 1046-1111,
668 2698 716 2725 Ed.
738 2699 857 2724 Brunck.

90 2737 137 2764 41)
157 2737 296 2763 Plutarch.
317 2738 374 2762 vita
393 2740 509 2763 Sertorii
529 2748 551 2765 c.
567 2742 591 2764 9.

57 2779 241 2811 alaram.
266 2782 373 2812 Orru.
400 2782 484 2813 Voi..
508 2783 597 2813 xlx.

550 99 837 136 ENARRATIO
873 99 1004 135 LIBRI
1030 99 1088 134 IX.

1097 875 1099 896 ε
1125 861 1304 894 nocitura.

1094 1271 1095 1275 ¹
1121 1287 1223 1309 suae:
1269 1275 1424 1320 indeque
1451 1274 1608 1309 sentiens
1633 1274 1754 1308 anima
1782 1282 1946 1310 vocatur.

1124 99 1606 134 METAMORPHOSEON
1643 99 1804 136 OVIDIl.
2056 102 2132 136 594

1128 199 1281 233 maeque
1310 184 1415 221 huius
1441 186 1538 219 aliud
1564 187 1721 220 officium
1749 194 1802 222 est
1824 186 1986 227 nullum,
2029 199 2131 232 prae-

1128 245 1294 285 terquam
1323 238 1502 272 educatio,
1554 236 1633 283 Ipsa
1653 239 1727 273 sola
1745 239 1812 272 soli
1835 239 1942 273 etiam
1968 236 2133 274 inhaeret

1129 290 1293 335 corpori,
1333 303 1451 336 neque
1478 296 1577 323 extra
1604 302 1640 324 se
1666 290 1860 336 quicquam
1887 298 2030 332 movet,
2064 292 2133 325 nisi

1129 349 1305 388 quantum
1321 355 1444 376 succos
1460 343 1555 388 ipsos
1567 368 1576 382 ‚
1605 354 1623 375 e
1641 342 1772 387 quibus
1790 348 1977 387 vegetatur
1989 369 1999 383 ‚
2027 344 2073 376 ad
2096 355 2133 377 se

1128 392 1259 433 trahit,
1288 392 1505 427 attrahendo
1523 394 1670 437 corpori
1697 393 1875 435 insinuat,
1910 393 1947 426 in
1973 395 2133 439 proceri-

1128 451 1312 492 tatemque
1337 446 1526 479 convertit.
1591 445 1797 479 Secundum
1827 445 1990 490 corporis
2024 453 2132 492 atque

1128 497 1271 530 animae
1287 510 1397 542 genus
1413 504 1478 538 est,
1501 497 1600 543 quod
1619 508 1638 530 a
1654 497 1842 532 sentiendo
1862 509 1998 530 nomen
2015 498 2132 536 duxit;

1126 561 1212 582 nam
1231 555 1266 583 et
1282 562 1413 594 corpus
1428 549 1546 593 ipsum
1565 555 1733 583 movetur
1747 562 1812 594 per
1829 550 1921 590 loca,
1947 555 1981 583 et
1998 549 2132 583 victum

1126 598 1185 634 hic
1204 608 1312 646 atque
1330 601 1403 634 illic
1419 601 1660 646 quaeritando
1682 601 1811 641 alitur;
1846 608 1881 635 et
1909 601 2030 634 anima
2055 601 2133 646 ipsa

1126 653 1305 693 videndo,
1349 653 1553 693 audiendo,
1597 653 1822 693 olfaciendo,
1863 654 2041 698 gustando
2083 653 2133 687 sic

1127 704 1301 745 afficitur,
1336 710 1376 737 ut
1401 716 1531 749 corpus
1556 704 1675 749 ipsum
1702 711 1866 747 moveat,
1896 705 2132 752 impellatque

1126 758 1172 791 ad
1195 768 1236 790 ea
1262 755 1417 791 exterius
1439 757 1667 802 quaerenda,
1710 769 1802 803 quae
1834 758 2024 802 profutura
2053 770 2132 792 sen-

1126 809 1211 850 tiat,
1249 814 1448 854 contraque
1464 808 1510 841 ad
1535 819 1576 840 ea
1600 808 1790 852 fugienda,
1823 822 1916 855 quae
1940 810 2132 844 videantur

1372 860 1499 906 Neque
1528 859 1625 892 enim
1660 860 1737 894 sine
1773 867 1877 894 motu
1912 874 1986 895 esse
2019 862 2131 907 ipsius

1126 925 1236 957 opera
1254 918 1372 957 potest
1387 912 1460 946 ulla
1474 938 1483 951 ,
1512 918 1573 945 aut
1590 918 1710 946 motus
1729 912 1859 957 aliquis
1878 925 1943 957 per
1957 913 2033 947 loca
2054 926 2131 947 cor-

1125 977 1256 1009 poreus
1274 976 1314 997 ac
1334 977 1419 998 suus
1446 963 1581 1009 absque
1605 976 1723 998 sensu.
1784 963 1882 997 Haec
1904 964 1981 1009 ipsa
2008 965 2128 998 anima

64 1053 157 1088 quae
172 1042 344 1076 Hercules
369 1042 496 1086 gessit,
529 1042 677 1075 fuerunt
701 1053 768 1086 pro
794 1040 981 1074 communi
1004 1038 1069 1073 ho·
1095 1033 1097 1062 }
1125 1016 1261 1050 viribus
1295 1013 1350 1050 his
1381 1015 1454 1050 suis
1478 1028 1562 1056 usa,
1598 1027 1663 1060 per
1688 1016 1823 1057 visum,
1862 1028 1928 1060 per
1951 1018 2130 1058 auditum,

1124 1066 1188 1113 per
1207 1068 1375 1102 olfactum
1390 1094 1398 1109 ‚
1425 1073 1524 1100 extra
1544 1079 1673 1111 corpus
1692 1067 1810 1112 ipsum
1833 1080 1948 1112 paene
1975 1081 2129 1113 egressa,

1123 1132 1183 1160 ea,
1228 1132 1319 1166 quae
1347 1119 1565 1153 extrinsecus
1588 1119 1704 1164 posita
1732 1125 1833 1159 sunt,
1876 1120 2020 1154 videtur
2047 1133 2127 1156 sen·

1123 1171 1189 1205 tire
1203 1198 1211 1212 ‚
1240 1178 1347 1217 atque
1364 1171 1412 1204 ita
1432 1171 1577 1216 quidem
1596 1171 1729 1205 sentire
1742 1197 1751 1211 ‚
1774 1177 1814 1205 ut
1829 1171 2012 1213 diiudicet,
2041 1173 2129 1219 quid

1122 1236 1163 1257 ex
1181 1223 1250 1256 illis
1274 1223 1505 1268 profuturum
1534 1229 1642 1268 atque
1668 1223 1876 1256 obfuturum
1903 1230 2054 1258 naturae
2082 1225 2128 1258 sit

2007 1275 2127 1322 Atque

1121 1325 1210 1360 haec
1230 1327 1376 1372 quidem
1396 1326 1559 1371 corporis
1576 1333 1609 1360 et
1637 1326 1781 1359 animae
1808 1328 1880 1360 duo
1905 1339 2036 1372 genera
2062 1340 2111 1361 na

1121 1378 1286 1412 turaliter
1302 1378 1445 1412 servilia
1465 1384 1568 1418 sunt,
1597 1379 1777 1424 tertioque
1796 1378 1868 1419 illi,
1897 1380 1996 1424 quod
2015 1379 2127 1413 ratio-

1119 1431 1201 1463 nale
1227 1443 1338 1475 genus
1365 1436 1436 1470 est,
1469 1430 1612 1463 animae
1640 1431 1825 1464 obediunt.
1896 1430 1974 1464 Hoc
2003 1438 2124 1465 autem

1120 1482 1238 1526 ipsum
1257 1482 1446 1516 rationalis
1463 1482 1608 1515 animae
1627 1495 1758 1525 genus,
1787 1489 1965 1529 quantum
1986 1495 2006 1516 a
2022 1495 2124 1528 vege-

1119 1540 1217 1567 tante
1234 1541 1342 1579 atque
1358 1533 1534 1568 sentiente
1560 1534 1694 1567 recedit
1721 1534 1864 1574 anima,
1901 1540 2041 1568 tantum
2067 1548 2124 1569 su-

1117 1585 1255 1630 periori
1279 1585 1332 1618 illi
1354 1592 1507 1619 naturae
1532 1592 1595 1619 aut
1619 1585 1739 1630 potius
1766 1586 1822 1630 (ut
1846 1598 1942 1620 nunc
1968 1586 2123 1632 loquun-

1117 1638 1193 1683 tur)
1213 1637 1411 1678 essentiae,
1440 1649 1531 1683 quae
1557 1637 1681 1671 divina
1707 1637 1859 1678 dicitur,
1895 1650 1969 1673 sese
1995 1638 2124 1672 adiun»

1116 1690 1167 1734 git
1190 1696 1299 1735 atque
1324 1686 1551 1723 inhaerescit.
1606 1688 1788 1734 Quocirca
1812 1689 1910 1723 aliud
1936 1691 2122 1736 quoddam

59 1762 216 1799 lustinus
233 1764 373 1811 scribit)
389 1771 459 1799 tres
475 1765 604 1799 fratres
619 1771 719 1798 tanta
736 1765 830 1799 inter
849 1778 885 1799 se
914 1777 1061 1798 concor·
1087 1761 1089 1776 ⁵
1116 1753 1247 1785 corpus
1266 1739 1350 1774 hmo
1368 1741 1558 1775 mnonahs
1582 1752 1726 1774 ammae
1753 1741 1875 1785 generi
1899 1742 2121 1781 attribuitur'

1115 1799 1191 1826 tum
1216 1793 1351 1837 figura,
1391 1798 1466 1826 tum
1491 1792 1755 1836 temperatione
1782 1792 1985 1834 diversum,
2029 1800 2068 1827 ut
2091 1794 2122 1828 si

161 1867 370 1903 Iovinianus
386 1868 574 1902 Poma-nus
590 1868 628 1901 in
647 1868 836 1913 prooemio
854 1869 936 1902 libri
953 1869 1059 1912 septi·
1086 1848 1088 1859 ¹
1115 1850 1147 1877 et
1166 1850 1350 1889 vegetetur
1367 1850 1401 1877 et
1418 1844 1654 1878 sentientibus
1671 1850 1794 1877 utatur
1815 1844 1972 1886 viribus,
2008 1845 2120 1880 veluti

59 1918 110 1952 mi
132 1920 176 1954 de
201 1920 308 1954 rebus
333 1920 564 1961 coelestibus,
590 1921 749 1953 fabulam
771 1921 951 1966 Geryonis
970 1919 1059 1965 phy-
1085 1926 1087 1937 ¹

1115 1908 1155 1930 ea
1172 1908 1326 1940 corpora
1338 1923 1347 1936 ‚
1372 1907 1463 1941 quae
1481 1909 1561 1929 cum
1581 1895 1792 1940 vegetabilia
1805 1922 1814 1936 ‚
1844 1902 1918 1929 tum
1936 1897 2119 1931 sensibilia

1113 1948 1206 1981 dicta
1224 1954 1326 1989 sunt,
1355 1953 1477 1981 tamen
1495 1948 1566 1981 alio
1585 1949 1744 1994 quodam
1764 1948 1895 1989 modo,
1931 1954 1966 1981 et
1988 1949 2119 1994 figura-

1084 2018 1086 2027 r
1112 2000 1232 2040 tione,
1260 2006 1295 2033 et
1312 2000 1561 2034 membrorum
1582 2000 1839 2044 dispositione,
1868 2006 1902 2033 et
1919 1997 2115 2035 humorum

1111 2052 1303 2097 praecipue
1322 2052 1585 2097 temperatione
1604 2052 1774 2101 affectum
1789 2057 1842 2086 est
1858 2058 1923 2086 etc.

1213 2103 1387 2138 Similiter
1409 2104 1559 2138 Hesiodi
1584 2104 1762 2148 interpres
1786 2103 1997 2149 allegoriam
2025 2104 2116 2139 eius-

1081 2211 1083 2244 }
1108 2207 1256 2242 nomine
1280 2207 1445 2242 Herculis
1471 2208 1604 2248 solem,
1634 2214 1827 2253 propterea
1852 2209 1950 2254 quod
1973 2208 2003 2243 is
2032 2221 2115 2243 vere

54 2230 122 2265 bus
137 2231 245 2265 fulsse
263 2243 387 2265 usum:
416 2244 588 2266 nimlrum
608 2234 738 2278 triplex
753 2246 916 2279 corporis
933 2245 1055 2278 genus,
1080 2245 1083 2286 Ξ
1108 2259 1153 2293 sit
1170 2258 1339 2301 Iunonis,
1367 2258 1436 2294 hoc
1451 2266 1524 2301 est,
1553 2260 1646 2295 Miris
1664 2260 1827 2307 coelique
1848 2260 1956 2295 decus
1982 2266 2017 2294 et
2040 2261 2114 2305 glo-

1107 2312 1181 2350 ria;
1211 2318 1245 2345 et
1269 2312 1449 2357 Geryonis
1466 2313 1637 2352 nomine,
1671 2310 1838 2358 hyemem
1861 2325 1879 2345 a
1906 2313 2020 2346 verbo
2042 2325 2112 2360 γη-

1108 2360 1209 2412 ρύω,
1235 2365 1332 2409 quod
1352 2370 1422 2405 est,
1450 2364 1587 2404 clamo,
1612 2371 1760 2409 propter
1785 2362 1938 2410 hyberni
1961 2371 2101 2408 tempo-

1108 2416 1156 2450 ris
1176 2416 1278 2461 quasi
1297 2416 1491 2450 clamorem
1510 2428 1573 2450 seu
1589 2417 1783 2450 tumultum
1797 2443 1806 2457 ,
1833 2428 1940 2461 quem
1961 2417 2014 2449 sol
2033 2415 2115 2448 vin·

1108 2468 1155 2501 cit
1184 2474 1219 2501 et
1237 2467 1399 2512 {perimit
1435 2480 1453 2500 a
1486 2468 1643 2501 brumali
1671 2468 1811 2512 tropico
1842 2479 2035 2501 conversus
2065 2467 2113 2501 ad

1108 2519 1377 2565 aequinoctium
1395 2532 1560 2554 vernum.
1596 2520 1667 2553 Per
1683 2521 1793 2553 hoves
1810 2525 1929 2552 autem
1947 2519 2110 2564 Geryoni

1109 2579 1252 2616 ereptos
1263 2599 1272 2612 ‚
1300 2572 1467 2617 intelligit
1484 2572 1643 2605 tonitrua
1661 2573 1706 2605 oh
1721 2571 1995 2605 similitudinem
2010 2571 2109 2605 soni:

1109 2630 1300 2669 propterea
1326 2625 1423 2669 quod
1441 2636 1480 2656 ea
1500 2625 1589 2656 fiant
1609 2623 1724 2657 occiso
1742 2622 1930 2667 Geryone,
1959 2621 2028 2657 hoc
2045 2630 2109 2662 est,

1109 2676 1208 2709 finita
1226 2674 1367 2721 hyeme.
1427 2676 1496 2710 Sed
1524 2673 1612 2708 haec
1633 2674 1802 2720 allegoria
1830 2674 1971 2709 videtur
1996 2674 2108 2720 petita

1109 2728 1261 2772 longius.

1539 2779 1586 2812 38
